3900 6042
535 468 1571 608 HERODORUS
1657 470 2968 608 HERACLEENSIS.

260 968 605 1035 Herodorus,
653 965 682 1021 δ
707 959 1105 1041 Ἡρακλεώτης,
1153 963 1181 1017 ὁ
1208 957 1516 1037 μυθολόγος,
1564 962 1594 1019 ὁ
1616 964 1710 1018 τοῦ

190 1052 439 1133 Βρύσωνος
463 1054 556 1109 τοῦ
600 1053 844 1127 σοφιστοῦ
879 1046 1075 1125 πατήρ.
1116 1052 1200 1104 Ita
1236 1050 1560 1103 Aristoteles
1603 1048 1714 1123 (fr.

116 1152 131 1167 “
197 1162 275 1209 ι2,
300 1161 386 1213 11,
427 1142 540 1215 ιο).
568 1141 785 1211 Bryson
811 1136 875 1213 (“)
911 1137 1291 1192 Heracleensis
1317 1154 1446 1190 cum
1481 1137 1724 1191 Socratis

191 1228 454 1301 discipulis
504 1227 797 1298 Aristippo
837 1234 895 1279 et
921 1223 1248 1278 Antisthene
1302 1224 1665 1295 componitur
1690 1242 1723 1279 a

188 1315 536 1386 'Theopompo
554 1310 711 1385 apud
733 1311 1066 1366 Athenaeum
1085 1308 1170 1363 XI
1185 1351 1203 1381 ,
1224 1326 1285 1381 p.
1307 1305 1440 1378 508,
1459 1311 1511 1364 D
1544 1329 1558 1362 ε
1585 1304 1721 1367 Oui·

188 1421 369 1472 πομπος
396 1403 424 1458 ὁ
459 1400 591 1464 Χῖος
616 1400 671 1456 ἐν
700 1400 775 1475 τῷ
808 1395 946 1453 κατὰ
970 1399 1065 1465 τῆς
1107 1394 1391 1459 Πλάτωνος
1427 1394 1724 1473 διατριὸἢς,

189 1516 207 1537 ·
226 1484 349 1550 Τοὺς
364 1483 612 1555 πολλοὺς,
634 1484 783 1564 φησὶ,
806 1487 911 1541 τῶν
929 1480 1183 1555 διαλόγων
1201 1482 1358 1539 αὐτοῦ
1377 1480 1614 1559 ἀχρείους
1634 1480 1726 1538 καὶ

188 1574 365 1652 ψευδεῖς
402 1571 465 1630 ἄν
493 1594 577 1638 τις
605 1569 775 1648 εὖροι·
816 1566 1121 1647 ἀλλοτρίους
1153 1565 1207 1624 δὲ
1234 1564 1352 1632 τοὺς
1378 1565 1612 1637 πλείους,
1651 1565 1727 1624 ὄν·

185 1683 263 1725 τας
285 1663 342 1717 ἐκ
379 1663 483 1717 τῶν
514 1657 858 1736 Ἀριστίππου
894 1652 1193 1732 διατριὸῶν,
1221 1653 1383 1720 ἐνίους
1407 1655 1463 1712 δὲ
1488 1657 1590 1711 κάκ
1623 1657 1725 1711 τῶν

188 1746 509 1811 Ἀντισθένους
526 1788 547 1817 ,
570 1742 793 1807 πολλοὺς
824 1741 877 1799 δὲ
893 1746 999 1799 κάκ
1016 1744 1121 1797 τῶν
1146 1737 1420 1819 Βρύσωνος
1439 1745 1531 1797 τοῦ
1560 1739 1725 1820 Ἡρα·

185 1833 402 1892 ιλιώτου.
444 1858 472 1884 ν
502 1836 690 1909 Igitur
718 1832 1047 1888 Herodorus
1065 1831 1289 1903 aequalis
1317 1829 1423 1884 suit
1457 1831 1720 1888 Socratis.

187 1924 529 1978 Accuratiora
550 1921 667 1976 dici
691 1930 1002 1992 nequeunt.
1027 1917 1242 1989 Quodsi
1271 1935 1339 1971 ex
1370 1917 1562 1973 indole
1582 1936 1727 1990 ope-

186 2030 291 2065 rum
323 2010 711 2080 conjecturam
737 2007 921 2061 facere
950 2007 1173 2072 liceret,
1206 2004 1571 2060 Herodorum
1598 2016 1727 2078 post

187 2097 547 2169 Pherecydem
578 2107 636 2149 et
663 2095 1015 2150 Hellanicum
1036 2092 1314 2165 scripsisse
1337 2091 1571 2147 diceres.
1592 2094 1727 2147 Ete-

186 2186 283 2238 nim
307 2183 437 2238 dum
464 2183 525 2236 hi
574 2192 671 2236 aut
698 2197 923 2235 omnem
961 2180 1292 2235 Graecorum
1316 2177 1727 2252 mythologiam

188 2282 265 2323 aut
295 2270 530 2324 civitatis
573 2266 807 2338 alicujus
831 2285 921 2320 res
946 2265 1018 2320 ad
1055 2283 1242 2320 coaeva
1266 2282 1444 2337 usque
1472 2274 1727 2337 tempora

187 2357 349 2428 paucis
368 2355 645 2430 persequi
688 2355 901 2421 solent,
932 2352 1266 2407 Herodorus
1306 2352 1485 2405 mixto
1522 2369 1727 2424 genere

186 2443 394 2514 singulas
414 2440 698 2515 quasdam
718 2438 932 2494 fabulas
958 2456 1087 2493 cum
1109 2439 1301 2510 patriae
1325 2437 1556 2491 historia
1576 2448 1727 2494 arcte

187 2528 480 2599 conjunctas
517 2537 583 2582 et
615 2526 902 2581 uberrime
934 2527 1191 2598 exposuit
1225 2526 1409 2593 etita,
1437 2534 1501 2577 ut
1525 2535 1729 2597 praeter

186 2634 349 2671 rerum
369 2624 768 2671 enarratorem
790 2614 967 2668 etiam.
976 2614 1163 2667 virum
1188 2611 1555 2685 philosophiae
1587 2613 1727 2667 alia-

186 2721 396 2776 rumque
415 2702 791 2759 scientiarum
820 2699 1124 2773 disciplinis
1153 2699 1434 2753 imbutum
1452 2716 1511 2753 se
1539 2709 1730 2753 osten-

186 2791 336 2847 deret.
385 2788 502 2846 Sed
538 2790 669 2844 haec
711 2787 853 2841 nihil
886 2788 995 2842 nisi
1032 2787 1143 2842 hoc
1177 2787 1423 2860 probare
1458 2786 1597 2840 mihi
1640 2788 1731 2840 vi-

186 2877 383 2947 dentur,
402 2877 615 2933 iisdem
636 2875 981 2948 temporibus
998 2873 1213 2929 diversa
1230 2875 1398 2947 plane
1421 2872 1727 2929 scribendae

186 2964 397 3020 historia:
414 2981 637 3040 genera
651 2963 839 3016 locum
852 2961 1127 3030 habuisse,
1146 2962 1384 3016 alterum
1403 2978 1729 3017 evanescens

179 3053 310 3122 juxta
336 3054 590 3108 alterum
600 3049 717 3122 jam
735 3050 981 3123 primum
1000 3046 1373 3104 efflorescens.

246 3141 418 3214 Opera
440 3157 585 3213 (χιιι
613 3137 769 3192 nulla
787 3135 1138 3191 dubitatione
1151 3135 1411 3210 assignari
1425 3134 1727 3190 Herodoro

183 3230 392 3298 possint,
421 3226 716 3282 babemus
742 3223 881 3278 duo.
905 3224 1185 3291 Primum,
1216 3240 1333 3295 quo
1360 3240 1452 3278 res
1472 3224 1730 3279 Herculis

183 3327 354 3370 auctor
376 3314 673 3379 narravit,
708 3312 1037 3384 inscriptum
1059 3320 1181 3365 erat
1222 3305 1292 3366 Ὁ
1320 3307 1434 3366 καθ’
1462 3306 1727 3391 ᾜρακλέα

182 3398 310 3475 λόγος
338 3397 656 3475 (··).1.ibri
698 3396 815 3468 ejus
849 3396 1152 3451 laudantur
1186 3397 1414 3468 quintus
1444 3393 1551 3469 (fr.
1588 3394 1654 3449 18
1675 3395 1725 3470 ),

185 3488 407 3544 decimus
441 3486 565 3565 (fr.
615 3484 753 3558 20),
784 3483 1038 3539 decimus
1078 3485 1345 3557 septimus
1373 3482 1478 3556 (fr.
1525 3482 1648 3557 31),
1672 3485 1731 3537 in

184 3594 282 3648 qno
322 3577 473 3631 inter
514 3573 624 3628 alia
654 3571 727 3626 de
762 3589 945 3644 puero
996 3589 1180 3626 sermo
1216 3580 1363 3637 erat,
1411 3588 1579 3642 quam
1606 3571 1732 3625 tali-

186 3672 260 3716 tro
282 3663 564 3718 Hercules
590 3658 883 3714 occiderit.
906 3658 1073 3713 Unde
1093 3657 1356 3729 conjicias
1384 3667 1563 3712 totum
1585 3675 1728 3730 opus

185 3748 469 3805 constitisse
525 3747 686 3801 libris
722 3746 949 3801 circiter
990 3744 1209 3819 viginti.
1256 3772 1331 3785 —
1365 3743 1622 3798 Alterum
1658 3743 1730 3798 de

186 3837 512 3911 Argonautis
544 3844 664 3889 erat
682 3874 698 3901 ,
743 3831 903 3906 quod
946 3834 1082 3887 item
1130 3831 1463 3903 inscriptum
1503 3830 1671 3886 fuerit
1703 3832 1731 3885 ὁ

186 3918 303 3977 κατὰ
327 3918 445 3987 τοὺς
500 3914 851 3996 Ἀργοναύτας
871 3914 1054 3992 λόγος,
1094 3935 1435 3990 quamquam
1474 3918 1519 3971 is
1543 3918 1733 3972 titulus

188 4028 439 4082 nusquam
475 4006 735 4062 occurrit
765 4025 780 4060 ε
829 4004 1133 4060 laudantur
1166 4004 1342 4059 modo
1363 4002 1730 4081 Ἀργοναυτικά

192 4094 291 4168 (fr.
322 4103 419 4165 40,
454 4101 562 4163 44,
592 4092 665 4159 45
686 4092 739 4169 ),
768 4091 946 4147 modo
969 4089 1307 4167 Ἀργοναῦται
1331 4089 1434 4165 (fr.
1467 4097 1563 4160 42,
1597 4090 1725 4165 56).

188 4184 440 4263 lffraeterea
466 4183 680 4238 citatur
722 4179 1056 4236 Herodorus
1076 4180 1165 4234 vel
1191 4175 1471 4257 Ἡρόδοτος
1494 4179 1545 4235 ἰν
1570 4176 1723 4236 Οἰδί-

187 4269 394 4342 ποὸιειρ.
424 4268 613 4325 schol.
640 4267 805 4322 Pind.
831 4267 905 4322 ad
926 4268 1089 4323 Nem.
1112 4268 1216 4333 111,
1241 4265 1313 4321 25
1338 4266 1441 4338 (fr.
1475 4266 1568 4340 6),
1599 4277 1656 4321 et
1678 4265 1729 4321 ἰν

188 4353 439 4433 Πελοπίᾳ
463 4373 563 4428 ap.
590 4352 833 4409 eundem
858 4352 932 4408 ad
951 4349 1119 4426 Pyth.
1148 4353 1255 4420 XI,
1279 4350 1376 4425 25(
1395 4353 1464 4406 fr.
1489 4354 1557 4407 61
1584 4352 1626 4427 ).
1651 4355 1731 4407 Ac

189 4441 373 4499 dixisse
391 4440 767 4499 Herodorum
792 4440 869 4495 de
894 4438 1095 4495 fabulis
1113 4439 1390 4495 Thebanis
1427 4451 1481 4494 et
1514 4440 1734 4514 Argivis

242 4606 299 4664 (')
332 4602 565 4666 njmdem
582 4603 807 4665 Brysonis
823 4600 1042 4651 meminit
1076 4602 1271 4651 aristot.
1298 4601 1496 4652 Elench.
1518 4605 1727 4666 Sophist.

188 4686 225 4720 c.
250 4680 329 4734 ιι,
346 4671 378 4735 ς
405 4680 485 4733 ιι,
508 4672 673 4734 ibique
701 4671 967 4721 Alexander
982 4670 1233 4734 Apin-odis.
1257 4684 1303 4733 p.
1324 4676 1403 4733 25,
1421 4674 1477 4733 B,
1496 4675 1547 4721 et
1565 4679 1643 4735 3ο,
1672 4680 1730 4735 Α,

188 4744 245 4803 Β,
268 4744 462 4793 Aristot.
486 4742 676 4804 analyt.
698 4743 881 4791 posta.
899 4744 950 4803 1,
977 4746 1037 4801 9,
1060 4741 1223 4803 ibique
1245 4741 1538 4804 Philoponus
1560 4756 1611 4805 p.
1645 4751 1732 4803 26,

190 4811 238 4869 Β,
252 4814 299 4860 et
317 4818 405 4873 ⁸⁸3
426 4813 624 4863 Aristot-
646 4811 843 4862 libetur,
867 4814 934 4861 ΙΙΙ
949 4848 965 4874 ,
995 4818 1023 4861 2
1037 4848 1051 4873 ‚
1073 4814 1101 4859 4
1115 4846 1128 4865 .
1149 4811 1311 4873 ibique
1332 4813 1484 4862 schol.
1507 4816 1735 4877 Stephani

188 4880 462 4931 inmmeri
494 4880 671 4931 anecd.
716 4881 864 4932 Paris.
898 4884 974 4943 Π,
1009 4894 1061 4945 p.
1097 4884 1217 4941 ³04,
1253 4886 1300 4930 8.
1338 4883 1482 4931 Plura
1517 4884 1628 4934 vide
1653 4898 1731 4947 ap.

187 4951 545 5013 sehvetghoens.
570 4950 634 5000 ad
660 4951 830 5001 Athen.
858 4952 892 5001 Ι.
921 4952 951 5000 Ι.
978 4953 1098 5001 tom.
1118 4953 1272 5014 V1,p.
1295 4957 1385 5001 ³28
1408 4966 1515 5014 sqq.

243 5020 329 5083 ('*)
360 5022 469 5083 Ἤρ.
496 5021 543 5069 ἐν
578 5019 615 5068 ε’
645 5025 732 5069 τοῦ
759 5020 863 5070 καθ’
893 5022 1128 5085 Ἡρακλέα
1148 5021 1318 5083 λόγου,
1352 5022 1513 5072 schot.
1539 5025 1732 5076 Hesiod.

190 5088 276 5144 (fr.
318 5092 446 5149 19);
473 5089 568 5151 Ἤρ.
607 5088 656 5137 ἐν
695 5089 888 5151 βιὸλίοις
918 5092 1021 5153 περὶ
1046 5096 1132 5140 τοῦ
1168 5093 1271 5140 καθ’
1300 5093 1531 5154 Ἡρακλέα
1566 5094 1733 5156 λόγου,

188 5158 366 5208 Tasun.
397 5159 487 5219 (fr.
512 5161 592 5218 10)
609 5176 626 5219 ;
646 5159 751 5221 Ἤρ.
768 5160 815 5207 ἐν
839 5162 990 5214 ιζ’τοῢ
1007 5163 1109 5211 καθ’
1127 5163 1360 5226 Ἡρακλέα
1373 5164 1540 5225 λόγου,
1566 5167 1733 5217 Alben-

194 5226 268 5285 (st.
299 5230 406 5289 31);
440 5229 532 5276 ἔνι’
556 5233 653 5277 τῶν
678 5230 1029 5292 καθ’ῚΙρακλέα
1047 5233 1270 5295 stephan.
1298 5232 1315 5295 (
1332 5236 1386 5282 fr.
1419 5240 1514 5293 20).

1810 974 2026 1019 constat
2038 962 2284 1033 aliunde3
2297 963 2394 1019 sed
2409 964 2619 1019 numid
2633 964 2827 1020 fecerit
2845 967 2904 1020 in
2919 969 3252 1041 amplissimo
3274 973 3374 1027 illo

1814 1050 1886 1106 de
1931 1052 2100 1105 rebus
2137 1052 2395 1107 Herculis
2422 1070 2595 1125 opere
2612 1093 2628 1119 ‚
2655 1052 3095 1126 digressionibus
3120 1056 3328 1112 referto
3346 1100 3362 1126 ,

1813 1157 1884 1192 an
1907 1139 2285 1210 peculiaribus
2309 1138 2539 1205 libellis,
2569 1136 2796 1193 difficile
2824 1139 2982 1195 dictu
3001 1153 3102 1197 est.
3137 1145 3369 1200 Pericu—

1814 1222 1933 1277 lum'
1958 1226 2124 1279 etiam
2153 1243 2223 1279 ne
2255 1224 2553 1279 Herodoro
2593 1236 2785 1280 nostro
2814 1246 2939 1299 quae
2967 1229 3148 1285 aliena
3187 1231 3260 1286 ab
3292 1252 3362 1286 eo

1811 1322 1938 1365 sunt
1969 1310 2353 1366 obtrudamus
2387 1314 2636 1367 Primum
2664 1314 2813 1367 enim
2858 1333 3036 1387 quum
3076 1313 3370 1395 Ἡρόδωρος

1812 1416 2196 1471 saepenumero
2216 1399 2419 1454 abierit
2437 1401 2495 1452 in
2521 1396 2816 1476 Ἡρόδοτος,
2851 1402 3014 1458 facile
3036 1404 3372 1463 adducimur

1813 1494 1875 1537 ut
1894 1504 2245 1557 quaecunque
2272 1485 2423 1559 apud
2449 1486 2802 1563 Herodotum
2841 1489 3371 1549 Halicarnassensem

1815 1590 1932 1624 non
1961 1572 2241 1644 leguntur,
2268 1589 2334 1626 ea
2363 1570 2646 1626 Herodori
2670 1591 2783 1627 esse
2805 1585 3084 1646 putemus.
3110 1581 3372 1635 Attamen

1814 1659 2004 1730 plures
2048 1658 2276 1713 fuerunt
2320 1659 2628 1725 Herodoti,
2688 1677 2933 1732 quorum
2989 1680 3163 1731 unus,
3233 1668 3373 1722 Olo-

1815 1743 2057 1815 phyxius
2072 1784 2088 1811 ,
2120 1742 2192 1798 de
2215 1743 2322 1798 diis
2342 1754 2396 1798 et
2419 1743 2699 1799 sacrificiis
2724 1746 2999 1818 scripsisse
3017 1750 3365 1820 perhibetur.

1816 1830 2035 1885 Deinde
2061 1846 2198 1884 vero
2226 1849 2257 1885 a
2284 1842 2477 1885 nostro
2506 1830 2658 1885 haud
2699 1831 2874 1887 dubie
2901 1832 3154 1890 diversus
3175 1838 3374 1895 lauda-—

1817 1925 1910 1969 tur
1938 1916 2092 1988 apud
2119 1916 2592 1988 olympiodorum
2631 1919 2690 1972 in
2718 1920 2860 1973 Hist.
2907 1922 3037 1992 Byz.
3078 1940 3170 1995 ap.
3203 1924 3365 1981 Phot.

1816 2002 1947 2057 cod.
1979 2003 2073 2072 80,
2105 2022 2162 2076 p.
2191 2003 2258 2057 61
2295 2004 2466 2058 Bekk.
2490 2003 2681 2078 (Corp.
2716 2007 2946 2079 Scriptt.
2979 2009 3110 2080 Byz.
3137 2020 3275 2065 tom.
3308 2016 3369 2083 1,

1816 2108 1875 2162 p.
1902 2089 2056 2165 463)
2088 2109 2102 2143 z
2129 2087 2345 2159 Ταύτην
2378 2088 2577 2163 (Oasin
2610 2090 2870 2167 AEgypti)
2902 2092 3056 2149 καλεῖ
3095 2092 3373 2173 Ἡρόδοτος

1818 2175 2070 2253 μακάρων
2120 2174 2335 2249 νήσους,
2366 2173 2658 2255 Ἡρόδωρος
2703 2176 2756 2236 δὲ
2798 2182 2827 2236 ὁ
2853 2177 2949 2249 τὴν
2995 2179 3229 2262 Ὀρφέως
3277 2187 3367 2244 καὶ

1818 2262 2088 2321 Μουσαίου
2148 2261 2453 2342 συγγράψας
2517 2263 2749 2342 ἱστορίαν
2767 2310 2783 2335 ,
2832 2267 3106 2325 Φαιακίδα
3176 2271 3373 2344 ταύτην

1815 2352 1967 2407 καλεῖ
2020 2351 2196 2426 (vide
2237 2352 2483 2408 Lobeck.
2515 2355 2789 2428 Aglaoph.
2826 2374 2886 2428 p.
2932 2356 3102 2431 338)
3141 2362 3286 2416 Num
3325 2367 3370 2419 is

1814 2441 2207 2514 grarmnaticus
2229 2440 2322 2494 ille
2343 2450 2401 2495 et
2424 2440 2882 2515 glossographus,
2914 2462 3084 2516 quem
3106 2466 3218 2503 una
3239 2468 3370 2507 cum

1818 2528 2037 2599 Apione
2070 2528 2267 2599 saepius
2294 2538 2571 2582 memorat
2621 2529 2940 2584 Eustathius
2976 2542 3033 2585 et
3074 2534 3249 2590 schol.
3299 2540 3374 2594 ad

1818 2614 2168 2669 Homerum?
2192 2613 2302 2669 Sed
2325 2615 2492 2669 etiam
2515 2614 2588 2669 de
2609 2616 2718 2671 hoc
2745 2635 2946 2691 magna
2973 2618 3250 2678 dubitatio
3269 2639 3370 2682 est.

1817 2702 1978 2757 Certe
2005 2701 2396 2756 Valckenarius
2418 2700 2651 2775 (Opusc.
2683 2704 2827 2776 11,p.
2859 2702 2996 2779 151)
3019 2718 3076 2760 et
3095 2720 3225 2780 post
3242 2730 3371 2769 eum

1816 2789 2149 2844 Ritschelius
2194 2787 2211 2859 (
2239 2788 2421 2845 Ueber
2475 2790 2531 2845 d.
2589 2789 2738 2845 Bibl.
2793 2792 3103 2851 Alexandr.
3155 2814 3216 2869 p.
3264 2800 3371 2866 143

1815 2894 1967 2949 sqq.‚
1991 2874 2091 2929 ubi
2131 2874 2262 2930 vide
2289 2876 2448 2930 locos
2480 2875 2654 2951 vett.)
2683 2895 2794 2950 pro
2822 2880 3108 2934 Herodoto
3130 2901 3225 2956 ap.
3254 2887 3372 2942 Eu.

1816 2961 2078 3016 stathium
2120 2962 2332 3035 ubique
2392 2962 2786 3036 reponendum
2840 2984 2956 3021 esse
3008 2969 3372 3030 Heliodorum

1814 3057 2064 3103 statuunt
2082 3047 2392 3103 admodum
2418 3049 2812 3123 probabiliter.

1896 3136 2129 3204 Fontes,
2164 3155 2231 3191 ex
2270 3136 2475 3208 quibus
2524 3136 2857 3193 Herodorus
2894 3139 3209 3201 uberrimas
3253 3166 3377 3205 suns

1817 3223 2166 3277 narrationes
2197 3224 2496 3279 maxinuun
2534 3234 2753 3297 partem
2783 3225 3057 3297 hauserit,
3104 3249 3223 3287 non
3263 3245 3376 3291 tam

1818 3308 2300 3382 logographorum
2338 3328 2512 3384 opera
2540 3311 2703 3366 fixisse
2739 3323 2881 3386 puto
2924 3333 3096 3387 quam
3129 3324 3376 3380 carmina

1815 3395 1974 3465 epica
1991 3433 2007 3462 ‚
2032 3396 2239 3468 quibus
2264 3408 2392 3452 aetas
2419 3416 2538 3452 non
2563 3400 2840 3471 pepercit.
2873 3401 3136 3459 Ceterum
3185 3408 3378 3463 Hella-

1814 3481 1944 3534 nico
1967 3483 2159 3539 similis
2184 3494 2266 3539 est
2290 3503 2359 3539 eo
2374 3525 2389 3553 ,
2421 3484 2580 3557 quod
2608 3485 2848 3541 multum
2871 3490 3111 3545 attendit
3141 3492 3213 3547 ad
3238 3513 3378 3569 geo-

1815 3568 2112 3641 graphica,
2145 3573 2229 3625 uti
2271 3582 2426 3645 patet
2452 3590 2521 3626 ex
2551 3573 2615 3627 iis
2642 3590 2769 3644 quae
2802 3572 2876 3629 de
2919 3578 3147 3650 populis
3179 3581 3379 3638 Iberiae

1816 3654 2048 3710 tradidit
2070 3658 2351 3713 Heracleae
2379 3658 2529 3714 libro
2550 3658 2771 3715 decimo
2793 3659 2895 3733 (fr.
2920 3663 3053 3737 20).
3081 3667 3206 3721 Alia
3226 3668 3374 3740 ejus-

1819 3742 1978 3796 modi
2026 3743 2294 3817 digressio
2333 3747 2392 3799 in
2426 3748 2816 3819 Argonauticis
2854 3747 2960 3802 suit
3002 3750 3074 3805 de
3123 3757 3382 3813 moribus

1816 3831 2168 3898 Macronum,
2193 3833 2288 3904 qui
2312 3830 2481 3888 Ponti
2503 3851 2627 3888 oras
2645 3835 2906 3890 accolunt
2931 3836 3018 3910 (fr.
3055 3840 3373 3917 1.6).Geo-

1816 3917 2091 3989 graphum
2119 3917 2348 3975 fortasse
2381 3921 2550 3976 etiam
2583 3921 2643 3975 in
2669 3939 2738 3976 eo
2766 3908 3051 3997 agnoscis,
3084 3929 3239 4000 quod
3267 3936 3377 3987 Ar-

1816 4016 2089 4076 gonautas
2121 4005 2316 4061 eadem
2346 4025 2456 4079 qua
2484 4020 2752 4064 venerant
2778 4012 2870 4067 via
2909 4013 3134 4069 rediisse
3161 4021 3372 4074 statuit.

1816 4092 2168 4166 Quamquam
2196 4094 2305 4150 hoc
2327 4096 2415 4150 vel
2441 4095 2572 4151 inde
2590 4097 2909 4170 explicaris,
2936 4101 3094 4172 quod
3114 4105 3375 4162 Herodo-

1816 4196 1911 4234 rus
1960 4198 2082 4235 eam
2122 4182 2466 4253 potissimam
2521 4184 2898 4256 expeditionis
2947 4198 3165 4260 partem
3184 4231 3200 4258 ,
3249 4208 3380 4264 quae

1817 4283 1944 4320 cum
1989 4269 2185 4339 patria
2223 4268 2452 4323 historia
2479 4269 2780 4340 conjuncta
2816 4283 2964 4340 erat,
3018 4277 3366 4333 tractandam

1815 4353 1920 4407 sibi
1934 4357 2260 4428 sumpserit,
2282 4356 2501 4428 reliqua
2523 4358 2664 4412 nihil
2687 4376 2887 4413 curans
2901 4361 3200 4417 absolverit
3225 4383 3373 4437 pau-

1819 4458 2063 4495 cissimis..

1898 4529 2078 4582 Porro
2103 4538 2355 4600 tempora
2384 4546 2573 4583 rerum
2623 4543 2882 4587 accurate
2910 4532 3222 4592 distinxisse
3260 4541 3375 4593 He·-

1821 4614 2063 4669 rodorus
2083 4615 2326 4670 videtur.
2344 4614 2435 4671 Sic
2459 4617 2826 4693 chronologia
2845 4622 3025 4676 utitur
3036 4634 3232 4680 contra
3255 4644 3378 4695 eos,

1820 4702 1916 4772 qui
1937 4702 2208 4756 Theseum
2239 4703 2496 4757 Herculis
2527 4705 2740 4759 socium
2766 4706 2824 4760 in
2851 4709 3210 4780 expeditione
3237 4732 3374 4769 con·

1822 4797 1905 4841 tra
1936 4790 2242 4842 Amazones
2265 4788 2427 4843 fuisse
2447 4789 2704 4851 dixerant
2725 4790 2868 4868 (vid.
2892 4794 2961 4849 fr.
2990 4795 3091 4867 16,
3120 4797 3224 4866 26,
3249 4801 3372 4874 27),

1822 4875 1888 4928 In
1916 4874 2001 4927 his
2050 4877 2312 4931 convenit
2335 4878 2386 4931 ei
2419 4895 2547 4931 cum
2597 4880 2888 4935 Hellanico
2937 4881 2955 4956 (
2979 4883 3130 4942 cons.
3176 4884 3372 4960 fragm.

1826 4963 1964 5017 Hist.
1994 4965 2050 5031 1,
2080 4982 2140 5037 p.
2181 4964 2426 5020 XXVIII
2446 4966 2464 5041 )
2484 5006 2499 5033 ,
2542 4978 2606 5021 ut
2632 4968 2929 5040 probabile
2959 4971 3028 5026 sit
3067 4982 3378 5047 utrumque

1824 5070 1892 5105 ex
1921 5051 2118 5106 iisdem
2145 5053 2383 5107 Junonis
2404 5054 2760 5110 sacerdotum
2781 5054 3102 5136 ἀναγραφαῖς
3121 5069 3376 5134 tempora

1824 5141 2081 5195 Herculis
2104 5144 2466 5198 constituisse.
2499 5146 2704 5199 Verum
2734 5158 2946 5218 quanto
2974 5149 3155 5203 acrius
3184 5151 3373 5224 impu—

1823 5229 2008 5299 gnavit
2038 5247 2152 5297 eos,
2175 5231 2272 5302 qui
2302 5231 2360 5285 in
2378 5231 2569 5287 Thesei
2594 5234 2831 5307 gratiam
2850 5246 3092 5292 veterem
3123 5239 3376 5296 Herculis
