3900 6042
605 463 718 514 δοῦ
1678 448 2183 512 MANETHONIS
2223 450 2703 511 SERENNYTAE

678 628 846 698 Magi
862 626 1136 681 mensibus
1161 633 1367 700 septem
1393 626 1408 700 (
1430 646 1447 681 ι
1462 626 1631 701 495).

684 713 892 770 Darius
912 716 1077 768 annis
1093 714 1375 768 XXXVI
1396 714 1416 783 s
1437 710 1825 787 11.96·1531.)

678 800 898 853 Xerxes
923 800 1081 854 Darii
1104 806 1272 854 annis
1295 798 1491 873 XXI(
1515 798 1902 873 1532-1552).

678 888 1019 941 Artaxerxes
1046 891 1212 941 anm's
1239 888 1351 941 XL
1373 884 1795 962 (1553-1592).

677 974 901 1027 Xerxes
920 975 1067 1027 alter
1094 974 1370 1029 mensibus
1385 976 1476 1032 II.

622 1415 625 1470 ἑ
702 1398 743 1441 ι.
777 1392 1050 1454 cambyses.

697 1490 742 1533 ².
775 1482 1001 1534 smerdis.

621 1763 623 1792 ⁷
697 1765 743 1808 s.
780 1759 1063 1811 mabsam.

621 1847 624 1926 ξ
694 1857 741 1899 6.
774 1854 1063 1901 Artaxerxes
1093 1855 1132 1902 1.

620 1927 624 2048 i
695 1946 741 1992 7.
776 1946 959 1993 xerxes
991 1945 1053 1993 n.

620 2049 623 2068 ··
695 2038 742 2082 8.
776 2033 1039 2096 sogdianum

619 2073 623 2200 Ι
695 2130 741 2174 9.
774 2125 946 2175 Darius
976 2129 1036 2177 11.

619 2205 623 2238 ι

674 2356 862 2409 Primo
890 2355 1019 2409 loco
1047 2356 1208 2429 posui
1235 2373 1411 2411 annos
1431 2374 1626 2430 regum
1655 2357 1943 2411 Persarum
1962 2396 1978 2424 ‚
2006 2373 2149 2428 quos

594 2441 823 2497 historia
847 2442 1166 2516 suppeditat
1204 2461 1312 2503 sec.
1339 2444 1585 2500 clinton.
1631 2444 1696 2501 F.
1742 2445 1814 2502 Η.
1861 2453 2000 2498 tom.
2051 2443 2142 2508 11,

593 2546 654 2600 p.
701 2527 813 2599 378
843 2528 933 2585 ed.
967 2537 1092 2584 tert.
1132 2528 1272 2584 Cum
1316 2530 1403 2584 his
1429 2530 1475 2585 si
1517 2531 1925 2604 comparaveris
1962 2530 2148 2586 Cano·-

592 2633 719 2671 nem
736 2617 1173 2672 astronomicum
1185 2657 1202 2686 ,
1215 2626 1365 2689 patet
1379 2617 1440 2671 in
1457 2635 1523 2672 eo
1538 2618 1765 2672 nonnisi
1780 2618 2026 2691 integros
2037 2634 2146 2671 an-

592 2719 697 2756 nos
731 2705 1038 2771 numerari,
1087 2704 1162 2757 ita
1188 2712 1371 2759 tamen
1394 2713 1461 2757 ut
1500 2703 2044 2777 comprehendantur
2079 2703 2147 2757 iis

592 2807 798 2845 menses
823 2789 1067 2846 Smerdis
1085 2829 1101 2857 ,
1127 2790 1397 2846 Artabani
1413 2832 1429 2859 ‚
1462 2792 1660 2846 Xerxis
1684 2792 1745 2846 11
1781 2801 1834 2846 et
1854 2790 2143 2864 Sogdiani.

592 2874 800 2930 Contra
841 2875 1101 2929 Manetho
1155 2875 1375 2930 eofflem
1423 2894 1685 2932 numeros
1742 2887 1906 2949 atque
1950 2876 2148 2931 Canon

591 2962 997 3017 astronomicus
1034 2961 1244 3034 praebet
1259 3000 1276 3029 ,
1309 2971 1360 3017 et
1387 2963 1750 3017 nihilominus
1773 2972 2009 3018 recenset
2030 2966 2145 3018 Ar-

594 3047 809 3116 tabani,
860 3047 1064 3100 Xerxis
1129 3057 1181 3102 et
1226 3048 1498 3121 Sogdiani
1534 3067 1741 3104 menses
1781 3049 2036 3109 sedecim.
2063 3079 2145 3091 --

476 3126 481 3129 ’
595 3133 773 3188 Porro
820 3131 1112 3206 Cambyses
1158 3132 1462 3188 secundum
1527 3133 1853 3190 Africanum
1891 3137 2144 3208 regnavit

590 3219 748 3274 annis
770 3219 954 3275 decem
971 3258 987 3285 ‚
1027 3220 1106 3274 ita
1128 3227 1197 3274 ut
1214 3220 1444 3292 quintus
1466 3221 1538 3275 sit
1560 3221 1775 3294 primus
1796 3219 2143 3276 dominatio-

590 3307 675 3361 nis
694 3303 1045 3381 AEgyptiacae.
1072 3308 1199 3363 Hoc
1225 3307 1423 3362 falsum
1439 3319 1533 3364 est.
1559 3310 1698 3363 Nam
1720 3308 1971 3383 regnavit
1990 3326 2144 3363 non-

589 3393 695 3449 nisi
725 3392 758 3449 5
778 3396 937 3450 annis
961 3405 1014 3450 et
1042 3414 1074 3465 7
1112 3394 1420 3465 mensibus;
1440 3406 1495 3451 et
1521 3397 1789 3469 quoniam
1815 3397 2143 3471 AEgyptiaca

590 3479 705 3550 ejus
756 3479 1066 3536 dominatio
1101 3481 1173 3535 ab
1199 3482 1358 3555 regni
1395 3500 1544 3537 anno
1586 3483 1787 3555 quinto
1827 3485 2144 3555 computari

590 3565 754 3636 solet,
778 3568 826 3622 ei
844 3566 1129 3622 tribuendi
1150 3577 1296 3636 sunt,
1312 3586 1431 3623 non
1448 3587 1565 3638 sex,
1584 3569 1678 3624 sed
1696 3579 1966 3642 quattuor
1990 3587 2144 3624 sum-

590 3670 746 3708 mum
784 3672 960 3709 annos
973 3697 989 3724 ,
1031 3655 1118 3709 vel
1145 3664 1251 3710 tres
1294 3664 1347 3711 et
1389 3654 1625 3711 dimidia
1648 3674 1779 3730 pars
1830 3654 1921 3731 (⁸).
1964 3657 2145 3730 Igitur

589 3737 868 3797 aberravit
904 3741 1163 3797 Manetho
1188 3743 1347 3797 annis
1385 3741 1494 3799 fere
1519 3742 1776 3812 duobus,
1810 3743 2016 3816 quibus
2041 3741 2145 3798 ad-

589 3824 759 3882 dendi
787 3846 992 3884 menses
1043 3828 1134 3882 isti
1168 3828 1428 3887 sedecim.
1481 3829 1733 3901 Denique
1778 3827 2142 3903 computandi

594 3923 803 3970 restant
849 3933 1059 3971 menses
1096 3934 1189 3971 sex
1232 3918 1497 3990 postremi
1525 3917 1669 3991 regis
1695 3915 1960 3989 dynastiae
1988 3926 2142 3971 ante-

586 3999 843 4058 cedentis.

666 4089 919 4145 Ceterum
947 4101 1151 4164 praeter
1176 4091 1565 4147 Manethonem
1591 4090 1839 4148 Africani
1859 4092 2022 4146 etiam
2037 4092 2145 4145 Ve-

588 4183 677 4228 tus
698 4175 1022 4231 Chronicon
1049 4177 1311 4250 dynastiae
1333 4178 1552 4233 XXVII
1580 4177 1779 4233 tribuit
1797 4195 1974 4232 annos
2007 4182 2137 4242 καί..

592 4261 870 4333 Eusebius,
894 4265 997 4337 qui
1018 4265 1077 4318 in
1096 4266 1354 4338 apposito
1378 4265 1643 4321 laterculo
1659 4265 1883 4319 nonnisi
1913 4282 2022 4318 120
2041 4281 2144 4318 an·

587 4348 833 4423 nos(sed
860 4351 921 4404 in
946 4349 1169 4407 Canone
1190 4369 1322 4406 ann.
1362 4350 1504 4426 ιη)
1534 4359 1818 4419 numerat,
1852 4349 1924 4405 ad
1956 4367 2142 4404 veram

586 4433 874 4492 historiam
900 4436 1136 4508 aceedit3
1177 4448 1231 4492 et
1252 4437 1617 4510 probabiliter
1645 4447 1874 4493 auctore
1906 4453 2040 4491 usus
2064 4445 2141 4491 est

585 4523 689 4593 qui
714 4523 1148 4579 Manethoniana
1194 4525 1604 4594 immutaverat3
1631 4542 1761 4579 nam
1796 4534 1858 4578 ut
1886 4534 2143 4596 putemus

587 4607 915 4665 Africanum
960 4610 1023 4666 h.
1072 4611 1112 4665 1.
1138 4630 1260 4667 non
1289 4613 1531 4668 retulisse
1571 4612 1774 4679 relata,
1810 4609 1905 4665 sed
1937 4629 2138 4665 corru-

586 4695 757 4768 pisse,
787 4714 949 4752 causa
980 4697 1182 4755 idonea
1209 4700 1624 4774 excogitarivix
1653 4709 1853 4773 potest.
1885 4702 1953 4754 V.
1985 4699 2138 4754 Boec-

586 4780 784 4837 khium
814 4803 875 4857 p.
912 4783 1024 4857 352
1052 4804 1139 4860 sq.
1165 4788 1342 4843 Error
1369 4789 1541 4862 igitur
1567 4789 1736 4862 ipsius
1757 4787 1922 4843 fuerit
1940 4788 2135 4843 Mane-

585 4867 787 4923 thonis.
1242 4867 1246 4871 ⁴

645 5052 708 5115 θ’)
727 5053 908 5110 Quodsi
930 5057 981 5106 in
1002 5061 1316 5109 monumento
1337 5060 1558 5122 AEgyptio
1591 5072 1744 5111 annus
1762 5061 1894 5109 vnn·
1927 5061 2133 5124 camby-

580 5120 1316 5249 ssgffgkmemgendmm
1332 5132 1496 5179 sextus
1512 5130 1644 5191 regni
1662 5129 1849 5179 Persici.
1862 5133 1923 5179 V.
1938 5132 2132 5182 Boeekh.

2317 625 2630 697 Sogdianus
2645 626 2914 679 mensibus
2930 626 3071 680 VII.

2315 712 2526 766 Darius
2567 712 2778 765 Xerxis
2815 718 2982 766 annis
3021 713 3184 768 XIX
3209 711 3296 786 (in
3333 729 3502 767 canone
3529 714 3663 768 xvm

2238 798 2372 853 anni
2392 792 2783 873 numerantur)
2812 795 3174 871 (1593-1604
3189 795 3230 874 ).

2314 883 2543 938 Summa
2564 901 2830 938 annomm
2865 885 2980 941 CX
2975 887 3041 939 X
3045 926 3061 951 ,
3087 890 3428 957 mensiumque
3439 886 3526 942 IV.

2663 1411 2687 1436 ’θ
3106 1429 3122 1443 .

2313 2354 2554 2408 Nomina
2612 2354 2876 2428 AEgyptia
2915 2371 3115 2427 regum
3161 2355 3433 2409 Persarum
3462 2350 3526 2403 ita
3549 2344 3680 2401 scribit

2236 2443 2475 2497 Bunsen.
2510 2458 2572 2512 p.
2607 2447 2755 2515 149:

2313 2525 2635 2599 Cambyses,
2702 2543 2969 2581 unsara
3035 2524 3053 2599 (
3079 2544 3172 2584 an.
3237 2527 3394 2579 vpm
3441 2540 3506 2576 sc.
3578 2531 3680 2590 regn

2234 2611 2485 2687 Persici).

2309 2707 2553 2763 Dariusl
2571 2747 2589 2780 ,
2617 2722 2934 2765 nunuscn
2955 2703 3074 2781 (an.
3098 2704 3395 2776 XXXVI).

2310 2796 2520 2851 Xerxes
2536 2795 2590 2862 1,
2613 2809 3108 2848 emen-anama
3153 2791 3269 2866 (an.
3291 2785 3514 2863 xum).

2313 2884 2635 2936 Artaxerxes
2658 2881 2685 2935 1
2702 2919 2719 2947 ,
2756 2896 3311 2935 Διπαιεῦσι-πῦσε
3339 2877 3450 2953 (an.
3487 2869 3680 2941 XVF'.)

2313 2968 2515 3023 Darius
2539 2968 2626 3036 11,
2642 2982 2960 3022 mnuscn
2991 2964 3454 3040 (Meri-amn-ra).

2458 3106 2794 3200 vicl-:sm
2834 3144 3136 3202 oc‘rAvA
3175 3143 3531 3201 DYNAsm

2963 3309 3056 3360 7⁰·

2691 3447 2836 3504 SEC.
2876 3448 3333 3505 AFRICANUM.

2310 3587 2544 3660 Syncell.
2600 3605 2658 3660 p.
2707 3586 2815 3657 76,
2849 3592 2899 3644 A
2948 3605 2963 3645 z
3013 3584 3252 3655 Εἷκοστὴ
3289 3582 3433 3660 ὀγδόη
3472 3576 3684 3640 δυναστεία.

2232 3670 2287 3731 Ἀ
2304 3670 2577 3749 μύρτεος
2604 3670 2921 3752 (Ἆμύρτεως
2935 3675 3004 3731 G.
3023 3671 3040 3749 J
3061 3667 3265 3743 Σαΐτης
3285 3671 3371 3742 ἔτη
3392 3668 3455 3734 ς’.

2723 3838 2873 3898 SEC.
2914 3838 3313 3895 EUSEBIUM.

2310 3978 2465 4036 Idem
2486 3999 2546 4053 p.
2571 3995 2642 4050 77
2658 4023 2674 4048 ‚
2697 3981 2747 4033 A
2772 3993 2787 4035 :
2815 3970 3046 4042 Εἱκοστὴ
3065 3972 3225 4050 ὀγδόη
3246 3967 3514 4031 δυναστεία.
3538 3964 3684 4038 Ἀμυρ-

2232 4065 2421 4128 reio<
2447 4060 2792 4141 (Ἀμυρτᾶνος
2816 4060 2911 4135 G.)
2942 4057 3143 4127 Σαΐτης
3165 4058 3258 4131 ἔτη
3287 4057 3358 4123 ς’.

2311 4152 2511 4207 Euseb.
2544 4152 2758 4208 Chron.
2781 4168 2842 4223 p.
2877 4146 2988 4204 105
3019 4164 3035 4206 ε
3070 4148 3359 4219 Wgesima
3381 4138 3682 4209 ocutmdyu·

2229 4242 2355 4295 stia.
2380 4240 2636 4311 :Imp-tes
2656 4238 2840 4292 Saites
2859 4240 3027 4290 annis
3050 4237 3136 4289 VI
3154 4234 3174 4311 (
3188 4235 3268 4289 sic
3293 4248 3500 4305 margo;
3519 4233 3679 4281 textus:

2231 4328 2502 4381 mensibus
2521 4328 2615 4380 VI
2624 4321 2662 4398 ).

2312 4417 2526 4469 Nomen
2562 4410 2890 4486 AEgyptium
2935 4407 3101 4481 hujus
3124 4410 3266 4483 regis
3295 4403 3562 4465 Bunsenius
3580 4395 3646 4451 &¹
3670 4408 3680 4443 ²

2230 4516 2724 4555 xznrmr-nacnr
2766 4495 3169 4552 ken-em-hebt'.
3236 4499 3522 4566 Amyrtaeus
3558 4488 3682 4540 W

2228 4586 2598 4660 probabiliter
2633 4601 2809 4657 nepos
2848 4592 2927 4640 est
2952 4583 3255 4656 Amyn-tani,
3300 4578 3396 4653 qui
3425 4584 3586 4631 eontra
3613 4569 3684 4622 Ar·

2229 4683 2508 4741 taxerxem
2548 4672 2575 4725 Ι
2601 4669 2882 4726 rebellavit
2895 4710 2912 4737 ,
2954 4679 3118 4742 atque
3155 4682 3393 4743 regnum
3417 4661 3569 4717 adhuc
3586 4652 3677 4708 obn·

2227 4758 2392 4813 nebat
2418 4757 2643 4830 olymp.
2673 4758 2782 4824 82,
2815 4761 2850 4821 4
2879 4753 3028 4829 (449
3059 4773 3109 4811 a.
3133 4754 3228 4830 C),
3273 4745 3592 4826 quoannoin
3618 4737 3681 4833 ‘35‘

2226 4861 2394 4917 prum
2421 4842 2706 4916 profectus
2741 4851 2818 4897 est
2840 4842 3042 4898 Cimon
3067 4841 3272 4915 (Thuc.
3313 4838 3372 4906 1,
3413 4830 3551 4905 ιη).
3567 4823 3680 4882 1⁷11·¹⁵

2226 4930 2344 5003 ejus
2381 4930 2490 4985 fuit
2528 4930 2798 4997 Pausiris,
2846 4930 2939 4983 cui
2991 4929 3351 5002 possessiones
3379 4931 3592 4998 patum-‘⁵
3616 4922 3678 4962 “¹

2225 5017 2512 5073 Persarum
2546 5015 2794 5092 reddidit
2821 5011 3124 5092 (Herodot.
3153 5013 3271 5078 ΙΙΙ,
3304 5009 3387 5083 5).
3418 5003 3565 5073 Hujus
3583 4993 3669 5050 5¹¹²

2225 5121 2332 5161 sec.
2387 5103 2716 5160 ssoeckhium
2750 5120 2810 5175 p.
2867 5099 2980 5155 363
3024 5110 3100 5156 est
3132 5101 3435 5171 Amyrtaeus
3475 5106 3552 5146 rex
3589 5080 3673 5151 ἀει

2225 5191 2489 5246 XXVIII.
