3900 6042
575 490 650 542 86
1515 472 2026 532 DEMOPHILUS.
2072 469 2551 529 Tflssocm'sus
2592 467 2817 528 culus

572 611 686 674 δους
719 606 772 665 δὲ
801 608 1028 684 χαλκοῦς
1049 602 1138 662 καὶ
1166 602 1389 682 παι-ήρια
1418 602 1588 679 ὀλίγα·
1616 599 1881 679 γεγονέναι
1902 600 2005 680 γὰρ
2025 601 2126 657 ὀλι·

570 695 828 771 γοδίαιτον
857 692 947 750 καὶ
974 695 1167 771 τρυφῆς
1192 691 1483 769 ἀλλότριον.
1515 717 1539 740 ιι
1561 694 1728 745 Hunc
1747 691 1990 745 eundem
2013 707 2125 742 esse

570 802 698 837 cum
731 782 1006 854 discipulo
1039 780 1298 835 Isocratis
1332 781 1644 852 suspicatur
1672 780 2126 833 Westermannus

569 870 643 925 ad
669 871 920 924 vossium
944 886 1000 939 p.
1031 866 1173 933 413,
1213 871 1300 931 14.

1085 1178 1436 1238 DEMOPHI
1447 1177 1606 1237 LUS.

648 1339 734 1392 De
763 1336 1133 1409 Demophilo,
1164 1335 1377 1408 Ephori
1406 1335 1638 1390 Cumani
1679 1331 1797 1387 filio
1815 1375 1829 1400 ‚
1856 1335 1955 1405 qui
1987 1353 2129 1406 opus

573 1425 730 1496 quod
768 1425 1156 1497 imperfectum
1181 1434 1342 1496 pater
1371 1424 1698 1494 reliquerat,
1747 1422 1986 1476 absolvit
2033 1421 2127 1476 di—

571 1521 724 1567 ctum
747 1522 827 1566 est
850 1512 911 1565 in
935 1512 1056 1565 vita
1083 1510 1297 1583 Ephori
1317 1527 1375 1582 p.
1404 1510 1560 1578 LXI,
1580 1520 1701 1562 not.
1737 1527 1758 1560 1
1774 1550 1787 1563 .

650 1597 901 1652 Locisibi
918 1595 1154 1651 laudatis
1184 1595 1330 1650 adde
1344 1596 1517 1652 schol.
1531 1599 1670 1652 Ven.
1691 1595 1948 1649 Homfll.
1963 1595 2126 1662 XIII,

573 1703 628 1737 v.
656 1684 790 1740 301.
816 1684 916 1738 ubi
936 1694 1232 1757 postquam
1253 1683 1454 1738 eodem
1483 1682 1659 1736 modo
1683 1693 1854 1754 atque
1877 1682 1936 1735 in
1953 1682 2127 1738 schol.

569 1772 725 1844 vulg.
758 1789 789 1825 e
807 1769 1129 1842 Pherecydc
1155 1768 1255 1842 (st.
1291 1787 1397 1825 102
1418 1767 1492 1843 a.)
1514 1779 1838 1824 narraverat
1861 1768 2132 1841 Plilegyes

518 1899 531 1910 .
571 1858 850 1913 Thebanis
872 1855 1116 1911 infensos
1135 1868 1265 1928 post
1286 1868 1526 1911 mortem
1545 1857 1703 1910 Zethi
1723 1867 1779 1910 et
1802 1856 2135 1927 Amphionis

572 1945 675 1999 sub
711 1943 1064 2016 Eurymacho
1094 1958 1225 2016 rege
1251 1944 1469 1998 Thebas
1504 1943 1739 2015 cepisse,
1766 1941 1927 1996 addit
1956 1942 2073 1997 haec
2115 1962 2128 1998 :

577 2028 685 2089 Καὶ
709 2028 903 2107 ἔρημον
929 2026 1166 2105 γενέσθαι
1191 2025 1284 2096 τὴν
1307 2025 1458 2084 πόλιν
1479 2025 1636 2106 μέχρι
1663 2030 1754 2097 τῆς
1777 2026 1995 2101 Κάδμου
2021 2026 2137 2106 ἄφί-

576 2116 719 2184 ξεως.
755 2115 882 2175 Ἐπὶ
921 2116 1099 2172 πλεῖον
1129 2112 1183 2172 δὲ
1214 2113 1331 2192 περὶ
1359 2115 1528 2170 αὐτῶν
1574 2117 1678 2189 (sc.
1716 2116 1818 2170 τῶν
1852 2115 2130 2190 Φλεγυῶν)

576 2202 854 2261 διείλεκται
871 2198 1097 2281 Ἔφορος
1113 2247 1131 2277 ,
1152 2199 1458 2266 ἀποδεικνὺς
1481 2199 1560 2258 ὅτι
1583 2200 1676 2270 τὴν
1701 2200 1934 2260 Δαυλίδα
1962 2199 2054 2257 καὶ
2076 2203 2133 2259 οὐ

575 2295 671 2361 τὴν
691 2293 940 2371 Γυρτῶνα
971 2291 1049 2367 (Γ
1051 2288 1238 2369 ύρτονα
1268 2290 1399 2346 cod.
1423 2290 1440 2365 )
1468 2286 1704 2366 ᾤκησαν·
1733 2286 1845 2345 ὅθεν
1875 2286 1967 2345 καὶ
1989 2285 2134 2365 παρὰ

575 2386 680 2444 τοῖς
707 2380 962 2438 Φωκεῦσι
995 2375 1055 2434 τὸ
1083 2374 1313 2455 ὖὸρίζεινν
1341 2377 1568 2456 φλεγυᾶν
1603 2373 1861 2451 λέγεσθαι.
1894 2371 2056 2432 Ἔστι
2081 2371 2134 2431 δὲ

577 2470 744 2523 ταῦτα
774 2467 826 2522 ἰν
844 2468 910 2543 τῇ
933 2466 1216 2542 τριακοστῇ
1243 2465 1309 2540 τῇ
1334 2460 1658 2543 Δημοφίλου.
1686 2462 1865 2521 Πάλαι
1888 2461 1943 2519 δὲ
1969 2461 2136 2540 διεφέ-

578 2574 726 2631 ροντο
749 2553 960 2618 Φωκεῖς
982 2549 1109 2630 πρὸς
1125 2548 1447 2616 Θεσσαλούς·
1469 2548 1548 2607 διὸ
1563 2547 1763 2615 καὶτὰς
1784 2545 2149 2628 Θερμοπύλας

576 2637 773 2720 ᾤκισαν
809 2639 1036 2704 Φωκεῖς·
1063 2635 1258 2695 εἴσοδον
1296 2634 1398 2716 γὰρ
1427 2634 1633 2714 ἔχουσιν
1676 2634 1781 2693 ἀπὸ
1812 2633 2130 2701 Θεσσαλίας.

577 2732 796 2785 Locum
818 2729 970 2783 hunc
1005 2728 1186 2782 insere
1206 2729 1337 2799 post
1374 2723 1583 2798 Ephori
1615 2724 1815 2800 fragm.
1855 2722 1965 2780 152
2004 2725 2137 2780 libri

658 2900 815 2955 Alius
829 2900 1198 2972 Demophilus
1207 2896 1468 2954 laudatur
1481 2917 1573 2971 ap.
1587 2899 1619 2952 J
1623 2914 1791 2951 oann.
1814 2897 2041 2971 Lydum
2050 2900 2136 2953 De

580 3003 754 3043 mens.
783 2984 882 3054 lv,
914 3004 982 3056 ιι,
1007 3004 1068 3058 p.
1103 2984 1215 3050 248
1244 2985 1339 3042 ed.
1369 2985 1559 3039 Roeth.
1599 3003 1613 3037 :
1639 2977 1718 3040 “O
1746 3004 1805 3058 γε
1831 2980 1947 3058 μὴν.
1960 2982 2137 3058 Δημό-

581 3071 726 3150 φιλος
757 3071 963 3147 πρῶτον
1004 3066 1160 3125 αὐτὸν
1194 3070 1300 3144 (sc.
1333 3067 1537 3141 Ἰανὸν)
1580 3067 1823 3144 βούλεται
1851 3067 2021 3134 οἴκους
2047 3069 2136 3127 καὶ

579 3158 849 3221 πυλεῶνας
875 3152 1268 3213 κατασκευάσαι
1294 3154 1386 3213 καὶ
1420 3152 1525 3211 ἀπὸ
1550 3159 1642 3224 τ’ῆς
1679 3152 1884 3221 ἷανούας
1919 3154 2132 3234 (θύρας)

581 3240 899 3321 Ἰανουάριον
927 3242 1307 3317 ὀνομασθῆναι,
1332 3240 1470 3319 ἔχειν
1499 3240 1553 3298 δὲ
1591 3239 1746 3298 αὐτὸν
1775 3240 1867 3298 καὶ
1908 3241 2135 3321 ἀδελφὴν

586 3325 939 3403 Κασαμήνην.
981 3327 1286 3399 Quomodo
1332 3328 1404 3384 de
1447 3329 1790 3402 Demophilo
1835 3330 2053 3402 Ephori
2094 3331 2134 3388 f.

581 3417 829 3490 cogitare
850 3416 1102 3473 Roether.
1119 3417 1390 3488 potuerit,
1414 3415 1565 3471 haud
1592 3416 1773 3489 capiO.
1796 3419 1882 3471 De
1900 3419 2025 3472 Jani
2051 3418 2139 3472 in-
2228 3440 2250 3463 ν

581 3504 792 3574 ventiS,
835 3502 1020 3575 deque
1044 3521 1240 3558 sorore
1283 3503 1401 3574 ejus
1440 3514 1499 3559 et
1541 3522 1723 3560 uxore
1758 3504 1970 3560 Camise
1997 3504 2015 3579 (
2028 3506 2135 3576 sic)

585 3589 882 3645 Athenaeus
899 3601 1093 3644 narrat
1111 3608 1181 3645 ex
1213 3592 1487 3645 Draconis
1510 3591 1789 3663 Corcyroei
1809 3610 1984 3664 opere
2006 3590 2138 3669 Περὶ

580 3672 758 3732 λίθων.
792 3677 997 3731 Nostro
1019 3677 1151 3731 loco
1177 3678 1421 3731 auctoris
1448 3695 1659 3731 nomen
1686 3688 1783 3731 aut
1805 3691 2137 3754 corruptum

581 3763 779 3832 suerit,
807 3773 904 3818 aut
929 3762 1324 3837 intelligendus
1345 3773 1426 3818 est
1455 3764 1854 3836 Damophilus»,
1882 3766 2137 3837 philoso-

583 3850 729 3922 phus
751 3860 808 3905 et
828 3850 1072 3922 sophista
1088 3890 1105 3918 ‚
1129 3850 1234 3904 sub
1257 3847 1450 3904 Marco
1468 3852 1758 3904 Antonino
1783 3850 2018 3920 florens,
2042 3856 2137 3925 qui

587 3937 794 3992 librum
814 3934 887 3990 de
916 3937 1044 3990 Vita
1067 3946 1300 3990 veterum
1318 3948 1377 3990 et
1392 3940 1514 3990 alia
1539 3938 1712 3990 multa
1731 3939 1979 4010 scripsit,
2008 3950 2140 3995 teste

585 4021 759 4081 Suida
782 4043 825 4079 S.
856 4043 910 4079 ν.

972 4243 1462 4304 THEOCRITUS
1508 4245 1756 4304 CfflUS.

662 4376 860 4431 Suidas
885 4395 899 4430 z
927 4373 1232 4454 Θεόκριτος,
1257 4375 1414 4444 Χῖος,
1439 4371 1611 4452 ῥήτωρ
1627 4417 1644 4445 ,
1675 4372 1909 4449 μαθητὴς
1940 4377 2139 4455 Μετρο-

584 4461 750 4538 δώρου
789 4466 880 4520 τοῦ
909 4460 1297 4542 Ἰσοκρατικοῦ,
1325 4458 1522 4540 ἔγραψε
1544 4460 1751 4541 Χρείας·
1782 4460 2141 4519 ἀντεπολιτεύ-

584 4570 712 4612 σατο
739 4548 793 4606 δὲ
824 4547 1129 4627 Θεοπόμπῳ
1156 4550 1233 4627 τῷ
1261 4549 1530 4627 ἱστορικῷ.
1636 4546 1872 4626 Φέρεται
1898 4547 1953 4605 δὲ
1985 4549 2142 4605 αὐτοῦ

582 4633 788 4714 ἱστορία
829 4632 1030 4706 Λιὸύης
1074 4634 1166 4693 καὶ
1205 4634 1479 4692 ἐπιστολαὶ
1519 4633 1809 4708 θαυμασίαι
1841 4633 1973 4711 [καὶ
2000 4633 2142 4710 λόγοι

583 4722 929 4800 πανηγυρικοί
951 4724 1112 4778 addit
1136 4723 1387 4779 Eudocia
1414 4743 1477 4797 p.
1510 4722 1672 4798 232J.

665 4809 866 4863 Strabo
895 4811 1056 4881 xlv,
1092 4828 1151 4883 p.
1187 4809 1301 4868 645
1347 4830 1360 4865 :
1401 4806 1610 4885 Ἄνδρες
1645 4806 1699 4865 δὲ
1727 4810 1848 4868 Χῖοι
1874 4806 2143 4883 γεγόνασιν

585 4889 871 4968 ἐλλόγιμοι,
893 4892 1019 4952 Ἴων
1039 4892 1092 4951 δὲ
1113 4897 1142 4950 6
1161 4893 1402 4972 τραγικὸς
1423 4893 1512 4952 καὶ
1536 4893 1854 4970 Θεόπομπος
1877 4899 1905 4951 6
1925 4917 2146 4972 συγγρα-

585 4981 705 5057 φεὺς
732 4979 816 5036 καὶ
854 4979 1133 5057 Θεόκριτος
1161 4984 1188 5038 6
1210 4982 1475 5060 σοφιστής·
1503 4972 1642 5038 οὗτοι
1675 4980 1729 5038 δὲ
1756 4979 1849 5039 καὶ
1873 4982 2136 5052 ἀντεπολι-

585 5063 836 5123 τεύσαντο
872 5065 1132 5135 ἀλλήλοις.
1168 5068 1394 5125 Scilicet
1414 5071 1815 5142 Theopompus
1843 5071 2143 5125 aristocra-

588 5156 708 5208 ticae
724 5195 739 5220 ,
762 5155 1092 5209 Theocritus
1111 5175 1249 5210 vero
1274 5157 1665 5211 democraticae
1684 5167 1740 5210 et
1763 5157 2146 5211 antimacedo-

589 5242 727 5294 nicae
757 5243 1009 5296 [actionis
1028 5253 1208 5315 caput.
1239 5247 1423 5314 Atque
1449 5243 1540 5296 hic
1562 5243 1788 5314 quidem
1820 5262 1888 5298 ex
1916 5244 2146 5299 homine

2214 603 2578 676 pauperrimo
2601 602 2711 656 suis
2737 600 2951 655 artibus
2968 611 3215 658 evaserat
3240 598 3541 656 ditissimus
3560 620 3753 673 pravae·

2216 707 2327 761 que
2338 688 2632 762 indulgens
2643 688 2899 743 luxuriae.
2915 688 3063 742 Olim
3078 705 3147 742 ex
3162 688 3301 741 vasis
3315 684 3628 742 fictilibus'’
3596 707 3753 760 usque

2214 793 2359 847 saepe
2401 775 2611 829 mutilis
2645 773 2907 841 bibebat,
2939 791 3090 826 nunc
3131 771 3384 827 abundat
3424 775 3752 847 supellectile

2215 880 2404 917 aurea.
2436 864 2520 916 Ita
2546 861 2947 933 Theopompus
2967 858 3043 914 ad
3066 859 3445 915 Alexandrum
3466 861 3654 915 scribit
3686 861 3748 931 (v.

2216 949 2431 1022 Theop.
2482 948 2550 1003 fr.
2596 946 2754 1020 276).
2786 948 3049 1006 Ceterum
3089 947 3316 1021 ingenio
3342 948 3567 1002 valebat
3589 948 3618 1003 6
3637 951 3753 1009 θεῖος

2218 1032 2463 1111 σοφιστής
2506 1032 2713 1107 (Clem.
2756 1032 2914 1089 Alex.
2945 1035 3215 1087 Paraenes.
3248 1051 3310 1105 p.
3360 1030 3468 1107 45)
3511 1044 3565 1088 et
3602 1035 3755 1107 magis

2217 1123 2383 1176 etiam
2408 1122 2599 1194 lingua
2619 1120 2937 1187 salsissima,
2959 1137 3073 1192 qua
3094 1118 3402 1175 dilacerare
3430 1119 3755 1174 adversarios

2217 1227 2347 1263 suos
2384 1217 2765 1262 consueverat.
2796 1206 3041 1260 Dicteria
3083 1206 3338 1277 quaedam
3375 1223 3657 1280 apponere
3696 1206 3755 1260 li-

2220 1305 2362 1350 ceat.

2300 1379 2584 1435 Plutarch.
2600 1379 2686 1433 De
2700 1377 2864 1435 educ.
2879 1395 2938 1450 p.
2967 1396 3057 1445 11,
3079 1385 3164 1432 A:
3192 1373 3526 1454 Ἀλεξάνδρου
3540 1373 3659 1484 76sz
3647 1395 3753 1452 πορ·

2221 1471 2384 1544 φορᾶς
2413 1465 2630 1532 ἐσθῆτας
2661 1459 2999 1526 κελεύσαντος
3042 1461 3448 1530 κατασκευάζειν
3491 1459 3601 1527 τους
3634 1457 3751 1519 ‘'Ek-

2223 1551 2406 1620 ληνας,
2430 1547 2514 1606 ἵνα
2533 1546 2826 1606 ἐπανελθὼν
2839 1546 2907 1605 τὰ
2930 1547 3155 1606 ἐπινίκια
3173 1571 3262 1606 του
3282 1547 3518 1624 πολέμου
3538 1571 3623 1606 του
3592 1546 3752 1605 ““κατὰ

2222 1639 2325 1694 τῶν
2368 1634 2660 1716 Βαρὸάρων
2689 1633 2886 1706 θύσειε,
2913 1634 3004 1692 καὶ
3041 1637 3143 1692 τῶν
3188 1637 3344 1693 ἐθνῶν
3375 1632 3514 1692 κατὰ
3547 1631 3752 1712 κεφαλὴν

2223 1723 2558 1802 εἰσφερόντων
2582 1720 2835 1799 ἄργυρον,
2867 1720 3130 1799 Πρότερον
3154 1718 3267 1795 μὲν,
3293 1719 3486 1799 ἔφησεν
3507 1719 3611 1798 (sc.
3637 1719 3752 1779 Θεό·

2223 1830 2393 1885 κριτος
2419 1810 2448 1864 6
2475 1828 2596 1912 σοφ.
2616 1809 2633 1883 )
2668 1803 3056 1885 ἠμφισὸήτουν,
3090 1829 3177 1862 νυν
3212 1806 3269 1863 δὲ
3307 1806 3546 1882 ᾔσθημαι
3573 1806 3749 1912 σαφῶς,

2224 1892 2303 1951 ὅτι
2336 1896 2363 1950 6
2397 1891 2684 1973 πορφύρεος
2706 1890 2945 1971 Ὁμήρου
2973 1891 3192 1958 θάνατος
3219 1882 3364 1958 ουτός
3390 1894 3542 1950 ἐστιν.
3573 1879 3726 1957 '135⁷
3691 1912 3752 1945 ων

2226 1980 2405 2060 ἐχθρὸν
2433 1980 2692 2051 ἐκτήσατο
2713 1978 2801 2038 τὸν
2825 1979 3175 2059 Ἀλέξανδρον.

2305 2071 2513 2126 Eadem
2537 2070 2839 2125 Athenaeus
2857 2070 2998 2141 XII,
3019 2088 3076 2142 p.
3102 2068 3239 2137 540,
3264 2072 3337 2142 A,
3358 2070 3482 2123 sic·
3468 2108 3482 2123 .
3511 2064 3754 2145 Ἔγραψιν

2227 2154 2549 2233 Ἀλέξανδρος
2582 2151 2693 2219 ταῖς
2715 2155 2768 2212 ἐν
2794 2153 2970 2233 Ἰωνία
2996 2155 3209 2227 πόλεσι,
3238 2154 3330 2213 καὶ
3356 2153 3581 2233 πρώτοις
3606 2152 3757 2223 Χίοις,

2227 2241 2366 2308 ὅπως
2398 2243 2543 2320 αὐτῷ
2567 2238 2836 2322 πορφύραν
2876 2241 3273 2301 ἀποστείλωσιν.
3300 2240 3497 2302 Ἤθελε
3531 2240 3624 2321 γὰρ
3657 2240 3755 2305 τοὺς

2229 2329 2458 2408 ἑταίρους
2487 2327 2721 2394 ἅπαντας
2748 2327 3002 2407 ἁλουργὰς
3025 2330 3234 2388 ἐνδῦσαι
3262 2329 3470 2396 στολάς.
3524 2329 3753 2408 Ἀναγνω·

2228 2416 2434 2487 σθείσης
2470 2415 2524 2473 δὲ
2560 2419 2653 2487 τῆς
2686 2417 2961 2487 ἐπιστολῆς
2988 2416 3161 2489 Χίοις,
3206 2416 3399 2497 παρὼν
3434 2416 3694 2494 Θεόκριτος
3725 2419 3749 2472 ὁ

2228 2503 2381 2581 σοφὸς
2404 2503 2494 2578 (Ἷ,
2531 2506 2619 2559 ν’ὕν
2644 2500 2923 2580 ἐγνωκέναι
2959 2501 3056 2583 ἔφη
3077 2502 3136 2561 τὸ
3164 2509 3292 2585 παρ’
3315 2503 3543 2586 “Ομήριρ
3565 2500 3754 2581 εἰρημέ-

2229 2611 2334 2660 νον,
2365 2588 2519 2648 Τόνδ’

2311 2676 2501 2736 ἔλλαὸε
2523 2677 2808 2759 πορφύρεος
2830 2677 3046 2745 θάνατος
3073 2678 3164 2736 καὶ
3190 2680 3350 2759 μοῖρα
3374 2678 3616 2760 κραταιή.

2309 2785 2590 2842 Plutarch.
2615 2785 2700 2841 De
2718 2786 2848 2841 exil.
2873 2805 2934 2858 p.
2966 2786 3107 2854 603:
3126 2788 3169 2842 C
3193 2805 3207 2840 t
3235 2783 3587 2863 Ἀριστοτέλην
3607 2783 3751 2839 λελοι-
3862 2775 3863 2824 ἶ

2231 2871 2418 2948 δόρηκε
2444 2870 2724 2949 Θεόκριτος
2762 2874 2789 2928 6
2832 2872 2990 2943 Χῖος,
3019 2869 3097 2929 ὅτι
3124 2869 3220 2942 τὴν
3247 2871 3399 2951 παρὰ
3422 2871 3663 2949 Φιλίππῳ
3681 2867 3754 2925 καὶ
3827 2925 3843 2960 Ι

2232 2957 2546 3037 Ἀλεξάνδρῳ
2574 2956 2777 3015 δίαιταν
2801 2957 3103 3035 ἀγαπήσας·

2314 3067 2583 3148 [Ἑρμείου
2605 3068 2849 3146 εὐνούχου
2875 3069 2941 3126 ἰδ’
2965 3065 3233 3127 Εὖὸούλου
3263 3068 3382 3146 ἅμα
3410 3067 3585 3125 δούλου

2391 3160 2538 3230 σῆμα
2556 3155 2703 3214 κενὸν
2721 3154 2981 3236 κενόφρων
3004 3153 3178 3222 τεῦξεν
3201 3153 3582 3233 Ἀριστοτέλης,

2308 3241 2364 3309 ὃς
2393 3241 2478 3300 διὰ
2502 3241 2594 3313 τὴν
2623 3244 2827 3321 ἀκρατῆ
2856 3241 3076 3321 γαστρὸς
3100 3241 3272 3322 φύσιν]
3297 3241 3467 3299 εἵλετο
3491 3239 3656 3310 ναίειν,

2388 3332 2500 3387 ἀντ’
2529 3328 2875 3407 Ἀκαδημείας
2902 3329 3155 3409 βορὸόρου
3187 3331 3240 3386 ἐν
3265 3336 3539 3410 προχοαῖς.

2233 3527 2382 3606 ὅορον
2409 3530 2642 3586 καλοῦσι.

2308 3620 2482 3674 Uncis
2506 3619 2716 3674 inclusa
2741 3619 2997 3692 supplevi
3023 3636 3093 3673 ex
3118 3619 3319 3676 Euseb.
3340 3621 3437 3674 Pr.
3460 3621 3553 3673 Ev.
3574 3615 3684 3681 XV,
3710 3629 3750 3676 ι,

2227 3726 2288 3780 p.
2321 3705 2452 3775 793.
2476 3707 2608 3760 Duo
2632 3725 2820 3761 versus
2838 3707 3057 3779 priores
3078 3707 3245 3760 etiam
3268 3707 3507 3780 Diogen.
3528 3707 3590 3759 L.
3610 3703 3667 3767 V,
3696 3715 3744 3750 ιι

2230 3792 2396 3847 affert
2415 3811 2483 3847 ex
2505 3793 2820 3862 Ambrrone
2833 3792 2886 3847 ἐν
2899 3793 2974 3868 τῷ
2996 3789 3116 3867 περὶ
3134 3790 3445 3869 Θεοκρίτου.
3468 3794 3544 3848 Cf.
3564 3785 3749 3843 Jacobs
3858 3847 3859 3862 ἶ

2232 3879 2463 3934 Anthol.
2485 3879 2659 3947 XIII,
2690 3898 2748 3952 p.
2774 3878 2911 3952 958.

2310 3963 2564 4019 Stobaeus
2589 3966 2848 4021 Sermon.
2876 3965 3156 4033 XXXVI,
3186 3984 3247 4037 p.
3282 3982 3347 4017 ιιι
3366 3984 3433 4035 7,
3461 3970 3524 4028 44
3551 3961 3696 4016 Gesn
3707 3974 3747 4056 ’ἕ

2230 4050 2508 4127 Θεόκριτος
2527 4048 2880 4126 Ἀναξιμένους
2902 4048 3069 4127 λέγειν
3095 4048 3398 4124 μέλλοντος,
3424 4047 3677 4127 Αρχεται,
3694 4064 3751 4098 ει-

2231 4160 2297 4195 πε
2312 4180 2331 4212 ,
2359 4136 2546 4203 λέξεων
2570 4134 2666 4211 μὲν
2695 4136 2960 4212 ποταμὸς,
2987 4142 3077 4195 νοῦ
3102 4135 3156 4194 δὲ
3183 4135 3503 4213 σταλαγμός.

2310 4227 2606 4282 Athenaeus
2623 4228 2680 4295 1,
2707 4245 2766 4299 p.
2794 4245 2892 4293 αι,
2918 4227 3003 4281 C:
3025 4223 3334 4303 Ἕρμιππος
3351 4222 3413 4280 δέ
3432 4216 3751 4301 φησιΘεόκρ·

2231 4335 2319 4370 τον
2335 4311 2422 4368 τὸν
2440 4312 2617 4371 Xtov‘
2588 4334 2658 4378 ως
2678 4311 2988 4369 ἀπαίδευτον
3006 4309 3302 4392 μέμφεσθαι
3320 4308 3418 4380 ’τὴν
3438 4302 3752 4381 Ἀναξιμένους

2231 4395 2534 4477 περιὸολήν.

2313 4486 2563 4541 Stobaeus
2585 4483 2766 4543 Sei-m.
2799 4487 3073 4554 CXXIII,
3102 4505 3161 4558 p.
3193 4485 3306 4556 617
3324 4527 3339 4554 ,
3375 4493 3490 4558 49·
3478 4528 3490 4540 .
3514 4478 3753 4554 Θεόκριτος

2235 4572 2286 4627 ἐν
2334 4568 2650 4649 περιδείπνῳ
2692 4576 2782 4629 τοῦ
2824 4575 3128 4637 πενθοῦντος
3168 4570 3474 4649 λαιμάργως
3509 4564 3765 4634 ἰσθίοντοςι,

2233 4656 2435 4736 Θάρρει
2465 4657 2726 4735 βέλτιστε,
2768 4650 2927 4716 εἶπεν·
2974 4659 3032 4716 οὗ
3060 4657 3142 4716 σοὶ
3185 4656 3328 4737 μόνῳ
3366 4662 3529 4715 ταῦτα
3553 4649 3749 4731 γέγονεν·

2242 4771 2266 4795 α
2290 4747 2473 4802 Verba
2494 4758 2608 4801 tum
2630 4747 2701 4802 ad
2722 4750 3043 4803 convivium
3064 4765 3386 4816 commune,
3409 4758 3523 4800 tum
3541 4743 3605 4798 ad
3620 4755 3749 4794 com·

2234 4852 2462 4888 munem
2484 4836 2681 4889 mortis
2694 4835 3080 4892 conditionem
3102 4836 3301 4890 referri
3321 4842 3608 4908 possunt.»
3587 4827 3751 4881 »·G¹‘5

2297 4984 2359 5042 (*)
2396 4982 2532 5044 Apud
2558 4983 2991 5046 Arrian.Exp.Al.
3022 4987 3231 5045 lV,13,
3262 4988 3287 5033 4
3318 4983 3442 5032 inter
3459 4991 3623 5044 pueros
3648 4976 3749 5022 Her·

2235 5053 2394 5100 molao
2415 5052 2761 5113 conjurationis
2781 5055 2936 5102 socios
2956 5058 3260 5104 memoratur
3285 5054 3491 5103 Anticles
3528 5052 3566 5098 T
3561 5043 3749 5096 heoertlt

2243 5122 2384 5170 ίὶΙΙυδ·
2408 5122 2623 5177 Quodsi
2610 5137 2651 5171 ns
2676 5126 2836 5173 noster
2858 5127 2933 5173 est
2958 5125 3249 5174 Timocritus
3266 5123 3444 5182 Chius,
3478 5120 3549 5167 vel
3581 5115 3677 5164 Ιιίιιι·
3696 5111 3751 5156 sa

2237 5190 2357 5306 pile
2371 5191 2650 5254 intelligitur
2676 5207 2762 5243 cur
2803 5194 3122 5245 hilensissimo
3166 5194 3215 5243 in
3257 5191 3572 5243 Alexandrum
3617 5181 3755 5232 animo

2260 5274 2317 5306 ιιι
2322 5259 2395 5307 ιιι

2261 3445 2388 3502 Εστι
2415 3441 2516 3522 γὰρ
2553 3440 2786 3518 ποταμὸς
2822 3441 2942 3519 περὶ
2972 3440 3202 3513 Πέλλην,
3224 3440 3296 3498 “ὃν
3326 3438 3614 3503 Μακεδόνες
3641 3433 3751 3510 Βόρ-
