3900 6042
639 475 753 525 206

1784 462 2260 525 HERACLIDES
2303 460 2687 521 PoN'rthS.

636 596 848 651 Politiis
876 595 1145 648 momenti
1170 592 1401 664 alicujus
1427 603 1584 647 erant
1603 634 1617 659 ,
1644 611 1759 647 non
1788 604 2046 666 poterant
2073 604 2190 648 noh
2281 602 2512 645 textum.
2578 592 2660 645 Ex
2704 589 3118 645 Schneidewini
3174 588 3410 662 quidem
3461 591 3692 644 sententia
3720 604 3764 645 ea

629 682 901 754 componi
931 678 1022 755 (⁴¹).
1053 681 1216 734 Nunc
1239 697 1375 733 vero
1397 688 1657 751 excerpta
1689 690 1876 733 nostra
1912 681 2048 735 nihil
2085 681 2189 734 nisi

632 767 963 841 indigestam
1011 765 1343 838 farraginem
1388 764 1660 836 praebent.
1714 766 1793 820 Ut
1835 783 2016 839 pauca
2059 775 2188 820 tan-

630 872 759 927 gam
777 895 792 919 ,
820 853 960 925 quid
993 852 1232 907 Thraces
1253 851 1357 905 sibi
1384 851 1585 905 volunt
1608 852 1754 905 inter
1779 852 2108 905 Tarentinos
2133 862 2191 906 et

634 940 882 993 Locros?
923 956 1025 993 cur
1063 939 1232 992 Locri
1271 954 1301 991 a
1340 937 1677 991 Crotoniatis
1714 947 2044 1009 separantur
2084 938 2189 991 Po·-

636 1025 764 1078 litiis
782 1024 1178 1096 Cephallenum
1197 1063 1213 1091 ,
1240 1022 1595 1081 Rhodiorum
1613 1063 1629 1089 ‚
1650 1024 2020 1095 Ephesiorum
2045 1023 2189 1077 etc.?

614 1128 735 1179 ,cur
757 1120 869 1163 tam
891 1111 1033 1163 mire
1063 1108 1414 1179 disjiciuntur
1433 1109 1645 1165 Politia
1661 1109 2036 1164 Ithacensimn
2050 1149 2066 1177 ,
2093 1110 2185 1164 Ce-

630 1198 984 1269 phallenum,
1032 1193 1440 1250 Molossorum?
1492 1209 1593 1249 cur
1630 1195 1835 1251 Graecis
1877 1197 2185 1249 miscentur

558 1330 565 1337 .
629 1284 861 1337 Barbari
887 1282 1194 1355 Tyrrheni,
1224 1281 1504 1348 Phasiani,
1532 1280 1893 1349 Athamanes,
1911 1281 2185 1336 Thraces?

628 1371 831 1425 Nonne
874 1378 1087 1423 veteres
1122 1377 1391 1421 testantur
1428 1368 1784 1422 Aristotelem
1824 1385 2070 1422 seorsum
2113 1367 2185 1422 de

628 1455 717 1509 his
758 1456 1071 1529 exposuisse
1099 1456 1160 1508 in
1201 1450 1455 1525 Νομίμοις
1498 1450 1869 1528 βαρὸαρικοῖςὲ
1912 1457 2002 1507 An
2039 1452 2184 1507 forte

629 1560 755 1596 cum
798 1541 1229 1596 Schneidewino
1258 1550 1519 1612 putemus
1554 1536 1727 1592 fidem
1763 1539 1993 1593 illorum
2020 1541 2175 1594 testi-

625 1629 957 1681 monierum
982 1628 1273 1698 Excerptis
1300 1627 1505 1680 nostris
1531 1625 1851 1679 labefactari
1886 1636 1940 1680 et
1971 1626 2183 1680 everti?

629 1713 794 1767 Haud
812 1724 870 1767 tu
889 1712 1099 1768 credes.
1122 1710 1237 1767 Sed
1262 1712 1346 1766 sac
1365 1712 1740 1766 barbarorum
1763 1708 1984 1784 Νόμιμα
2003 1713 2179 1767 mixta

620 1809 682 1853 et
702 1801 1024 1873 interposita
1050 1800 1265 1853 Politiis
1285 1797 1447 1852 fuisse
1471 1816 1707 1869 :hnonne
1733 1798 1821 1852 vel
1846 1799 1924 1853 sic
1953 1800 2012 1853 in
2038 1801 2182 1853 serie

625 1884 1064 1958 fragmentorum
1106 1883 1253 1939 ordo
1295 1883 1529 1955 quidam
1564 1895 1620 1939 et
1657 1894 1809 1938 certa
1850 1887 1993 1940 ratio
2034 1886 2182 1940 desi-

622 1969 853 2024 deratur
870 1971 892 2023 Ρ

706 2057 890 2128 Igitur
928 2072 1104 2127 quum
1139 2056 1306 2109 series
1332 2053 1772 2127 fragmentorum
1809 2057 2040 2127 antiqua
2068 2074 2182 2111 esse

624 2152 892 2212 nequeat,
922 2157 1107 2212 neque
1140 2142 1261 2195 ullo
1294 2140 1468 2195 modo
1495 2141 1795 2215 probabile
1818 2143 1889 2196 sit
1916 2144 2182 2198 exstitisse

624 2244 873 2297 unquam
918 2227 1225 2281 Aristotelii
1267 2228 1454 2299 operis
1495 2228 1800 2301 exemplar,
1851 2229 1911 2282 in
1956 2246 2072 2301 quo
2102 2231 2180 2283 sic

620 2313 813 2365 omnia
838 2329 1040 2384 susque
1082 2311 1268 2384 deque
1307 2313 1481 2367 mixta
1510 2313 1721 2366 fuerint
1752 2332 1765 2367 :
1797 2323 1998 2385 sponte
2027 2316 2182 2369 venit

618 2399 864 2470 suspicio
895 2398 1087 2455 turbas
1128 2399 1253 2454 istas
1288 2417 1402 2454 esse
1439 2401 1879 2472 eclogariorum,
1920 2401 2018 2472 qui
2057 2402 2178 2455 He-

619 2483 999 2539 raclideorum
1016 2484 1458 2558 fragmentorum
1478 2485 1656 2540 fundo
1674 2488 1990 2541 Aristotelia
2004 2489 2178 2543 multa

622 2580 833 2625 temere
884 2570 1300 2630 admiscuerint.
1364 2569 1485 2627 Nec
1551 2571 1752 2626 desunt
1796 2572 2031 2629 indicia.
2087 2573 2178 2628 Sic

619 2655 724 2732 (fr.
750 2657 853 2732 ao)
874 2657 1183 2717 Locrorum
1198 2659 1409 2731 politiae
1427 2658 1615 2730 inepte
1630 2657 2005 2728 subjiciuntur
2023 2658 2179 2713 Chal·

619 2742 887 2799 cidenses.
909 2744 1190 2799 Nimirum
1216 2745 1276 2798 in
1296 2743 1366 2798 fr.
1398 2761 1471 2797 ao
1501 2752 1644 2801 extr.
1668 2759 1852 2797 sermo
1874 2753 1955 2797 est
1973 2742 2044 2797 de
2062 2745 2179 2798 Lo-

619 2847 719 2883 cro
741 2829 986 2902 quodam
1009 2849 1176 2904 quem
1196 2829 1558 2885 mustelarum
1572 2847 1792 2884 morsus
1813 2828 1886 2883 ad
1908 2830 2176 2885 insaniam

616 2928 972 2989 mortemque
1013 2918 1317 2972 violentam
1345 2916 1657 2989 adegerint.
1720 2917 1821 2970 His
1866 2915 2174 2972 homuncio

618 3013 809 3056 noster
829 3003 1064 3057 similem
1092 3004 1383 3057 historiam
1398 3003 1655 3074 appinxit
1678 3001 1751 3056 de
1769 3003 2022 3057 muribus
2039 3042 2055 3070 ,
2077 3005 2176 3075 qui

617 3087 1003 3142 Chalcidenses
1024 3088 1168 3143 adeo
1197 3099 1471 3143 vexarunt
1487 3128 1506 3160 ,
1538 3098 1604 3142 ut
1623 3089 1865 3161 patriam
1888 3090 2177 3162 relinque—

618 3186 765 3228 rent.
792 3175 876 3229 Ne
902 3193 1039 3228 vero
1068 3185 1326 3247 putemus
1351 3175 1702 3229 historiolam
1723 3192 1842 3230 non
1869 3193 1939 3233 ex
1973 3177 2175 3247 Politia

617 3260 832 3334 aliqua,
859 3260 959 3314 sed
981 3254 1185 3316 ex‘alio
1221 3262 1422 3333 quovis
1445 3262 1719 3333 scriptore
1750 3271 1986 3317 assutam
2026 3281 2170 3332 esse,

616 3346 760 3400 illud
792 3346 1003 3413 obstat,
1042 3347 1202 3420 quod
1238 3347 1393 3402 aliud
1428 3346 1501 3402 de
1529 3366 1690 3403 more
1717 3348 1968 3421 quodam
2002 3349 2173 3405 Chal-

617 3432 924 3487 cidensium
947 3433 1197 3489 additur.
1242 3465 1315 3476 —
1360 3434 1851 3506 Quemadmodum
1876 3437 2090 3495 Locros
2115 3446 2172 3491 et

614 3518 1002 3574 Chalcidenses
1020 3519 1166 3575 futili
1199 3519 1273 3576 de
1301 3539 1463 3576 causa
1487 3521 1755 3597 conjungi
1776 3521 2058 3590 videmus,
2091 3524 2170 3578 sic

615 3606 987 3660 Molossorum
1013 3606 1111 3681 (fr.
1148 3604 1245 3683 17)
1274 3619 1332 3663 et
1355 3608 1755 3681 Cephallenum
1785 3606 1886 3682 (fr.
1922 3608 2027 3685 38)
2055 3611 2168 3665 Po·-

614 3691 783 3759 litias,
809 3710 933 3764 quae
955 3712 1105 3748 nunc
1128 3695 1297 3769 longe
1319 3707 1667 3768 separantur,
1698 3696 1757 3749 in
1786 3695 1970 3765 fonte,
1992 3715 2165 3769 quem

614 3778 924 3851 eclogarius
950 3779 1236 3849 adhibuit,
1270 3791 1399 3854 apte
1423 3800 1702 3837 connexas
1733 3782 1903 3838 fuisse
1939 3801 2006 3838 ex
2033 3802 2170 3839 cen-

615 3874 746 3919 tone
773 3863 971 3939 fragm.
1006 3884 1071 3939 17
1111 3866 1428 3924 adhaerente
1456 3869 1759 3943 colligitur.
1783 3900 1863 3915 -
1884 3871 2071 3924 Porro
2107 3873 2168 3925 in

611 3950 989 4005 Ithacensium
1026 3969 1149 4024 rep.
1194 3952 1568 4027 fragmentum
1600 3953 1671 4009 de
1698 3954 1944 4027 Cephalo
1960 3996 1976 4023 ,
2009 3956 2166 4028 quod

611 4048 804 4108 aperte
823 4055 892 4093 ex
910 4040 1211 4095 Aristotele
1232 4042 1471 4114 petitum
1496 4051 1602 4109 est,
1632 4041 1693 4095 in
1712 4043 1974 4097 omnibus
1987 4043 2158 4099 codd.

610 4123 689 4178 ita
715 4125 1032 4194 exhibetur,
1050 4136 1114 4181 ut
1131 4128 1423 4199 inscriptio
1445 4124 1754 4195 Ἰθακησίων
1772 4131 2025 4201 sequenti
2056 4130 2162 4186 de-

610 4228 763 4265 mum
790 4213 1021 4286 segmini
1054 4211 1392 4288 praefigatur.
1420 4214 1590 4270 Unde
1625 4215 1853 4288 colligas
1880 4215 2164 4289 frag-nnn-

610 4307 727 4351 tum
773 4299 1189 4355 Aristotelicum
1227 4302 1402 4356 serius
1443 4300 1671 4356 demum
1698 4301 1911 4356 illatum
1958 4313 2041 4370 et,
2079 4306 2161 4358 uti

611 4382 737 4440 fieri
777 4387 945 4456 solet,
985 4405 1103 4442 non
1141 4405 1243 4442 suo
1289 4405 1403 4444 esse
1430 4389 1560 4443 loeo
1599 4388 1865 4462 positum.
1899 4390 2163 4446 Similiter

609 4469 809 4545 fragm.
844 4490 874 4542 7
891 4512 906 4540 ,
938 4472 970 4527 3
993 4474 1349 4529 Aristotelica
1386 4474 1791 4533 historiuncula
1828 4486 2007 4531 assuta
2047 4494 2161 4535 ense

608 4556 853 4612 videtur.
882 4560 1062 4614 Porro
1091 4576 1215 4631 quae
1249 4578 1317 4616 ex
1336 4561 1761 4634 Corcyraeorum
1783 4580 1905 4634 rep.
1932 4561 2030 4632 (fr.
2055 4560 2158 4638 27)

610 4642 872 4715 leguntur
898 4646 959 4699 in
983 4646 1239 4718 plurimis
1260 4646 1432 4701 codd.
1461 4649 1816 4716 omittuntur;
1846 4650 1904 4702 in
1934 4649 2160 4704 duobus

608 4741 796 4785 autem
827 4731 907 4805 (A
931 4732 1005 4807 C)
1026 4773 1042 4800 ,
1078 4736 1175 4808 qui
1203 4751 1268 4789 ea
1291 4735 1589 4802 exhibent,
1616 4734 1846 4793 diversis
1883 4735 2021 4790 locis
2054 4755 2158 4809 po-

610 4824 838 4872 nuntur.
864 4818 1033 4889 Quod
1071 4819 1205 4873 item
1232 4820 1442 4875 indicio
1472 4832 1552 4875 est
1579 4821 1714 4875 olim
1746 4822 1864 4876 haec
1905 4841 1974 4876 eo
2004 4823 2159 4891 loco,

612 4902 711 4956 ubi
744 4904 816 4959 de
838 4906 1042 4960 Italicis
1076 4906 1292 4961 Politiis
1315 4924 1500 4963 sermo
1535 4917 1686 4979 erat,
1733 4906 1805 4962 ad
1845 4908 2158 4980 marginem

610 4991 855 5059 primum
883 4992 1159 5064 adscripta
1189 4992 1353 5047 fuisse
1371 5034 1386 5061 ‚
1414 4990 1620 5051 deinde
1652 4996 1911 5066 migrasse
1932 4996 1990 5051 in
2017 5013 2156 5050 con·

670 5130 731 5191 (*)
765 5131 1053 5193 Conjunctas
1087 5146 1188 5182 esse
1211 5146 1321 5195 quae
1351 5133 1398 5183 in
1421 5133 1587 5184 eadem
1615 5101 1804 5196 regione
1839 5138 1995 5184 essent
2025 5134 2154 5184 sinu·

607 5198 704 5259 ¹2⁸2
728 5200 882 5248 velex
904 5200 1054 5250 titulis
1070 5201 1285 5263 Ἀχαιῶν,
1306 5205 1560 5252 θεσσαλῶν
1578 5205 1683 5251 πολ.
1707 5207 1798 5252 etc.
1826 5207 1971 5265 patet.

2280 679 2469 732 omnia
2496 696 2620 750 quse
2647 679 2707 731 in
2739 676 2908 732 codd.
2936 680 2989 731 A
3021 678 3074 731 B
3113 678 3164 732 C
3194 677 3479 750 leguntur,
3506 678 3560 730 in
3590 678 3766 748 reliquis

2278 775 2463 818 autem
2497 763 2788 818 codicibus
2824 763 3245 831 desiderantur,
3292 780 3326 817 a
3365 763 3591 817 librariis
3611 763 3766 819 horum

2279 852 2476 905 omissa
2497 860 2642 904 sunt.
2670 848 2841 920 Quod
2861 861 2925 903 ut
2938 849 3010 904 de
3036 849 3334 920 corruptis
3350 848 3654 920 quibusdam
3668 850 3767 902 locis

2277 936 2647 1008 probabiliter
2663 936 2826 990 statui
2843 945 3044 1007 potest,
3072 936 3157 989 sic
3172 934 3249 989 de
3259 935 3459 989 ceteris
3473 952 3648 1006 parum
3658 934 3766 986 veri·

2275 1023 2453 1077 simile
2475 1033 2574 1076 est.
2606 1023 2729 1076 Imo
2770 1021 2992 1076 codices
3018 1041 3056 1075 a
3092 1023 3131 1075 b
3155 1041 3189 1076 ο
3232 1033 3343 1077 etc.
3375 1039 3444 1076 ex
3471 1021 3611 1076 sonte
3628 1017 3763 1073 fluxe—

2276 1111 2419 1177 rint,
2474 1110 2574 1181 qui
2617 1109 2890 1165 nonnulla
2938 1127 3139 1164 eorum
3186 1127 3317 1181 quae
3361 1108 3474 1179 jam
3507 1108 3562 1163 in
3597 1111 3644 1161 A
3669 1109 3710 1160 B
3735 1106 3767 1159 C

2276 1204 2522 1263 exstant,
2546 1195 2804 1250 nondum
2830 1197 3006 1249 novit.
3030 1197 3121 1250 Sic
3166 1213 3290 1249 non
3315 1197 3528 1251 noverit
3551 1212 3656 1266 quae
3671 1198 3710 1249 A
3730 1194 3763 1247 C

2279 1279 2366 1354 (in
2411 1281 2608 1355 fragm.
2648 1300 2671 1338 1
2688 1301 2710 1336 1
2757 1281 2938 1356 extr.)
2988 1282 3060 1337 de
3102 1281 3371 1339 Phidone
3398 1291 3454 1335 et
3494 1279 3762 1335 Prometheo

2275 1368 2570 1436 exhibent,
2598 1386 2721 1441 quae
2745 1387 2879 1422 num
2910 1369 3039 1423 loco
3063 1388 3171 1424 suo
3195 1370 3380 1442 posita
3406 1368 3510 1422 sint
3532 1378 3582 1421 et
3604 1364 3662 1421 ad
3683 1366 3759 1419 Cn·

2275 1473 2542 1509 maeorum
2566 1474 2746 1530 remp.
2776 1457 3093 1529 pertineant
3111 1495 3129 1522 ,
3162 1473 3237 1507 an
3261 1453 3485 1508 aliunde
3513 1452 3609 1506 huc
3626 1450 3763 1505 delata

2272 1540 2409 1607 sint,
2435 1540 2561 1611 jure
2583 1541 2895 1597 dubitatur.
2923 1543 3105 1596 Porro
3129 1541 3248 1595 huc
3265 1541 3540 1612 pertinere
3559 1536 3761 1593 videntur

2274 1643 2397 1697 quse
2415 1626 2489 1682 ad
2508 1626 2676 1683 finem
2700 1631 2843 1701 reip.
2866 1628 3251 1701 Rhegium-um
3275 1628 3375 1700 (fr.
3398 1623 3466 1680 25
3483 1624 3500 1697 )
3517 1626 3571 1678 in
3591 1622 3759 1679 duobus

2273 1721 2487 1766 tantum
2515 1714 2688 1769 codd.
2725 1716 2987 1788 leguntur
3027 1734 3042 1768 ε
3089 1711 3392 1788 Ἐγένοντο.
3426 1700 3587 1767 Ἦσαν
3622 1703 3666 1765 δὲ
3695 1703 3758 1763 καὶ

2274 1794 2423 1854 ἄλλοι
2458 1798 2840 1859 Soractem-ixei
2862 1797 3008 1878 παρὰ
3028 1799 3139 1865 τοῖς
3167 1797 3451 1874 Ῥηγίνοις.
3478 1799 3596 1868 Quae
3617 1795 3756 1851 nescio

2271 1902 2342 1939 an
2366 1885 2512 1942 sorte
2552 1889 2628 1945 ita
2667 1888 2997 1960 explicanda
3015 1889 3158 1954 sint,
3197 1898 3265 1942 ut
3305 1887 3397 1941 illa
3418 1873 3580 1941 ’Ἦσαν
3606 1878 3754 1937 sixti.

2269 1973 2493 2028 serioris
2533 1975 2776 2029 hominis
2807 1973 3262 2029 additamentum
3311 1972 3537 2035 suerim3
3573 1965 3754 2021 verbm-

2272 2054 2547 2132 Ἐγένοντο
2572 2071 2757 2116 autem
2782 2062 3065 2133 pertineat
3086 2062 3164 2116 ad
3187 2061 3408 2114 initium
3431 2057 3562 2127 reip.
3587 2055 3754 2108 Locro·

2269 2163 2397 2200 rum
2409 2189 2426 2216 ,
2446 2165 2569 2220 quae
2587 2149 2785 2221 incipit
2801 2147 2987 2201 verbis
2999 2144 3244 2223 Ἐγένετο
3260 2141 3476 2222 Λοκρός,
3489 2159 3584 2215 pro
3599 2139 3752 2212 quibus

2268 2234 2418 2288 salva
2443 2237 2714 2290 sententia
2738 2235 2849 2308 legi
2877 2236 3044 2293 etiam
3080 2245 3273 2308 potest
3300 2252 3314 2287 ε
3342 2227 3557 2306 ἐγίνοντο
3585 2222 3748 2299 Δοιροί.

2269 2320 2359 2373 Sic
2399 2329 2525 2393 apte
2567 2321 2779 2375 Politiae
2815 2322 2953 2375 olim
2977 2338 3035 2375 se
3077 2321 3444 2393 excepissent.
3473 2317 3614 2370 Nunc
3636 2313 3747 2368 inter

2269 2405 2478 2461 Locros
2504 2417 2561 2461 et
2581 2407 2867 2480 Rheginos
2889 2405 3312 2477 interjiciuntur
3329 2402 3525 2465 Minoi,
3539 2398 3745 2455 Thrace,

2267 2493 2545 2568 Corcyroei
2567 2494 2653 2568 (in
2669 2512 2702 2551 a
2722 2494 2932 2570 codd),
2948 2495 3258 2552 Tarentini.
3283 2488 3551 2547 Tarentini
3572 2482 3745 2555 quidem

2268 2580 2394 2634 loco
2418 2601 2536 2636 non
2561 2583 2754 2654 inepto
2776 2591 3090 2655 ponuntur,
3119 2580 3222 2636 sed
3246 2597 3368 2652 quoe
3389 2576 3457 2631 de
3479 2575 3537 2629 iis
3555 2570 3744 2629 assamu-

2269 2677 2379 2734 tur,
2405 2668 2591 2744 lacero
2618 2685 2722 2722 suo
2758 2668 2954 2723 habitu
2979 2668 3264 2724 simillima
3284 2673 3408 2721 sunt
3432 2658 3613 2717 notulae
3630 2670 3742 2711 mar-

2266 2753 2467 2825 ginali,
2511 2773 2634 2827 quae
2661 2757 2722 2809 in
2748 2763 3074 2809 contextum
3100 2753 3408 2813 verborum
3449 2740 3652 2815 irrepsit.
3687 2768 3736 2781 ·-·

2266 2839 2481 2895 Locros
2505 2842 2763 2914 excipere
2785 2840 3067 2899 debebant
3083 2839 3421 2895 Crotoniatae
3443 2832 3534 2903 (fr.
3559 2825 3642 2898 36)
3657 2864 3671 2891 2
3689 2821 3739 2875 ‘l‘

2266 2925 2471 2995 quibus
2513 2927 2652 2981 nihil
2679 2928 2784 2981 nisi
2823 2927 3066 2981 nominis
3099 2927 3269 3000 origo
3304 2920 3561 2996 proditur.
3583 2915 3735 2987 Apmm
3811 2968 3812 2985 ¹

2264 3010 2415 3067 huno
2460 3013 2648 3068 locum
2685 3013 2888 3068 sciolus
2923 3014 3172 3085 putavit,
3216 3030 3333 3085 quo
3363 3009 3461 3065 alia
3490 3000 3653 3059 similia
3686 2993 3737 3047 de
3811 3000 3812 3007 ’

2265 3099 2483 3171 origine
2509 3100 2753 3154 nominis
2791 3099 3164 3172 Ephesiorum
3183 3139 3202 3168 ,
3245 3098 3578 3153 Phocaeorum
3611 3094 3656 3141 θῑ
3683 3078 3734 3175 df

2263 3184 2456 3240 Rhodi
2483 3187 2714 3241 nomine
2740 3188 2976 3258 antiquo
3014 3187 3363 3259 appingeret.
3387 3177 3578 3251 Quibus
3597 3170 3733 3225 elum-
3809 3178 3810 3209 ³

2261 3271 2433 3339 natis,
2474 3272 2546 3326 ab
2572 3272 2803 3327 historia
2840 3272 2912 3327 de
2940 3271 3252 3327 Phalaridis
3293 3263 3526 3338 nequitia
3556 3268 3603 3313 et
3633 3266 3733 3309 nece

2259 3359 2518 3429 proxime
2546 3358 2749 3414 absunt
2778 3360 2999 3433 gemina
3026 3359 3121 3413 illa
3164 3375 3290 3432 qun
3318 3354 3386 3412 de
3408 3344 3730 3421 Cephlllflfflffl
3807 3360 3808 3407 3

2263 3455 2500 3516 tyranno
2521 3445 2750 3519 ejusque
2779 3464 2948 3518 poena
2968 3444 3286 3502 traduntur.
3307 3444 3431 3498 Haec
3447 3430 3730 3492 historianml

2259 3532 2567 3588 similitudo
2594 3534 2653 3587 in
2683 3551 2844 3588 causa
2870 3532 2975 3591 tuit
2993 3573 3009 3600 ‚
3038 3543 3104 3587 ut
3124 3528 3506 3605 Cephallenum
3525 3532 3640 3587 ΜΡ·
3660 3525 3726 3569 κ’
3805 3570 3806 3605 ¹

2252 3617 2584 3693 jungeretur
2615 3639 2647 3674 a
2671 3621 3043 3675 Molossorum
3075 3619 3308 3687 Politia,
3335 3613 3420 3669 cui
3439 3607 3604 3680 juncta
3622 3595 3720 3688 oluf!
3803 3686 3804 3701 χ

2257 3704 2458 3760 fuerat.
2516 3705 2808 3778 Ejusmodi
2850 3704 3243 3763 similitudines
3293 3700 3447 3761 ethim
3490 3689 3591 3749 ³¹5ss
3614 3683 3725 3781 ,¹⁰⁶3
3803 3740 3804 3749 κ

2258 3803 2501 3864 captasse
2523 3803 2722 3849 auctor
2742 3803 2933 3847 noster
2957 3791 3206 3848 videtur.
3231 3790 3321 3847 Sic
3341 3775 3544 3842 barbari
3565 3771 3628 3827 illi
3652 3782 3720 3836 qm
3803 3762 3804 3805 ¹

2255 3879 2460 3935 Graecis
2497 3881 2957 3953 interponuntur,
3013 3878 3292 3951 Tyrrheni
3329 3871 3425 3946 (fh
3476 3857 3602 3955 16),
3623 3852 3722 3911 Ph*

2254 3966 2393 4020 siani
2424 3964 2528 4041 (fr.
2581 3964 2679 4041 18)
2716 3976 2773 4022 et
2816 3966 3030 4022 Lucani
3074 3964 3180 4039 (fr.
3229 3961 3328 4035 ao)
3357 3949 3536 4017 eosibi
3569 3937 3719 3998 ⁵¹¹m¹⁶
3799 4032 3800 4035 Ἰ

2254 4063 2407 4123 sunt,
2453 4052 2612 4125 quod
2651 4071 2843 4109 omnes
2871 4049 3118 4129 φιλόξενοι
3159 4051 3322 4109 fuisse
3360 4044 3602 4101 dicuntur·
3625 4027 3718 4122 {³⁰⁸⁸
3795 4048 3800 4201 A

2253 4139 2606 4197 Cumanorum
2645 4141 2902 4195 Politiam
2922 4180 2938 4205 ,
2981 4140 3175 4211 paucis
3219 4127 3527 4202 interjecti&
3563 4117 3715 4186 leffm‘

2254 4226 2548 4297 quomodo
2569 4225 2853 4282 adulteros
2880 4227 3161 4300 Lepi-eam
3183 4216 3502 4299 puniveriut·
3524 4196 3712 4298 E'ff'daf

2254 4313 2370 4368 fere
2391 4331 2616 4387 poenam
2642 4313 2895 4369 Cumaeos
2935 4313 3173 4371 sanxisse
3215 4314 3435 4369 constat·
3473 4294 3709 4387 Sffil’m‘ffi

2252 4400 2425 4474 igitur
2448 4401 2593 4456 hanc
2615 4401 2788 4474 ipsam
2819 4401 2956 4455 olim
2980 4401 3409 4457 ini-Cumanorum
3437 4380 3602 4440 polim
3618 4382 3706 4425 ω’

2250 4498 2526 4544 moratam
2550 4488 2742 4558 fixisse,
2770 4505 3005 4560 eamque
3037 4487 3109 4543 ab
3134 4487 3249 4543 alio
3271 4476 3496 4556 quodam
3517 4467 3703 4531 Lepta·

2251 4585 2433 4631 tanim
2459 4575 2719 4648 exemplo
2744 4575 3072 4631 illustratam
3100 4572 3282 4633 fuisse.
3309 4562 3412 4629 Sed
3443 4559 3541 4617 1¹⁸⁰
3563 4547 3704 4643 ¹2²5*

2249 4681 2381 4731 nus3
2424 4680 2554 4717 nam
2588 4662 2923 4736 ‹le-singulis
2959 4661 3275 4735 quibusque
3299 4651 3433 4711 ratio
3457 4632 3592 4699 red&
3616 4634 3700 4696 ΙΨ

2249 4768 2369 4807 non
2403 4760 2604 4823 potest.
2629 4750 2754 4804 Jam
2778 4750 2824 4803 si
2851 4743 3052 4821 qu'aeris
3078 4762 3326 4819 quanam
3348 4725 3699 4825 fragm-‘¹¹⁰9'

2251 4838 2470 4909 uquam
2509 4835 2683 4890 libeni
2722 4833 3042 4890 Heraclida
3079 4833 3314 4890 fundum
3362 4804 3697 4910 comqfuffb

2249 4941 2504 4997 quaenam
2525 4920 2826 4978 adventitia
2839 4923 2949 4975 sint
2970 4939 3040 4975 ex
3058 4918 3347 4976 Aristotele
3367 4906 3443 4965 '⁶¹
3462 4899 3560 4959 ’ω’
3573 4894 3693 4943 ‘mm

2246 5010 2615 5083 scriptoribus
2639 5024 2660 5065 ι
2698 5007 2851 5063 haud
2892 5009 2968 5062 ita
3006 5008 3244 5065 multum
3282 5024 3311 5059 a
3346 4980 3695 5087 ver0'{W“

2245 5100 2384 5153 mihi
2407 5096 2609 5153 videor
2629 5107 2871 5151 statuens
2887 5094 3242 5153 Heracliden
3262 5106 3364 5151 este
3384 5077 3571 5143 P⁰¹¹⁸¹¹⁵
3582 5068 3691 5151 ΨΟ·

2247 5205 2336 5242 res
2393 5186 2633 5241 maxime
2695 5195 2864 5256 atque
2903 5183 3222 5245 uberiores,
3283 5175 3482 5240 ‹⁵³10er
3527 5153 3687 5208 &mm
