3900 6042
536 436 658 489 510

1525 427 1796 487 BEROSI
1836 427 2190 487 anLDAE1
2239 427 2734 489 FRAGMENTA.

538 558 742 612 Euseb.
778 555 843 614 P.
888 559 954 611 E.
998 559 1121 627 XV,
1162 554 1231 612 δι
1258 598 1273 623 ,
1316 575 1374 631 p.
1420 556 1533 620 848
1573 559 1653 619 D;
1693 560 1944 614 Stobaeus
1975 560 2091 615 Ecl.
2178 562 2262 617 uti
2290 570 2445 614 notat
2479 559 2764 620 Fabricius
2803 560 2862 612 in
2895 556 3040 614 Bibl.
3075 558 3175 614 Gr.
3217 569 3353 619 tom,
3391 561 3480 626 11,
3513 577 3576 630 p.
3621 558 3719 614 512

534 644 699 717 phy&
731 662 791 717 p.
826 640 958 699 558.

1274 737 1387 776 20.-

620 841 902 897 vitruvius
946 840 1065 914 IX,
1100 840 1135 893 6
1176 837 1249 912 (9)
1288 857 1303 897 t
1343 808 1733 912 Hemicyclium
1766 854 2090 896 excavatum

534 948 614 983 ex
630 929 902 1001 quadrato
918 928 1000 981 ad
1012 928 1359 999 enclimaque
1379 932 1643 981 succisum
1666 930 1898 982 Berosus
1922 928 2086 983 Chal-

2179 646 2313 701 coll.
2343 663 2402 718 p.
2433 643 2566 700 διο.

2908 751 2999 808 23.

2260 863 2418 919 Idem
2445 864 2577 930 v11,
2611 861 2723 918 50:
2751 863 3027 936 Epigenes
3055 873 3273 915 centum
3298 862 3598 915 duodecim
3625 880 3728 917 an-

2178 968 2278 1004 nos
2300 952 2520 1023 impleri
2546 955 2769 1021 negavit
2785 966 2979 1024 posse;
3021 949 3255 1001 Berosus
3285 949 3488 1001 etoedi
3515 960 3727 1003 centuni

532 1016 696 1068 doeus
722 1013 924 1067 dicitur
944 1018 1224 1077 invenisse,
1254 1013 1498 1086 scaphen
1515 1019 1624 1068 sive
1641 1013 2093 1088 hemisphaerium
2176 1038 2581 1109 septemdecim.

541 1101 893 1155 Aristarchus
917 1102 1161 1156 SamiuS.

1273 1204 1304 1239 2
1317 1205 1339 1240 1
1353 1227 1366 1240 .

618 1309 825 1365 Seneca
856 1307 985 1363 Nat.
1016 1304 1268 1376 Qu.111‚
1308 1322 1382 1379 29
1430 1324 1444 1358 ε
1497 1305 1733 1375 Quidam
1779 1309 2100 1360 existimant

538 1409 745 1457 terram
772 1411 983 1467 quoque
1005 1397 1241 1457 concuti,
1280 1403 1335 1445 et
1361 1391 1578 1464 dirupto
1599 1394 1716 1446 solo
1735 1410 1875 1445 nova
1885 1391 2095 1461 flumi-

540 1501 671 1536 num
692 1487 878 1554 capita
902 1481 1179 1551 detegere,
1218 1497 1346 1551 quoe
1369 1480 1613 1552 amplius
1635 1489 1696 1530 ut
1710 1485 1761 1531 e·
1765 1480 1936 1551 pleno
1955 1497 2094 1551 pro-

537 1565 797 1632 fundant.
823 1568 1057 1620 Berosus
1072 1607 1085 1631 ,
1120 1569 1216 1638 qui
1237 1565 1432 1618 Belum
1464 1569 1849 1636 interpretatus
1874 1576 1979 1631 est,
2012 1570 2098 1618 ait

538 1673 698 1708 cursu
732 1658 836 1707 ista
876 1653 1112 1707 siderum
1142 1652 1284 1724 fieri
1296 1692 1312 1719 ,
1342 1662 1401 1704 et
1425 1651 1567 1705 adeo
1595 1651 1809 1722 quidem
1838 1651 1902 1703 id
1933 1647 2095 1722 affir-

542 1752 689 1806 mat,
722 1753 782 1794 ut
807 1740 1239 1812 conflagrationi
1277 1750 1440 1810 atque
1474 1737 1681 1791 diluvio
1715 1749 1963 1809 tempora
2003 1757 2098 1791 as-

541 1834 737 1901 signet.
780 1830 994 1881 Arsura
1045 1831 1193 1881 enim
1241 1836 1460 1878 terrena
1506 1824 1787 1877 contendit
1800 1864 1817 1892 ,
1872 1826 2097 1897 quando

532 1920 727 1968 omnia
751 1914 955 1979 sidera,
997 1931 1128 1985 quoe
1154 1929 1298 1964 nunc
1330 1910 1563 1963 diversos
1592 1921 1768 1984 agunt
1795 1928 2002 1975 cursus,
2038 1915 2097 1963 in

542 2018 800 2054 cancrum
823 2003 1194 2068 convenerint,
1215 2002 1293 2051 sic
1312 1998 1412 2050 sub
1429 1996 1616 2051 eodem
1634 2000 1823 2068 posita
1838 2001 2089 2067 vestigio,

543 2099 604 2140 ut
627 2098 779 2140 recta
801 2088 949 2139 linea
968 2090 1124 2139 exire
1142 2102 1253 2158 per
1273 2081 1430 2138 orbes
1449 2088 1687 2137 omnium
1702 2087 1908 2156 possit;
1936 2087 2095 2137 inun-

538 2175 820 2228 dationem
833 2170 1093 2242 suturam
1109 2212 1129 2238 ,
1164 2190 1328 2245 quum
1355 2171 1549 2225 eadem
1578 2170 1818 2225 siderum
1847 2171 2009 2225 turba
2038 2174 2096 2224 in

544 2265 921 2334 capricornum
943 2264 1271 2315 convenerit.
1303 2258 1432 2312 Illic
1451 2259 1755 2323 solstitium,
1786 2256 1876 2310 hic
1903 2258 2098 2311 bruma

536 2348 862 2420 conficitur3
886 2362 1112 2417 magna:
1126 2349 1399 2419 potentioe
1415 2348 1602 2417 signa,
1648 2345 1869 2417 quando
1894 2350 1952 2397 in
1974 2350 2098 2417 ipsa

544 2439 843 2489 mutatione
865 2438 999 2488 anni
1025 2444 1300 2488 momenta
1315 2443 1460 2488 sunt.

1271 2572 1366 2610 22.

626 2679 835 2733 Plinius
874 2679 951 2734 Η.
982 2679 1054 2733 Ν.
1084 2678 1220 2744 vn,
1246 2694 1291 2732 s.
1326 2673 1395 2746 57
1442 2694 1457 2728 t
1497 2676 1774 2749 Epigenes
1796 2676 1954 2748 apud
1984 2676 2098 2729 Ba·

538 2765 791 2835 bjlonios
826 2763 1108 2818 DCCXX
1132 2781 1400 2817 annorum
1437 2762 1835 2817 observationes
1858 2762 2096 2816 siderum

539 2853 830 2905 coctilibus
862 2851 1142 2904 laterculis
1166 2854 1455 2921 inscriptas
1475 2849 1654 2916 docet,
1695 2854 1887 2923 gravis
1908 2861 2102 2903 auctor

548 2942 803 3009 inprimis
810 2956 833 3002 ;
885 2939 980 3007 qui
1027 2939 1307 2988 minimum
1360 2937 1594 2989 Berosus
1644 2948 1702 2989 et
1754 2936 2099 2992 Critodemus

546 3022 975 3078 CCCCLXXX
1004 3019 1127 3093 (alii
1171 3019 1426 3077 CCCXC
1446 3020 1463 3094 )
1500 3040 1783 3078 annorum.
1866 3024 1961 3077 Ex
1993 3043 2099 3096 quo

549 3121 790 3182 apparet
828 3120 1092 3162 ceter-num
1134 3109 1411 3161 literarum
1449 3126 1622 3166 usum.
1670 3138 1750 3151 —
1785 3109 1852 3164 V.
1893 3109 2098 3165 Ideler.

546 3196 810 3251 Chronol.
840 3195 896 3264 1,
922 3212 979 3266 p.
1007 3191 1117 3248 215
1146 3212 1229 3266 sq.
1257 3198 1452 3249 Annos
1477 3195 1603 3249 illos
1634 3196 1825 3249 Berosi
1852 3195 2100 3271 intellige

547 3300 722 3338 annos
742 3298 971 3355 magnos
996 3297 1040 3334 s.
1066 3279 1359 3353 periodOS‚
1388 3291 1484 3336 aut
1522 3300 1650 3335 cum
1677 3282 1967 3336 Perizonio
1991 3294 2100 3338 sta-

548 3368 821 3424 tuendum
854 3374 934 3420 est
962 3365 1227 3420 excidisse
1267 3368 1485 3440 signum
1507 3367 1597 3421 M.
1649 3366 1732 3424 Cf.
1774 3367 1970 3422 Cicero
2014 3368 2100 3425 De

549 3454 723 3508 divin.
762 3454 816 3522 1,
858 3471 926 3525 ¹9
954 3471 968 3504 ε
1022 3452 1448 3507 Contemnamus
1488 3458 1658 3508 etiam
1695 3454 2094 3525 Babybmios...

547 3552 645 3595 aut
677 3543 928 3619 stultitiae
954 3551 1055 3593 aut
1084 3545 1358 3594 vanitatis
1396 3552 1496 3595 aut
1534 3542 1924 3614 imprudentia:
1937 3581 1957 3608 ,
2005 3548 2101 3616 qui

552 3626 600 3681 C
602 3628 697 3682 CC
701 3627 916 3683 CLXX
928 3628 1108 3680 millia
1134 3645 1428 3694 annorum,
1459 3640 1519 3682 ut
1542 3631 1647 3700 ipsi
1662 3629 1872 3693 dicunt,
1908 3648 2100 3683 monu-

548 3719 744 3768 mentis
775 3712 1166 3786 comprehensa
1197 3720 1489 3768 continent.
1521 3714 1807 3770 Diodorus
1838 3715 1892 3768 11
1910 3755 1929 3787 ‚
1968 3714 1999 3769 3
2012 3734 2032 3768 1
2082 3735 2095 3768 ε

548 3797 714 3859 Ἐτῶν
728 3797 827 3877 γὰρ
850 3796 983 3855 ἑπτά
1001 3820 1057 3855 τε
1072 3796 1161 3855 καὶ
1177 3799 1564 3879 τεσσάρακοντα
1590 3798 1841 3878 μυριάδας
1863 3798 1954 3856 καὶ
1969 3801 2102 3877 τρεῖς

549 3886 635 3945 ἐπὶ
657 3886 869 3951 ταύταις
889 3882 1128 3962 χιλιάδας
1146 3885 1417 3965 (473000)
1435 3886 1504 3950 εἷς
1527 3883 1623 3956 τὴν
1643 3882 1970 3963 Ἀλεξάνδρου
1990 3885 2100 3942 διά-

549 3972 701 4031 6ασιν
720 3970 981 4048 γεγονέναι
1004 3976 1405 4050 καταριθμοῦσιν
1429 3971 1451 4048 (
1469 3972 1771 4046 Chaldaei),
1796 3972 1881 4050 ἀφ’
1900 3969 2019 4029 ὅτου
2041 3970 2100 4030 τὸ

549 4056 770 4115 παλαιὸν
792 4056 1010 4137 ἤρξαντο
1038 4060 1141 4115 τῶν
1175 4056 1376 4137 ἄστρων
1403 4056 1494 4123 τὰς
1518 4056 1903 4136 παρατηρήσεις
1929 4066 2098 4116 ποιεῖ-

549 4149 686 4205 σθαι.
733 4146 978 4204 African.
1013 4165 1105 4221 ap.
1125 4147 1365 4220 Syncell.
1387 4166 1447 4220 p.
1468 4165 1566 4217 17:
1591 4146 1640 4203 Τ
1641 4143 1696 4201 ὸν
1708 4146 1807 4201 τῶν
1821 4145 2096 4204 Χαλδαίων

551 4235 729 4310 λῆρον,
750 4231 837 4290 τὸν
862 4234 964 4289 τῶν
984 4232 1407 4313 τεσσαράκον
1427 4256 1505 4290 τα
1525 4230 1692 4290 ὀκτὼ
1732 4231 2095 4311 μυριάδων,

548 4317 600 4375 τί
620 4319 694 4376 δεῖ
720 4318 885 4395 λέγειν
905 4339 922 4391 ;
947 4320 1231 4392 Quatenus
1249 4339 1353 4376 nos
1370 4323 1558 4376 Berosi
1581 4338 1844 4375 numeros
1865 4321 2099 4377 traditos

550 4408 863 4479 accepimus
878 4447 893 4474 ,
952 4426 1164 4462 summa
1189 4406 1202 4419 ‘
1218 4405 1496 4462 conflatur
1551 4425 1829 4463 annorum
1877 4409 2098 4464 circiter

554 4493 805 4557 468000.
831 4496 1060 4549 Diversa
1093 4495 1260 4567 plane
1285 4495 1546 4568 leguntur
1570 4511 1662 4565 ap.
1690 4495 2007 4566 syncellum
2038 4505 2094 4550 et

550 4579 750 4637 Euseb.
780 4581 840 4634 in
861 4579 1058 4654 fragm.
1092 4599 1115 4634 1
1140 4581 1261 4637 init.
1282 4610 1361 4625 --
1379 4580 1678 4635 Critodemi
1695 4578 2094 4654 ἀποτελέσματα

551 4666 792 4719 citantur
842 4666 902 4718 in
942 4664 1072 4719 cod.
1117 4665 1364 4721 Colbert.
1417 4664 1586 4739 2069.
1640 4666 1903 4725 Lambec.
1955 4669 2058 4724 VII
2075 4707 2091 4737 ,

551 4767 610 4821 p.
637 4749 743 4804 261
765 4792 780 4819 ,
809 4750 946 4823 284,
972 4761 1027 4806 et
1053 4770 1083 4806 a
1103 4753 1254 4807 Julio
1281 4752 1525 4807 Fit-mico
1552 4765 1607 4809 et
1628 4754 1812 4808 Vettio
1834 4753 2091 4821 Valente,

2257 1123 2543 1177 Censorin.
2575 1123 2659 1177 De
2686 1119 2777 1175 die
2809 1131 2922 1174 nat.
2956 1139 3008 1176 c.
3043 1138 3109 1189 17
3145 1139 3161 1173 ε
3201 1120 3484 1193 Epigenes
3518 1126 3582 1174 in
3609 1139 3728 1175 cen·

2179 1220 2291 1263 tum
2313 1210 2598 1263 duodecim
2634 1213 2798 1261 annis
2827 1209 3200 1280 longissimam
3222 1212 3402 1264 vitam
3426 1212 3720 1271 constituit,

2180 1296 2412 1350 Berosus·
2437 1300 2494 1348 in
2516 1306 2727 1348 centum
2744 1295 3002 1349 sedecim.

2255 1382 2530 1454 Epigenes
2571 1380 2666 1434 ille
2705 1382 3011 1446 Byzantius
3049 1377 3259 1433 dieitur
3297 1397 3391 1451 ap.
3437 1379 3726 1436 Censor-in.

2181 1486 2232 1522 c.
2280 1487 2334 1536 7.
2366 1466 2621 1521 Eundem
2656 1465 2887 1519 laudant
2921 1466 3128 1521 Seneca
3160 1467 3271 1537 Qu.
3314 1466 3449 1522 Nat.
3491 1468 3634 1534 vu,
3671 1466 3729 1534 33

2180 1552 2432 1609 Stobaeus
2458 1554 2578 1611 Ecl.
2602 1554 2659 1621 1,
2693 1571 2796 1625 29;
2826 1553 3109 1608 Plutarch.
3139 1554 3221 1607 De
3239 1554 3392 1626 plac.
3425 1553 3576 1625 phil.
3623 1555 3728 1619 111,

2184 1659 2250 1708 2,
2299 1661 2328 1711 7
2357 1637 2668 1715 (Ἐπιγένης
2705 1637 2994 1713 πνεύματος
3025 1635 3288 1715 ἀναφορὰν
3321 1643 3622 1713 γεωμιγοῦς
3648 1661 3731 1695 zt-

2181 1724 2485 1805 πυρωμένου
2501 1746 2579 1783 sc.
2602 1723 2688 1782 τὸν
2709 1725 2941 1799 κομήτην
2970 1713 3103 1781 εἶναί
3118 1746 3271 1803 φησιν
3285 1729 3322 1797 ).
3347 1727 3731 1800 Reponendus

2181 1817 2344 1869 etiam
2360 1856 2377 1887 ,
2398 1824 2663 1868 monente
2685 1812 2969 1868 Lobeckio
2993 1814 3054 1866 in
3070 1813 3350 1886 Aglaoph.
3373 1832 3438 1886 p.
3471 1812 3587 1878 341
3605 1856 3622 1883 ,
3649 1832 3728 1887 ap.

2181 1900 2357 1956 schol.
2379 1899 2566 1973 Apoll.
2590 1898 2702 1954 Rh.
2730 1900 2837 1966 111,
2861 1897 3140 1968 1378,uhi
3156 1900 3360 1973 vulgo:
3393 1897 3536 1976 Περὶ
3555 1888 3617 1955 οὗ
3637 1900 3732 1972 (se.

2181 1989 2269 2041 τοῦ
2294 1986 2565 2062 πυρόεντος
2592 1982 2834 2060 ἀστέρος)
2876 1980 3158 2059 Περιγένης
3179 1983 3233 2039 ἐν
3260 1982 3367 2048 τοῖς
3397 1985 3735 2048 Χαλκιδικαῖς

2185 2072 2315 2147 (vv,
2348 2072 2449 2129 dd.
2476 2091 2696 2133 cortex.
2734 2070 3075 2146 Χαλδαῖκοῖς)
3103 2068 3345 2146 περὶτῶν
3390 2072 3733 2147 μαθημάτων,

2182 2154 2442 2235 προειπὼν
2484 2154 2603 2233 περὶ
2647 2158 2747 2212 τῶν
2795 2154 3071 2225 πλανήτων
3122 2156 3237 2213 κτλ.
3291 2176 3324 2212 e
3381 2158 3524 2215 cod.
3579 2162 3731 2228 Par.;

2182 2245 2353 2318 vulgo
2379 2244 2514 2320 Περ.
2553 2244 2606 2299 ἐν
2634 2244 2707 2321 τῷ
2734 2239 2853 2320 περὶ
2875 2245 2969 2311 τῆς
2991 2241 3315 2311 Χαλκιδικῆς
3347 2244 3458 2298 τῶν
3485 2247 3734 2318 μαθημα-

2182 2332 2357 2388 τικῶν.
2390 2331 2650 2387 Ceterum
2685 2331 2977 2403 Byzantius
3008 2330 3285 2404 Epigenes
3319 2330 3568 2386 sortasse
3603 2332 3734 2388 idua

2185 2435 2355 2490 quem
2384 2418 2657 2473 Rhodium
2690 2414 2830 2471 dicit
2852 2417 3063 2472 Plinius
3097 2417 3157 2469 in
3176 2415 3307 2470 lud.
3330 2429 3489 2474 auct.
3539 2417 3619 2474 ad
3643 2420 3730 2474 lib.

2184 2505 2341 2560 vm.
2363 2505 2441 2561 X.
2473 2506 2626 2579 XIV.
2648 2506 2773 2559 XV.
2801 2503 2980 2573 XVII,
2998 2503 3213 2570 XVIII,
3241 2519 3540 2575 quemque
3563 2504 3736 2559 laudat

2183 2592 2409 2661 XXXI,
2429 2608 2473 2647 ε.
2504 2609 2570 2644 21
2599 2589 2908 2664 (Epigenes
2923 2607 3145 2661 aquam,
3179 2607 3310 2661 quoe
3333 2597 3552 2663 septies
3563 2604 3738 2664 pun-e·

2169 2675 2345 2748 sacta
2382 2689 2626 2753 purgata
2677 2682 2784 2746 sit,
2821 2675 3083 2749 perhibet
3116 2677 3361 2749 amplius
3397 2696 3514 2732 non
3557 2690 3738 2753 putre-

2182 2763 2391 2838 scere).

2914 2867 3008 2907 22.

2264 2962 2544 3017 Vitruvius
2570 2961 2686 3034 IX,
2720 2967 2751 3025 l.
2776 2956 2852 3034 (7)
2874 2979 2895 3012 .·
2924 2960 3124 3015 Cetera
3143 2961 3556 3033 exastmlogia
3576 3001 3597 3028 ,
3625 2979 3740 3035 φα

2186 3046 2420 3119 ffctus
2444 3048 2691 3102 habeant
2716 3054 2881 3122 signa
2905 3048 3195 3101 duodecim
3213 3092 3230 3117 ‚
3254 3048 3446 3101 stelloe
3473 3053 3730 3121 quinque,

2184 3137 2294 3202 sol,
2319 3138 2451 3190 luna
2473 3136 2556 3189 ad
2574 3134 2839 3189 humanoe
2857 3139 2999 3189 vitoe
3015 3137 3308 3200 rationem,
3343 3133 3738 3191 Chaldaeum

2185 3223 2695 3278 ratiocinationibus
2715 3222 3226 3287 estconcedendum‚
3250 3221 3658 3297 σησάμῳ-ἐι
3670 3232 3741 3275 est

2186 3328 2370 3364 eorum
2390 3309 2842 3385 genethliologioe
2866 3314 3012 3363 ratio
3028 3349 3044 3377 ,
3082 3319 3145 3361 ut
3167 3312 3383 3381 poasint
3415 3322 3563 3364 anae
3582 3307 3740 3380 saeta

2186 3408 2244 3450 et
2249 3394 2459 3466 sutura
2483 3415 2557 3451 ex
2577 3397 3094 3451 ratiocinationibus
3122 3407 3397 3449 astrorum
3431 3398 3732 3468 explicare.

2185 3485 2394 3538 Eorum
2429 3488 2614 3538 autem
2643 3488 2997 3549 irwentiones,
3043 3499 3184 3554 quas
3224 3485 3456 3554 scriptis
3509 3484 3735 3554 reliq-e-

2185 3582 2339 3639 runt,
2364 3591 2476 3645 qua
2507 3573 2736 3626 solertia
2765 3572 3064 3644 quibusque
3100 3569 3459 3622 acuminibus
3490 3581 3552 3623 et
3585 3587 3734 3643 quan

2187 3665 2385 3730 magni
2407 3657 2654 3730 fito-int,
2705 3665 2801 3732 qui
2833 3656 2910 3713 ab
2937 3663 3061 3730 ipsa
3096 3661 3321 3711 natione
3347 3655 3733 3712 Chaldaeum

2177 3746 2567 3820 profluxerunt
2581 3789 2595 3814 ,
2645 3746 2955 3803 ostendunt.
3040 3744 3371 3816 Primusque
3406 3743 3650 3799 Berosus
3685 3747 3732 3796 ἑιι

2187 3834 2369 3886 insula
2393 3845 2451 3888 et
2471 3838 2688 3888 civitate
2717 3833 2793 3888 Co
2817 3833 3084 3897 consedit,
3126 3832 3314 3903 ibique
3334 3837 3571 3903 aperuit
3585 3832 3732 3885 disci·

2180 3922 2422 3998 plinam.
2449 3921 2653 3975 Postea
2675 3920 2895 3975 studens
2914 3922 3212 3991 Antipater
3229 3923 3478 3991 itemque
3505 3918 3732 3972 Achin-

2180 4008 2369 4079 polus,
2403 4012 2500 4080 qui
2519 4011 2827 4061 etiamnon
2866 4024 2900 4059 e
2925 4010 3241 4069 nascentia,
3291 4005 3400 4057 sed
3439 4022 3521 4058 εει·
3553 4020 3730 4058 cume·

2179 4099 2374 4165 ptione
2394 4091 2846 4168 genethliologioe
2875 4096 3116 4145 rationes
3142 4093 3467 4164 explicatus
3485 4092 3712 4163 requ't.

2807 4256 2820 4269 .
2913 4211 3010 4267 25.

2264 4324 2472 4380 Plinius
2494 4325 2568 4379 Η.
2598 4324 2671 4379 Ν.
2691 4324 2826 4392 vn,
2855 4320 2927 4393 37
2957 4342 2971 4375 ε
3007 4323 3303 4375 Vas-iarum
3329 4325 3541 4374 attium
3561 4323 3727 4375 scie»

2184 4414 2282 4463 tioe
2305 4410 2732 4464 innumerabiles
2752 4413 3014 4473 enituere,
3043 4426 3182 4481 quas
3207 4418 3401 4462 tamen
3417 4409 3728 4478 attingipoe

2180 4500 2258 4548 sit
2272 4495 2477 4564 florem
2507 4494 2791 4551 nominum
2816 4494 3134 4549 libantibus.
3214 4494 3538 4567 Astrologi«
3566 4490 3723 4545 Βαυ-

2180 4600 2298 4646 sus,
2331 4587 2423 4635 cui
2445 4582 2517 4637 ob
2545 4582 2761 4635 diuinas
2787 4582 3193 4655 ptaedictiones
3220 4579 3590 4635 Athenienses
3607 4594 3721 4649 pt-

2184 4669 2323 4722 blice
2363 4672 2420 4721 in
2463 4669 2767 4741 Gymnasio
2801 4679 3045 4723 statuam
3075 4673 3346 4722 inaurata
3383 4668 3575 4741 lingua
3605 4672 3720 4718 m-

2185 4765 2352 4810 tuere.
