3900 6042
1177 471 1756 542 ATHENIENSIUM
1801 467 2294 534 RESPUBLIGA.

1824 600 2104 682 ἕπιχωρίου
2130 597 2345 670 ἐκλήθη.
2375 597 2485 667 Τῆς
2503 593 2555 653 δὲ
2584 592 2835 673 Παράλου
2862 593 2953 651 καὶ
2974 593 3297 669 Σαλαμινίας
3320 597 3377 652 iv

880 624 949 688 47
979 618 1041 672 b·

3261 471 3362 522 ¹21

253 729 563 785 Athena-us
589 726 772 796 vl‚-p.
793 720 906 777 235
932 723 1012 777 E:
1041 713 1450 796 ’Apterorflncss’
1463 714 1601 789 ίν·τῇ
1623 712 1737 771 Με·
1827 688 1978 790 ξθίῖῃ
2031 683 2341 764 infimum
2382 682 2736 754 Θουκυδίδης,
2774 680 2863 739 καὶ
2906 679 3274 760 Ἀριστοφάνης
3322 683 3377 739 εν

167 812 416 873 θωναίων
445 808 754 889 (Ἀθηναίων
774 826 924 864 corr.
958 806 1215 864 Grashof.
1242 824 1297 878 p.
1330 802 1460 877 158)
1480 799 1737 878 πολιτεία,

170 900 511 980 Παράσιτοι,
549 897 714 978 φησὶ,
751 898 858 959 τοῖς
889 893 983 970 μὲν
1022 890 1242 970 ἄρχουσι
1272 887 1361 949 δύο
1386 888 1501 946 καθ’
1523 887 1741 945 ἕκαστον

171 983 342 1060 ἦσαν·
359 988 467 1052 τόίς
485 985 541 1043 δὲ
565 981 918 1061 πολεμάρχοις
936 971 1028 1046 εἷς.
1048 978 1357 1056 Τεταγμίνα
1377 974 1433 1034 δὲ
1449 973 1742 1050 ἕλάμὸανον

175 1072 323 1154 παρ’
333 1074 508 1131 ἄλλων
522 1072 582 1130 τέ
605 1093 758 1129 τινων
771 1068 860 1126 καὶ
874 1071 977 1126 τῶν
990 1065 1176 1124 ἁλιέων
1190 1065 1338 1144 ὄψον.
1359 1089 1383 1116 υ
1399 1065 1480 1123 Cf.
1506 1065 1739 1120 Preller.

181 1164 264 1218 ad
291 1161 421 1219 Pol.
452 1181 516 1236 p.
545 1179 650 1230 117
676 1202 694 1231 ,
721 1161 1027 1216 Hermann.
1053 1155 1292 1211 Gottesd.
1323 1156 1437 1208 Ale.
1469 1151 1573 1222 36,
1611 1169 1700 1225 19.

934 1269 1026 1336 48.

279 1403 705 1477 Harpocration
730 1419 745 1455 ε
768 1399 818 1457 Τ
829 1420 863 1454 α
877 1395 992 1475 μία
1007 1420 1045 1454 ι.
1060 1393 1222 1475 Ἀρχή
1240 1393 1450 1473 τιςπαρ’
1466 1390 1751 1464 Ἀθηναίοις

191 1479 266 1559 ἦν
286 1489 341 1544 oi
361 1486 568 1563 ταμίαι,
598 1485 630 1542 ι’
649 1484 738 1543 τὸν
763 1481 1001 1563 ἀριθμόν.
1025 1479 1515 1561 Παραλαμὸάνουσι
1539 1479 1586 1537 δ’
1607 1471 1748 1538 οὗτοι

189 1575 258 1633 τό
281 1595 345 1631 τι
367 1574 584 1650 ἄγαλμα
597 1576 690 1643 τῆς
714 1570 930 1642 Ἀθηνᾶς
955 1568 1046 1627 καὶ
1075 1566 1170 1634 τὰς
1183 1566 1352 1632 Νίκας
1371 1566 1460 1625 καὶ
1481 1566 1571 1624 τὸν
1595 1566 1749 1624 ἄλλον

191 1661 406 1738 κόσμον
441 1659 532 1718 καὶ
557 1657 625 1716 τὰ
654 1657 905 1738 χρήματα
934 1653 1157 1714 ἔναντίον
1186 1657 1281 1726 τῆς
1322 1655 1542 1732 βουλῆς,
1565 1651 1633 1719 ὥς
1654 1675 1753 1733 φη-

195 1771 286 1805 σιν
306 1747 421 1826 Ἀρ.
445 1749 504 1804 ἐν
524 1749 590 1824 τῇ
607 1744 713 1804 Ἀθ.
745 1745 868 1802 πολ.
899 1741 1023 1803 Εἰσὶ
1050 1740 1110 1800 δέ
1122 1763 1254 1807 τινες
1280 1739 1371 1799 καὶ
1396 1742 1499 1798 τῶν
1526 1740 1751 1819 [ἱερῶν]

197 1834 438 1915 τριήρων
457 1833 671 1909 ταμίαι,
699 1834 772 1897 ὥς
800 1834 829 1888 ὅ
862 1829 1015 1895 αὗτὸς
1046 1826 1321 1909 φιλόσοφός
1341 1849 1516 1907 φησιν.
1542 1826 1671 1886 Ὀτι
1699 1826 1755 1885 δὲ

198 1921 298 1980 καὶ
336 1929 445 1988 τοῖς
480 1918 812 2000 τριηράρχοις
856 1915 1170 1994 παρείποντο
1200 1914 1418 1992 ταμίαι,
1470 1911 1757 1983 δεδήλωκεν

203 2006 443 2073 Εὔπολις
466 2009 518 2064 ἐν
545 2008 790 2084 Μαρικᾷ.
831 2006 1044 2062 Eadem
1070 2002 1306 2059 Photius
1335 2014 1393 2058 et
1430 2001 1642 2058 Suidas.
1669 2003 1754 2059 Cf.

203 2098 394 2170 Etym.
411 2098 489 2152 M.
520 2114 569 2153 s.
594 2113 681 2168 1.,
700 2095 1012 2151 Philemon.
1038 2095 1176 2149 Lex.
1202 2110 1263 2164 p.
1303 2088 1406 2146 151
1435 2089 1524 2146 ed.
1548 2091 1754 2148 Osann.

179 2185 451 2252 ,Bekken
478 2181 690 2240 Anecd.
714 2200 776 2255 p.
811 2180 945 2237 306.
969 2180 1170 2234 Pollux
1194 2178 1334 2232 VIII
1358 2218 1375 2246 ‚
1403 2195 1476 2250 97
1513 2195 1528 2230 ε
1552 2171 1761 2249 Ταμίαι

204 2272 303 2339 τῆς
329 2271 447 2325 θεοῦ
476 2265 738 2344 κληρωτοὶ
774 2263 869 2342 μὲν
897 2265 958 2321 ἐκ
996 2260 1565 2336 πενταῑιοσιομεδίμνων
1604 2251 1758 2332 ἦσαν,

205 2355 280 2413 τὰ
312 2353 370 2412 δὲ
401 2352 658 2432 χρήματα
687 2345 1096 2430 παρελάμὸανον
1132 2351 1225 2418 τῆς
1262 2349 1452 2426 βουλῆς
1476 2345 1759 2425 παρούσης.

207 2440 537 2502 ’Enniam
564 2440 609 2497 δ’
626 2431 768 2497 οὗτοι
793 2435 1139 2516 κωλακρέται.
1166 2425 1329 2513 Εἶχον
1358 2433 1404 2492 δ’
1425 2432 1657 2501 ἐξουσίαν
1675 2432 1766 2491 καὶ

209 2526 408 2602 ζημίαν
445 2526 676 2605 ἀφελεῖν,
715 2526 761 2582 εἰ
789 2522 977 2590 ἀδίκως
996 2521 1098 2580 ὑπὸ
1128 2524 1233 2580 τῶν
1261 2518 1525 2600 ἀρχόντων
1551 2519 1767 2592 ἑπιὸλη-

209 2615 350 2687 θείη.
374 2616 542 2673 Idem
568 2616 722 2684 VIII,
762 2633 785 2670 1
803 2613 871 2669 16
904 2608 1144 2687 ιΤαμίας
1169 2608 1386 2668 ἐκάλουν
1407 2607 1524 2675 τοὺς
1551 2615 1665 2676 ταῖς
1689 2612 1766 2666 is·

213 2706 330 2781 ραῖς
363 2699 600 2782 τριήρεσι
626 2701 1075 2778 λειτουργοῦντας,
1114 2696 1300 2761 ἄλλους
1324 2692 1360 2766 ἢ
1400 2694 1763 2776 τριηράρχους.

215 2788 331 2848 Καὶ
357 2790 406 2846 οἱ
443 2789 503 2846 ἐκ
545 2790 639 2857 τῆς
678 2783 931 2865 Παράλου
968 2784 1060 2842 καὶ
1089 2787 1183 2856 τῆς
1217 2781 1544 2859 Σαλαμινίας
1587 2787 1770 2840 ναῦται

211 2876 562 2934 ὸιαλοῧντοοὶ
581 2873 674 2948 μὲν
690 2874 749 2930 οὗ
763 2870 989 2951 πάραλοι
1002 2868 1178 2946 μόνον,
1197 2867 1433 2927 ἀλλὰκαὶ
1445 2869 1766 2948 Παραλῖται,

213 2965 267 3022 οἱ
296 2963 355 3021 δὲ
377 2964 714 3039 Σαλαμίνιοι.
745 2962 830 3018 Cf.
854 2963 1162 3016 Hermann.
1201 2958 1334 3028 151,
1363 2977 1419 3029 7.
1442 2958 1614 3033 Apud
1631 2961 1773 3015 Har-

211 3054 614 3126 poci-ationem
632 3067 829 3105 vocem
844 3048 997 3123 ἱερῶν
1011 3058 1139 3102 ante
1166 3046 1389 3124 τριήρων
1410 3045 1768 3102 inserendam

227 3158 350 3195 ease
375 3140 598 3194 monuit
622 3138 865 3192 Meierns
892 3136 953 3189 in
976 3134 1169 3189 Ersch.
1195 3154 1251 3190 u.
1279 3134 1508 3191 Gruber.
1542 3134 1766 3205 Enqycl.

217 3238 361 3282 sect.
391 3227 504 3300 111,
522 3224 646 3280 101.
671 3224 758 3278 XI
779 3265 795 3297 ,
814 3241 876 3295 p.
910 3220 1044 3295 392.
1073 3223 1159 3276 De
1183 3223 1349 3277 sacris
1368 3220 1629 3276 trieribus
1652 3222 1774 3275 Ari·-

212 3313 432 3368 stotelis
450 3312 608 3367 locus
632 3321 715 3366 est
727 3312 788 3365 in
803 3310 1011 3366 Lexico
1032 3308 1364 3380 Rhetorice,
1387 3326 1554 3382 quem
1571 3307 1662 3363 bic
1676 3326 1772 3383 ap·

211 3416 438 3475 ponere
465 3399 649 3453 liceat.

957 3521 1051 3588 49·

302 3637 444 3690 Lex.
471 3634 639 3690 Rhet.
673 3652 732 3707 p.
761 3633 907 3705 676,
935 3652 968 3688 2
1016 3653 1030 3687 :
1067 3630 1314 3711 Πάραλος
1334 3630 1425 3689 καὶ
1454 3631 1772 3707 Σαλαμινία.

220 3718 446 3785 Ταύτας
464 3716 558 3784 τὰς
569 3717 796 3797 τριήρεις
816 3708 957 3796 εἶχον
982 3716 1067 3775 διὰ
1084 3717 1276 3784 παντὸς
1291 3716 1418 3797 πρὸς
1435 3715 1526 3783 τὰς
1546 3718 1780 3796 ἐπειγού-

225 3830 322 3872 οας
343 3803 661 3885 ὑπηρεσίας,
678 3805 755 3887 ἐφ’
779 3796 861 3871 αἷς
883 3804 972 3862 καὶ
986 3804 1174 3881 ταμίαι
1190 3802 1323 3872 τινὲς
1344 3806 1776 3883 ἐχειροτονοῧντο·

1853 777 2099 853 Ορνισιν·
2151 769 2507 850 Ἀριστοτέλης
2545 768 2600 828 δὲ
2647 768 2996 845 Ἀμμωνιάδα
3054 768 3143 826 καὶ
3185 767 3413 846 Πάρα-’

1832 862 1921 919 λον
1947 851 2051 919 οἶδε
2078 860 2169 918 καὶ
2195 858 2481 938 Δείναρχος
2513 860 2565 916 ἐν
2588 860 2664 937 τῷ
2690 855 2828 914 κατὰ
2855 853 3241 934 Τιμοκράτους·
3275 855 3380 912 Φι·

1829 946 2044 1026 λόχορος
2085 947 2189 1024 (fr.
2223 967 2246 1003 1
2264 947 2337 1004 30
2357 942 2523 1024 12)ae
2556 946 2609 1002 ἐν
2632 947 2698 1023 τῇ
2722 943 2771 1011 ς’
2792 942 3041 1021 τέτταρας
3066 939 3223 1007 αὐτὰς
3242 932 3346 999 οἶδε
3364 984 3381 1013 ,

1831 1031 2045 1111 πρώτας
2068 1031 2162 1109 μὲν
2205 1030 2295 1091 δύο
2317 1029 2657 1107 Ἀμμωνιάδα
2689 1029 2781 1087 καὶ
2802 1027 3072 1108 Πάραλον,
3103 1049 3384 1107 προσγενο·

1835 1118 1992 1195 μένας
2019 1118 2074 1177 δὲ
2118 1119 2467 1198 Δημητριάδα
2494 1117 2587 1176 καὶ
2618 1114 2956 1194 Ἀντιγονίδα.
2982 1114 3304 1174 Ἐκαλοῦντο
3329 1111 3388 1171 δὲ

1835 1208 1884 1264 οἱ
1911 1205 2220 1283 ἐμπλέοντες
2260 1209 2327 1284 τῇ
2370 1203 2606 1283 Παράλῳ
2627 1202 2717 1264 [lui
2752 1204 2892 1280 αλοι,
2921 1204 2990 1268 ὣς
3015 1201 3105 1260 καὶ
3131 1200 3260 1280 παρ’
3285 1202 3387 1260 Αἶ-

1835 1291 1989 1371 σχίνῃ
2017 1294 2114 1370 (C.
2143 1294 2434 1369 Ctesiph.§
2460 1292 2589 1348 162.
2613 1292 2657 1368 ),
2685 1226 2881 1369 οἷονῌ.
2911 1292 2960 1348 οἱ
2988 1288 3034 1346 δ’
3066 1289 3150 1365 ἐν)
3179 1293 3245 1366 τῇ
3276 1290 3391 1347 Σα-

1835 1380 2053 1458 λαμινία
2069 1424 2085 1452 ,
2107 1378 2440 1454 Σαλαμίνιοι.
2477 1379 2673 1436 Suidas
2699 1390 2755 1435 et
2771 1377 3007 1434 Photius
3034 1396 3080 1432 s.
3110 1397 3164 1435 1.

1917 1469 2008 1525 Ad
2037 1470 2152 1524 haec
2178 1469 2421 1523 Meierus
2457 1485 2472 1524 τ
2506 1491 2531 1516 α
2553 1467 2783 1544 ἐχρῶντο
2806 1464 2853 1520 δ’
2896 1463 3119 1539 αὐταῖς]
3147 1464 3279 1520 cod.
3297 1463 3391 1519 αὖ·

1838 1554 1963 1620 τοῖς.
1995 1587 2074 1598 -
2110 1551 2357 1631 Πάραλος
2387 1550 2492 1609 ἀπό
2517 1551 2697 1628 τινος]
2736 1551 2868 1606 cod.
2915 1550 2989 1609 Il.
3021 1548 3112 1606 καὶ
3138 1550 3192 1608 ἅ.
3222 1572 3272 1608 τ.
3305 1550 3389 1607 Cf.

1839 1643 2017 1699 Thac.
2054 1643 2167 1711 111,
2210 1640 2306 1711 33,
2345 1659 2453 1711 7²3
2488 1641 2656 1696 Arist.
2688 1643 2829 1695 Avv.
2866 1643 3035 1703 1204.
3060 1668 3141 1679 -
3172 1634 3393 1711 Ἄμμω-

1841 1725 1994 1784 νιάδα
2019 1725 2042 1803 ]
2066 1727 2194 1785 cod.
2233 1739 2481 1800 utroque
2507 1728 2634 1781 loco
2663 1721 2966 1802 Ἀμοριάδα.
3005 1726 3210 1780 Forma
3245 1726 3394 1779 enim

1845 1811 2142 1891 Ἀμμωνιάς
2170 1833 2295 1887 quae
2328 1825 2503 1870 exstat
2532 1815 2699 1868 etiam
2725 1831 2811 1886 ap.
2836 1812 3102 1867 Photium
3128 1831 3186 1866 v.
3210 1808 3397 1888 Πάρα-

1845 1901 1930 1966 λος
1971 1920 2034 1975 p.
2077 1901 2225 1970 386,
2258 1901 2332 1956 26
2366 1912 2424 1956 et
2447 1918 2540 1972 ap.
2581 1900 2811 1972 Ulpian.
2843 1899 2903 1953 in
2932 1899 3215 1956 Demostb.
3252 1897 3393 1954 mid.

1845 2007 1907 2062 p.
1937 2006 2006 2043 21
2020 1993 2052 2053 4
2072 1987 2164 2043 ed.
2196 2005 2353 2057 meae,
2373 1987 2609 2060 propius
2629 1986 2704 2041 ad
2720 1984 2929 2040 codicis
2950 1988 3283 2059 scripturam
3306 2003 3398 2039 ac-

1846 2074 1999 2130 cedit
2026 2093 2195 2147 quam
2223 2071 2515 2149 Ἄμμωνίς,
2541 2072 2700 2147 quod
2717 2084 2799 2128 est
2824 2090 2917 2145 ap.
2945 2074 3229 2147 Harpocr.
3250 2091 3294 2130 s.
3314 2090 3400 2142 1.;

1845 2164 2115 2236 analogiae
2149 2173 2338 2217 autem
2373 2180 2444 2216 ne
2475 2163 2570 2216 illa
2601 2160 2830 2234 quidem
2865 2160 3048 2216 forma
3074 2171 3353 2235 repugnat
3379 2178 3394 2213 t

1849 2260 2002 2304 certe
2041 2250 2100 2302 in
2139 2249 2463 2305 nominibus
2501 2248 2728 2302 navium
2762 2249 3075 2303 Atticarum
3118 2249 3401 2321 reperitur

1846 2353 1965 2390 non
1992 2336 2176 2390 minus
2199 2331 2514 2404 Ἀσκληπιάς
2532 2375 2548 2402 ,
2578 2331 2810 2405 Δηλιάς,
2845 2333 3181 2410 Ὀλυμπιάς,
3214 2333 3398 2413 Ἀφρο-

1849 2418 2033 2491 δισιάς,
2052 2419 2288 2492 Σουνιάς,
2309 2440 2477 2495 quam
2503 2417 2721 2478 Αἰθιοπί
2729 2442 2772 2491 ς,
2787 2420 2996 2499 Δελφίς,
3016 2420 3201 2499 Δωρίς,
3232 2424 3404 2479 Λεων-

1848 2506 1956 2584 τίς,
1975 2505 2176 2586 Νηρηίς
2193 2550 2211 2582 ,
2239 2505 2539 2577 Παλληνίς,
2565 2503 2806 2582 Περσίς,
2840 2505 3150 2584 Στρατηγίς.
3178 2539 3256 2550 --
3278 2510 3407 2584 'Ari-

1849 2597 2061 2652 stotelis
2081 2596 2310 2650 nomine
2332 2595 2476 2650 liber
2493 2594 2609 2666 ejus
2619 2591 2753 2670 Περὶ
2769 2591 3030 2656 πολιτείας
3042 2592 3402 2668 significatur.

1853 2713 1934 2725 —-
1981 2681 2355 2738 Ammoniada
2397 2681 2532 2736 inde
2570 2698 2683 2735 esse
2718 2680 2927 2736 dictam
2970 2680 3130 2755 quod
3172 2681 3404 2735 theoriis

1853 2771 2120 2826 Ammoni
2141 2770 2174 2824 J
2178 2771 2271 2824 ovi
2297 2768 2583 2823 mittendis
2608 2766 2865 2822 adhiberi
2887 2769 3047 2823 solita
3066 2770 3153 2838 sit,
3172 2769 3405 2841 Ulpiani

1855 2858 1896 2912 l.
1928 2875 1980 2915 c.
2010 2857 2281 2912 sententia
2306 2866 2388 2910 est
2420 2874 2433 2909 ε
2463 2872 2663 2910 verum
2699 2872 2873 2926 quum
2902 2856 3048 2910 illius
3074 2854 3166 2910 dei
3202 2856 3401 2930 religio

1850 2943 1968 3016 jam
1994 2942 2389 3016 Peloponnesii
2429 2941 2562 2996 belli
2591 2941 2939 3012 temporibus
2964 2959 3083 2995 non
3112 2940 3282 2996 fuerit
3302 2959 3404 2997 ne-

1856 3031 2035 3105 glecta
2086 3027 2518 3085 Atheniensibus
2538 3067 2555 3096 ,
2601 3028 2806 3082 mirere
2855 3027 3205 3083 Ammonidis
3253 3029 3408 3082 navis

1857 3115 2011 3189 apud
2058 3116 2410 3172 Aristotelem
2478 3114 2705 3170 demum
2748 3124 2805 3168 et
2851 3112 3199 3171 Dinarchum
3242 3127 3409 3187 atque

1856 3201 2260 3259 Philochorum
2292 3203 2557 3258 exstitisse
2590 3201 2949 3271 memoriam3
2990 3219 3141 3255 nam·
3158 3203 3202 3255 si
3241 3203 3408 3256 etiam

1860 3289 2014 3366 apud
2046 3294 2299 3345 oratores
2335 3288 2622 3344 Dinarcho
2658 3288 2880 3360 priores
2902 3305 2967 3343 ea
2989 3297 3212 3361 reperta
3239 3298 3407 3357 esset,

1859 3378 2209 3451 grammatici
2225 3377 2392 3431 etiam
2404 3374 2816 3447 antiquioribus
2839 3375 3068 3430 testibus
3090 3375 3412 3429 denuncias·

1858 3475 1981 3520 sent
1998 3464 2392 3520 testimonium.
2434 3466 2612 3519 Acute
2634 3463 2806 3537 igitur
2828 3461 3067 3532 conjecit
3096 3459 3415 3516 Grashofius

1859 3552 1922 3605 in
1945 3550 2133 3605 Jabnii
2155 3550 2376 3607 Annall.
2394 3550 2453 3604 X
2464 3588 2481 3617 ,
2511 3567 2647 3622 2‚p.
2687 3547 3180 3617 166,Ammonidis
3206 3565 3415 3601 nomen

1863 3639 1925 3692 in
1942 3638 2184 3693 Atticam
2204 3637 2485 3691 civitatem
2508 3647 2794 3708 receptum
2817 3653 2947 3704 esse,
2971 3653 3149 3707 quum
3175 3635 3414 3689 Alexan·

1862 3721 1966 3778 der
1983 3723 2271 3778 Ammonis
2295 3720 2475 3776 filium
2494 3721 2784 3795 perhiberi
2806 3739 2863 3777 se
2887 3720 3112 3794 dicique
3130 3720 3368 3793 jussisset
3392 3762 3409 3792 ,

1863 3826 2047 3882 eoque
2057 3808 2264 3865 dictam
2277 3826 2390 3864 esse
2402 3827 2601 3864 navem
2619 3827 2729 3882 qua
2744 3810 2925 3864 theori
2940 3808 3014 3865 ad
3032 3808 3415 3865 Alexandrum

224 3896 455 3972 ἐχρῶντο
482 3892 536 3949 δὲ
565 3892 779 3967 αὐταῖς,
802 3893 847 3949 εἰ
870 3891 976 3949 δέοι
1005 3891 1294 3972 στρατηγὸν
1316 3890 1776 3972 μεταπέμψασθαι,
1866 3894 2157 3951 Ammonis
2189 3893 2368 3950 filium
2405 3897 2553 3951 missi
2598 3896 2960 3965 veherentur,
3011 3896 3073 3950 id
3104 3894 3263 3969 quod
3294 3895 3414 3951 fere

227 3978 410 4057 ὥσπερ
443 3978 798 4049 Ἆλκιὸιάδην.
833 3977 902 4037 Ἦ
934 3979 990 4036 δὲ
1021 3978 1267 4057 Πάραλος
1308 3977 1413 4035 ἀπό
1454 4001 1587 4045 τινος
1613 3978 1781 4058 ἥρωος

231 4147 375 4196 litant
407 4159 522 4196 cum
561 4146 778 4209 vatibus,
802 4148 852 4195 et
882 4145 1112 4195 sacrificia
1145 4158 1235 4196 usu
1263 4145 1445 4195 sancita
1485 4145 1694 4207 faciunt,
1727 4147 1779 4195 01

1865 3983 2092 4057 Olymp.
2125 4002 2147 4037 1
2164 4002 2254 4052 12,
2278 4003 2311 4038 2
2338 3982 2548 4039 sactum
2570 3984 2756 4038 fuerit.
2783 3985 2919 4054 Quae
2937 3984 2982 4037 si
3005 4001 3136 4037 vere
3152 3993 3281 4037 sunt
3299 3982 3419 4037 dis-

2602 4151 2688 4202 49.

235 4224 608 4286 quinquennalia
644 4224 765 4273 festa
800 4223 1036 4273 adornant
1060 4224 1222 4273 omnia
1238 4227 1414 4286 proeter
1440 4225 1779 4275 Panathenaea.
1816 4180 1837 4318 1
1933 4234 2132 4284 paulus
2151 4236 2201 4283 et
2218 4234 2490 4284 salamiam,
2512 4236 2611 4284 11oe
2633 4232 2855 4283 triremes
2870 4233 3100 4295 perpetuo
3115 4232 3178 4282 ad
3198 4231 3417 4282 ministe-

239 4303 351 4351 Haec
364 4300 643 4350 Aristoteles
661 4299 806 4350 tradit
822 4300 872 4349 in
894 4299 1252 4433 111110ιίξοηοίοω
1271 4302 1392 4362 nep.

936 4383 1002 4431 47
1070 4419 1081 4431 .

300 4465 647 4515 ,ιι-1010101610
674 4464 846 4513 Athen.
886 4467 1038 4527 Rep.:
1070 4483 1094 4507 α
1130 4466 1328 4515 Parasiti
1363 4465 1670 4515 archontibus
1688 4466 1787 4514 duo

239 4546 378 4594 erant
389 4543 617 4605 singulis,
640 4544 957 4605 poiemarcbis
988 4556 1103 4593 vero
1127 4557 1267 4594 unus.
1290 4545 1599 4607 Accipiebant
1623 4548 1786 4594 autem

235 4623 419 4670 statuta
431 4620 660 4683 quaedam
669 4619 976 4682 tumabaliis,
989 4623 1097 4670 tum
1113 4621 1466 4684 apiscatoribus
1476 4621 1741 4672 obsonium.
1763 4640 1785 4664 υ

967 4704 1056 4753 48.

300 4777 507 4839 Taum,
525 4777 802 4838 quaestoroe.
825 4777 1132 4839 Magistratus
1157 4777 1352 4826 fuerunt
1388 4777 1516 4840 apud
1536 4777 1789 4828 Athenien·

240 4866 315 4903 ses
334 4852 813 4914 quaestores,decem
842 4867 1075 4914 numero,
1105 4854 1189 4916 qui
1213 4853 1442 4903 Miner-vm
1478 4854 1790 4904 simulacrum

243 4935 292 4980 01
310 4931 550 4979 victorias
576 4930 764 4993 aliaque
798 4935 1079 4982 ornamenta
1114 4935 1164 4981 et
1204 4934 1431 4995 pecunias
1457 4932 1507 4982 111
1531 4937 1791 4996 conspectu

241 5013 440 5060 senatus
462 5007 779 5069 recipiebant,
823 5013 880 5060 ut
899 5009 968 5058 ait
1001 5009 1278 5061 Aristoteles
1303 5012 1354 5059 in
1378 5012 1495 5072 Rep.
1530 5009 1798 5060 Athenien··

244 5087 382 5138 sium.
414 5088 541 5135 Sunt
569 5085 715 5134 etiam
745 5086 1014 5135 triremium
1039 5100 1281 5136 sacrarum
1310 5091 1601 5150 quaestores,
1621 5088 1790 5138 eodem

241 5161 530 5231 philosopho
555 5163 694 5211 teste.
714 5163 1008 5213 Trierarcbis
1038 5176 1225 5227 quoque
1257 5163 1507 5226 adjunctos
1537 5164 1678 5214 fuisse
1700 5165 1785 5215 de-

246 5242 394 5288 clarat
416 5239 611 5299 Eupolis
634 5239 679 5286 in
710 5239 898 5288 Marica.

1883 4309 1961 4359 ria
1988 4310 2208 4360 celeriter
2232 4309 2538 4373 exsequenda
2567 4312 2756 4372 paratas
2785 4309 3043 4358 habebant.
3070 4311 3248 4358 Earum
3278 4310 3424 4358 etiam

1876 4388 2140 4448 quaestores
2158 4385 2390 4448 quosdam
2412 4385 2667 4448 eligebant.
2696 4387 2923 4436 Ceterum
2947 4384 3203 4434 utebantur
3234 4385 3311 4456 his
3337 4398 3425 4434 na·

1875 4464 2041 4523 vibm,
2067 4463 2108 4511 si
2126 4464 2385 4525 imperator
2402 4461 2713 4512 arcessendus
2730 4463 2854 4512 met
2868 4498 2884 4524 ‚
2909 4462 2980 4511 uti
2999 4475 3047 4511 1.
3073 4475 3116 4511 0.
3135 4462 3428 4514 Alcibiades·

1877 4539 2073 4588 Paralus
2093 4551 2271 4587 nomen
2300 4538 2445 4588 habet
2474 4553 2504 4587 a
2536 4538 2704 4587 Paralo
2734 4538 2879 4588 beroe
2905 4538 3153 4600 indigena.
3189 4539 3345 4589 Parali
3376 4543 3428 4589 et

1876 4617 2149 4668 Salaminiae
2166 4616 2289 4666 libro
2303 4617 2445 4666 tertio
2467 4615 2684 4666 meminit
2700 4614 3004 4679 Thucydides
3022 4617 3071 4666 et
3089 4617 3428 4680 Aristophanes

1879 4696 1928 4745 in
1945 4695 2143 4745 Avibus.
2168 4695 2448 4746 Aristoteles
2467 4707 2585 4744 1010
2604 4697 2653 4744 01
2669 4694 2941 4745 Dinarchus
2959 4694 3008 4743 in
3030 4695 3244 4745 oratione
3262 4698 3429 4744 contra

1878 4771 2200 4822 Timocratem
2231 4770 2602 4821 Ammoniadem
2628 4772 2679 4822 01
2711 4771 2932 4821 Paralum
2953 4774 3239 4822 memorant.
3266 4772 3427 4821 Phiio-

1881 4849 2057 4898 chorus
2092 4851 2256 4898 autem
2290 4848 2414 4899 libro
2447 4850 2584 4897 sexto
2623 4850 2853 4911 quattuor
2886 4859 3033 4897 naves
3067 4861 3227 4898 sacras
3260 4849 3429 4910 novit,

1880 4927 2088 4989 primum
2123 4925 2318 4989 quidem
2341 4924 2654 4974 Ammoniada
2685 4926 2736 4974 01
2768 4925 3027 4986 Paralum,
3057 4925 3236 4988 quibus
3258 4924 3430 4974 deinde

1883 4997 2169 5052 accesserint
2204 5002 2470 5052 Demetrias
2506 5002 2556 5051 et
2593 5001 2855 5063 Antigonia.
2894 5004 3067 5050 Nautoe
3104 5001 3256 5050 Parali
3293 5002 3431 5052 navis

1882 5080 2257 5130 nominabantur
2279 5080 2434 5131 Parali
2449 5116 2464 5141 ,
2482 5080 2553 5129 uti
2570 5081 2642 5131 est
2667 5079 2810 5129 etiam
2834 5079 2963 5143 apud
2981 5077 3251 5132 AEschinem
3262 5117 3280 5146 ‚
3298 5080 3431 5134 simt-

1884 5159 2087 5222 literque
2105 5160 2382 5225 Salaminiae·
2395 5161 2572 5224 nauta,
2592 5158 2848 5210 Salaminii.
