3900 6042
452 548 457 555 ἲ
567 460 639 509 36
1665 452 2069 516 RERonoffl
2114 453 2678 516 HERACLEENSIS

552 578 705 636 hulae
729 582 947 638 subesse
979 582 1237 637 videntut
1263 584 1477 658 lapides
1512 586 2113 643 molales.Assentitu1
2207 583 2401 643 ἔθναὸν
2419 588 2771 650 Κασσωπαῗος
2786 606 2875 643 και
2891 585 3218 653 Κασσωπιος
3240 585 3562 669 Ἡρόδωροςδὲ
3579 590 3691 650 Ket-

558 670 970 725 Schneidewin.
990 670 1061 726 ad
1080 670 1234 744 Ibyci
1256 670 1453 746 fragm.
1478 682 1532 729 et
1554 673 1653 745 qui
1676 672 1754 726 ibi
1782 672 2105 729 laudantur.

1283 828 1357 882 29

643 946 830 1003 Schol.
863 949 1027 1005 Pind.
1060 950 1149 1004 Ol.
1176 951 1244 1018 V,
1284 967 1351 1004 10
1387 969 1401 1004 ε
1435 946 1649 1023 Βωμοὺς
1687 946 1791 1026 ἐξ]
1820 946 2110 1027 Ἥρόδωρός

558 1054 684 1112 φησι
721 1036 807 1090 τὸν
836 1033 1106 1112 Ἡρακλέα
1144 1035 1196 1090 ἐν
1245 1030 1516 1114 Ὀλυμπίᾳ
1557 1033 1864 1112 ἱδρύσασθαι
1907 1033 2108 1090 δώδεκα

558 1123 686 1176 θεῶν
710 1121 1024 1197 ἀγάλματα,
1048 1118 1363 1197 συμὸώμους
1391 1119 1446 1179 δὲ
1474 1120 1657 1187 αὐτοὺς
1685 1125 1900 1191 ποιῆσαι
1928 1118 1982 1187 ἓξ
2007 1123 2110 1198 βω-

558 1206 685 1282 μοὺς
708 1208 1191 1267 κατασκευάσαντα.
1213 1206 1275 1267 'A
1287 1208 1413 1265 λλω
1424 1230 1463 1274 ς·
1489 1207 1816 1284 Ὀλυμπίασι
1839 1207 2007 1287 βωμοί
2033 1208 2108 1264 εἷ-

558 1316 639 1351 σιν
662 1292 713 1362 ἓξ
738 1292 940 1370 δίδυμοι
960 1295 1062 1359 τοῖς
1086 1293 1285 1353 δώδεκα
1305 1298 1435 1360 θεοῖς
1458 1294 1812 1373 ἀνιδρυμένοι,
1844 1292 1953 1359 ἑνὸς
1982 1291 2106 1352 {xri-

559 1403 681 1440 στου
714 1384 893 1460 βωμοῦ
922 1381 1010 1439 δύο
1046 1386 1176 1448 θεοῖς
1198 1380 1615 1456 καθωσιωμένου·
1646 1385 1846 1459 πρῶτος
1869 1379 1990 1445 Διὸς
2018 1381 2110 1437 καὶ

563 1470 909 1544 Ποσειδῶνος,
941 1469 1170 1548 δεύτερος
1197 1466 1371 1548 Ἤρας
1405 1468 1495 1527 καὶ
1520 1468 1757 1541 Ἀθηνᾶς,
1784 1468 1950 1547 τρίτος
1972 1467 2108 1547 Ἔρ-

559 1559 658 1631 μοῧ
682 1556 772 1614 καὶ
803 1555 1144 1630 Ἀπόλλωνος,
1172 1557 1412 1636 τέταρτος
1435 1555 1682 1634 Χαρίτων
1710 1555 1799 1613 καὶ
1829 1553 2108 1627 Διονύσου,

558 1640 792 1718 πέμπτος
833 1642 1124 1722 Ἀρτέμιδος
1159 1642 1249 1702 καὶ
1292 1642 1556 1722 Ἀλφειοῦ,
1593 1640 1737 1709 ἕκτος
1775 1640 1977 1723 Κρόνου
2018 1642 2107 1698 καὶ

558 1728 740 1802 Ρὲας,
766 1727 835 1796 ὥς
859 1752 1015 1810 φησιν
1037 1728 1354 1808 εΗρόδωρος.

636 1816 855 1897 Ιστορεῖ
882 1817 1001 1895 περὶ
1028 1820 1129 1875 τῶν
1159 1815 1212 1884 ἓξ
1250 1819 1439 1927 βωμῶν
1468 1814 1763 1895 Ἡρόδωρος
1802 1837 2105 1895 γραμματι·

557 1902 669 1970 κός·
697 1903 898 1964 Ἐλθὼν
940 1904 993 1961 δὲ
1035 1907 1107 1971 εἰς
1132 1902 1230 1974 τὴν
1268 1894 1430 1962 ’Ἦλιν
1457 1903 1517 1961 τὸ
1558 1906 1611 1961 ἐν
1658 1901 1929 1982 Ὀλυμπία
1972 1901 2107 1981 ἱερὸν

555 1988 829 2068 ἱδρύσατο
816 1988 966 2056 Aah(
967 1988 1274 2066 Ολυμπίου,
1295 1987 1386 2046 καὶ
1407 1988 1706 2064 Ὀλυμπίαν
1726 2010 1814 2046 του
1839 1991 1952 2045 θεοῦ
1973 1987 2107 2063 ὀμώ-

557 2100 714 2151 νυμον
730 2075 823 2147 τὴν
851 2075 1029 2156 χώραν
1054 2076 1213 2134 ἔθετο·
1234 2075 1380 2134 ἔθυσε
1408 2076 1463 2132 δὲ
1487 2076 1629 2156 αύτῷ
1652 2074 1846 2135 αὗτόθι.
1879 2074 1987 2134 Καὶ
2010 2075 2104 2132 ἄλ-

556 2165 663 2228 λοις
690 2169 819 2230 θεοῖς
852 2162 1058 2241 βωμοὺς
1087 2161 1140 2231 ἓξ
1166 2165 1242 2243 τῷ
1280 2163 1513 2243 ἀριθμῷ,
1551 2160 1850 2238 συμὸώμων
1886 2165 1991 2219 τῶν
2033 2161 2105 2240 ιβ’

555 2253 707 2323 θεῶν,
732 2252 822 2308 καὶ
845 2253 1049 2330 πρῶτον
1068 2248 1162 2327 μὲν
1185 2255 1274 2308 τοῦ
1297 2248 1416 2314 Διὸς
1438 2255 1528 2307 τοῦ
1558 2248 1854 2325 Ὀλυμπίου
1868 2293 1883 2319 ,
1905 2239 1949 2328 ᾧ
1970 2247 2105 2324 σύμ-

557 2335 734 2411 ὅωμον
764 2336 975 2408 ἐποίησε
1004 2335 1092 2395 τὸν
1123 2337 1439 2395 Ποσειδῶνα·
1465 2335 1513 2414 β’
1551 2333 1725 2415 Ἥρας
1748 2335 1838 2393 καὶ
1858 2333 2102 2409 Ἀθηνᾶς,

553 2424 602 2497 γ’
621 2420 820 2501 Ἑρμοῦ
842 2424 930 2482 καὶ
958 2423 1292 2495 Ἀπόλλωνος,
1315 2422 1361 2481 δ’
1376 2421 1617 2501 Χαρίτων
1644 2421 1736 2480 καὶ
1756 2421 2036 2498 Διονύσου,
2063 2420 2105 2480 ε’

553 2511 848 2590 Ἀρτέμιδος
876 2511 966 2569 καὶ
994 2510 1259 2592 Ἀλφειοῦ,
1293 2509 1344 2576 ς’
1376 2508 1580 2587 Κρόνου
1603 2508 1694 2568 καὶ
1718 2508 1891 2575 Ῥέας.

639 2625 662 2645 ‹·
697 2600 867 2673 Quod
893 2613 1176 2674 postremo
1204 2601 1333 2655 loeo
1370 2601 1533 2673 posui
1565 2598 1825 2654 scholion
1859 2608 1940 2654 est
1967 2597 2099 2653 cod.

551 2689 983 2745 thislaviensis
1014 2691 1111 2756 A„
1143 2687 1299 2760 qnod
1327 2687 1498 2742 verba
1527 2685 1812 2741 Hei-odori
1841 2684 1972 2740 licet
1989 2702 2103 2740 mu·

551 2776 649 2830 tila
676 2776 986 2831 accuratius
1010 2777 1322 2848 exprimere
1347 2773 1592 2829 videtur.
1625 2772 1768 2828 Cod.
1807 2769 1872 2827 δι’
1900 2761 1962 2827 οὗ
1994 2789 2101 2844 pro

551 2858 673 2923 Διὸς
695 2857 893 2927 ἔθεντο,
921 2869 976 2915 et
1002 2860 1089 2915 bis
1112 2856 1329 2933 σύμβολ’
1353 2879 1459 2934 pro
1483 2856 1733 2934 συμὸωμ.
1764 2860 1875 2914 Pro
1908 2854 1957 2932 β’
1985 2868 2105 2912 erat

552 2945 641 3003 καὶ
670 2958 797 3002 ante
816 2944 1009 3018 Ἥρας.
1040 2949 1314 3004 ΒοΕοΚΗ.
1340 2944 1670 3018 Scripserim
1703 2942 1851 3000 ἔθυσε
1878 2940 1933 2998 δὲ
1962 2943 2103 3018 αὐτῷ

552 3037 627 3112 τῷ
653 3030 739 3091 Διὶ
761 3030 852 3089 καὶ
877 3031 981 3095 τοῖς
1008 3029 1183 3097 ἄλλοις
1204 3031 1335 3096 θεοῖς
1350 3074 1367 3104 ,
1392 3030 1484 3088 καὶ
1502 3029 1713 3099 ἐποίησε
1736 3026 1941 3107 βωμοὺς
1964 3050 2017 3085 κ.
2047 3051 2096 3088 τ.

550 3121 602 3177 λ.
630 3152 711 3164 -
730 3123 813 3175 Ex
841 3120 1143 3175 Hei-odoro
1170 3139 1267 3175 sua
1286 3120 1492 3175 habere
1512 3119 1738 3174 videtui·
1761 3117 2096 3191 Apollodor.

557 3211 644 3276 11,
677 3228 733 3278 7,
768 3225 836 3277 a,
866 3206 932 3276 5,
960 3208 1058 3261 ubi
1087 3227 1143 3261 v.
1173 3209 1543 3281 interpretes,
1573 3203 1800 3265 Boeckh.
1830 3204 1903 3260 ad
1934 3205 2099 3261 Pind.

550 3297 589 3349 l.
625 3296 660 3350 l.
688 3306 744 3352 et
766 3295 990 3367 Olymp.
1021 3295 1136 3362 IX,
1166 3292 1259 3368 59.

628 3382 758 3436 Post
779 3381 894 3434 haec
922 3382 1191 3435 Hercules
1218 3380 1415 3453 Pylum
1438 3390 1493 3434 et
1514 3378 1977 3434 Lacedaemonem
2003 3398 2099 3435 ex-

547 3479 783 3543 pugnat,
806 3473 1003 3541 Augen
1024 3469 1202 3537 vitiat,
1221 3466 1585 3524 OEneifiliam
1608 3468 1667 3520 in
1680 3468 2101 3521 matrimonium

548 3559 759 3630 poscit,
786 3574 915 3611 cum
948 3556 1269 3629 Calydoniis
1292 3556 1503 3612 bellum
1527 3555 1673 3629 gerit
1707 3567 1897 3610 contra
1931 3554 2101 3609 Thes-

542 3650 767 3718 prucios.
797 3642 1134 3716 Apollodor.
1163 3645 1249 3711 11,
1278 3660 1333 3713 7,
1361 3642 1418 3698 6.
1452 3644 1576 3698 Huc
1602 3641 1786 3698 refero
1810 3643 1999 3698 locum
2018 3660 2099 3698 se·

553 3742 838 3803 quentem.

1282 3868 1376 3926 30.

629 4011 892 4083 Stephan.
914 4011 1043 4083 Byz.
1072 4028 1085 4063 :
1110 4003 1416 4078 Κασσώπη,
1440 4003 1586 4071 πόλις
1610 4008 1661 4063 ἐν
1687 4005 1999 4070 Μολοσσοῖς.
2022 4002 2101 4063 Τὸ

610 4262 884 4313 Herodorus
907 4260 969 4310 de
991 4274 1076 4311 sex
1106 4260 1201 4310 aria
1223 4259 1460 4323 olympiae
1480 4261 1642 4308 narrat
1668 4258 1806 4308 haec:
1836 4261 1890 4307 ln
1915 4256 2101 4306 Elidem

549 4340 745 4389 veniens
763 4338 989 4389 Hercules
1005 4338 1170 4387 sanum
1182 4371 1199 4399 ,
1226 4337 1355 4400 quod
1376 4336 1611 4399 olympioe
1631 4338 1731 4398 est,
1749 4335 1861 4385 Jovi
1878 4334 2101 4397 olympio

549 4416 862 4479 consecravit,
877 4429 936 4464 ac
956 4415 1195 4478 oegionem
1219 4414 1279 4464 de
1294 4415 1488 4465 nomine
1509 4414 1586 4463 dei
1603 4414 1794 4463 vocavit
1810 4412 2100 4475 Olympiam.

552 4500 699 4545 l‘orro
738 4507 872 4545 sacra
907 4495 1020 4543 fecit
1048 4496 1154 4543 tum
1182 4494 1293 4545 Jovi
1319 4496 1425 4544 tum
1460 4493 1654 4555 reliquis
1686 4492 1806 4554 diis,
1826 4493 1978 4554 iisque
1994 4505 2102 4542 aras

550 4574 789 4623 exstruxit
829 4585 1032 4623 numero
1066 4587 1151 4623 sex
1165 4609 1181 4634 ‚
1208 4572 1275 4622 ita
1301 4572 1496 4636 quidem
1536 4571 1658 4621 inter
1701 4570 1955 4620 duodecim
1987 4570 2102 4620 deos

548 4650 852 4713 distributae,
881 4652 941 4704 ut
966 4650 1091 4700 binis
1124 4649 1355 4700 dedicatoe
1388 4651 1547 4699 essent
1579 4648 1794 4710 singulm.
1818 4648 1982 4697 Prima
1998 4649 2103 4697 erat

2207 669 2409 738 σώπους
2431 672 2614 739 αύτούς
2640 695 2819 752 φησιν,
2849 668 2974 740 ἴσως
3000 676 3187 741 κακῶς.

2929 814 3026 870 31.

2716 969 2761 1023 E
2800 971 3022 1025 LIBRO
3062 970 3243 1025 XVII.

2281 1105 2577 1161 Athenaeus
2600 1094 2712 1175 ῘΧ,
2735 1125 2790 1180 p.
2823 1113 2957 1183 41,
2906 1127 2927 1160 ι
2981 1110 3074 1163 A:
3105 1104 3212 1165 Τὸν
3236 1104 3289 1164 δὲ
3312 1108 3383 1184 τῷ
3403 1104 3601 1185 χερνίὸῳ
3620 1104 3694 1183 ῥά

2201 1210 2360 1246 ναντα
2382 1188 2578 1266 παῖδα,
2616 1189 2822 1249 διδόντα
2854 1188 2989 1249 κατὰ
3016 1191 3186 1272 χειρὸς
3214 1191 3456 1271 Ἡρακλεῖ
3487 1191 3627 1271 ὕδωρ,
3648 1190 3694 1249 ὃν

2207 1262 2562 1333 ἀπέκτεινενδ
2567 1275 2846 1384 ΞΗρακλης
2868 1277 3124 1358 κονδύλῳ,
3143 1277 3481 1359 Ἢρόδωροςδ·
3506 1279 3697 1336 Rima-

2203 1361 2485 1441 καιδεκάτῃ
2509 1368 2600 1422 τοῦ
2619 1366 2736 1422 καθ’
2765 1359 3038 1444 Ἡρακλέα
3056 1364 3213 1443 λόγου
3232 1365 3455 1443 Εὔνομον
3475 1367 3577 1443 (sc.
3594 1365 3697 1444 φησὶ

2200 1450 2523 1525 καλεῖσθαι).

2279 1538 2488 1594 Eadem
2518 1538 2856 1612 Apollodor.
2901 1542 2984 1609 Π,
3019 1560 3076 1611 7,
3108 1540 3175 1611 6,
3221 1539 3284 1610 3,
3322 1541 3417 1597 uhi
3455 1544 3696 1599 Eunomus

2202 1624 2408 1680 dicitur
2439 1627 2735 1681 Architelis
2761 1626 2801 1680 f.
2833 1638 2889 1682 et
2915 1628 3268 1702 propinquus
3293 1630 3480 1685 OEnei.
3516 1630 3699 1683 Nomen

2200 1712 2262 1765 in
2288 1706 2543 1786 Ἔννομος
2575 1713 2713 1767 abiit
2741 1732 2832 1787 ap.
2866 1714 3041 1768 schol.
3073 1716 3356 1788 Lycophr.
3383 1714 3452 1770 50
3476 1724 3523 1769 et
3547 1716 3693 1768 netz.

2208 1800 2343 1853 llist.
2375 1801 2461 1868 11,
2489 1798 2632 1869 456,
2656 1801 2715 1854 in
2740 1797 3033 1876 Εὐρύνομος
3063 1820 3154 1875 ap.
3178 1802 3414 1857 Diodor.
3444 1805 3529 1870 lv,
3550 1801 3635 1870 36,
3654 1816 3695 1853 2.

2204 1880 2404 1950 Κύαθος
2445 1905 2474 1939 a
2509 1904 2743 1942 munere
2771 1887 2980 1942 dicitnr
3016 1907 3046 1942 a
3089 1889 3265 1945 schol.
3312 1889 3490 1962 Apoll.
3517 1888 3612 1944 Rh.
3647 1885 3696 1953 1,

2207 1989 2385 2037 1212,
2416 1973 2514 2027 ubi
2537 1984 2697 2046 pater
2724 1984 2806 2028 est
2830 1975 3178 2044 Architeles,
3210 1986 3264 2031 et
3290 1995 3377 2050 ap.
3402 1973 3697 2031 Nicandrum

2199 2057 2257 2110 in
2279 2059 2524 2114 OEtaicis
2550 2056 2673 2136 (ap.
2699 2061 2905 2115 Athen.
2937 2062 2976 2118 l.
3006 2060 3082 2136 1.)
3103 2101 3120 2129 ,
3151 2063 3251 2117 ubi
3274 2072 3426 2136 pater
3446 2072 3522 2117 est
3539 2061 3693 2133 Pyles,

2198 2141 2368 2197 frater
2390 2146 2772 2201 Antimachus
2804 2148 3099 2203 Hellanico
3117 2147 3217 2227 (fr.
3243 2148 3274 2204 3
3291 2146 3310 2225 )
3328 2149 3427 2204 fuit
3441 2159 3529 2204 aut
3543 2143 3698 2221 xeplar.

2200 2243 2296 2286 aut
2312 2229 2361 2289 ’A
2371 2230 2545 2309 ρχίας,
2565 2253 2696 2289 nam
2719 2235 2960 2290 alterum
2982 2254 3053 2291 ex
3076 2237 3258 2292 altero
3276 2247 3478 2294 natum.
3502 2237 3699 2290 Prael'ero

2199 2315 2411 2396 Χερίας.

2276 2405 2560 2478 Calydone
2585 2406 2779 2463 relicta
2796 2448 2812 2477 ,
2835 2407 3105 2464 Hercules
3121 2409 3450 2466 Trachinem
3467 2413 3703 2483 proiectus

2186 2488 2446 2568 Do‘opes
2466 2493 2729 2551 debellat.
2757 2494 3100 2568 Apollodor.
3131 2499 3222 2566 11,
3255 2516 3310 2567 7,
3334 2516 3387 2568 7.

2925 2634 3020 2689 32.

2272 2770 2462 2843 Steph.
2506 2771 2639 2843 Byz.
2675 2769 2994 2848 εΔρυόπ-η...
3041 2773 3070 2828 6
3098 2762 3319 2845 πολίτης
3345 2778 3627 2851 Δρυοπαῖος,
3646 2770 3702 2831 ὣς

2199 2851 2520 2933 Ἡρόδωρος,
2544 2853 2602 2911 ὃν
2627 2856 2947 2935 παρατίθησι
2971 2857 3373 2939 Ἐπαφρόδιτος.

2920 3004 3016 3066 33.

2271 3142 2462 3197 Schol.
2471 3143 2689 3245 ⁴”Eurip.
2723 3143 3021 3217 Hippolyt.
3051 3143 3224 3211 545:
3257 3144 3532 3225 Ἡρόδωρος
3555 3139 3604 3199 δέ
3626 3160 3704 3218 φη·

2193 3245 2298 3301 σιν,
2323 3224 2402 3283 ὅτι
2419 3248 2506 3284 του
2529 3229 2621 3297 τῆς
2644 3225 2816 3298 Ἰόλης
2836 3227 3011 3306 γάμου
3028 3230 3375 3308 προκειμένου
3398 3227 3576 3297 τοξείας
3597 3222 3704 3285 ἐπᾶ-

2193 3304 2342 3384 θλου,
2372 3311 2640 3420 Ἡρακλέα
2659 3336 2946 3384 νικησαντα
2968 3315 3318 3383 ἀπαξιουσθαι
3345 3321 3431 3375 τοῦ
3454 3315 3625 3393 γάμου·
3641 3308 3706 3368 διο

2192 3422 2284 3457 και
2301 3396 2440 3457 κατὰ
2463 3421 2650 3478 κρατος
2670 3403 2803 3459 ἑλεῖν
2822 3399 2917 3471 τὴν
2937 3402 3231 3481 Οἰχαλίαν,
3259 3404 3350 3465 καὶ
3373 3403 3481 3469 τους
3497 3396 3707 3480 ἀδελφοὺς
3821 3468 3822 3483 ἢ

2192 3486 2351 3555 αὗτης
2380 3487 2599 3558 ἀνελεῖν,
2632 3486 2865 3565 Εὔρυτον
2891 3489 2948 3546 δὲ
2976 3498 3154 3569 φυγεῖν
3187 3495 3258 3557 εἰς
3281 3489 3523 3552 Εὕὸοιαν.

2268 3577 2355 3630 De
2382 3593 2568 3630 caussa
2594 3576 2732 3631 belli
2762 3577 2961 3633 eadem
2996 3580 3342 3653 Apollodor.
3372 3583 3454 3649 11,
3483 3579 3547 3646 6,
3575 3596 3621 3647 1,
3648 3592 3702 3642 ²3

2193 3660 2331 3715 alios
2344 3659 2514 3721 duces
2526 3673 2745 3721 secutus
2758 3674 2840 3718 est
2851 3665 2924 3732 11,
2943 3683 2995 3735 7,
3008 3683 3061 3735 7,
3080 3683 3133 3735 7,
3147 3667 3254 3721 ubi
3270 3667 3525 3723 Hercules
3537 3671 3707 3738 praeter

2193 3746 2391 3801 fratres
2408 3747 2555 3803 Ioles
2581 3750 2763 3821 ipsum
2781 3750 2948 3803 etiam
2971 3761 3194 3823 patrem
3215 3763 3394 3807 necat.
3421 3749 3704 3808 OEchaliam

2193 3833 2419 3888 Euboeae
2439 3832 2576 3889 dicit
2593 3835 2866 3909 Apollod.
2881 3877 2897 3905 ,
2927 3837 3012 3890 uti
3032 3847 3236 3893 auctor
3263 3822 3519 3901 ‘Alcimena
3538 3831 3705 3909 Οἷχαλ.

2192 3930 2250 3974 et
2275 3921 2592 3990 Hecataeus3
2624 3921 2696 3977 de
2716 3923 2860 3977 urbe
2887 3920 3268 3996 Peloponnesi
3295 3923 3448 4001 (non
3472 3924 3537 3979 de
3560 3921 3707 3976 Thes-

2188 4008 2374 4077 salica,
2400 4018 2464 4063 ut
2487 4008 2789 4065 Welckero
2814 4010 2962 4081 Cycl.
2994 4028 3052 4083 p.
3079 4010 3189 4067 231
3220 4012 3455 4086 placet,)
3480 4010 3708 4084 cogitasse

2248 4258 2406 4305 Puero
2425 4256 2513 4317 illi,
2531 4257 2614 4319 qui
2624 4270 2777 4319 quum
2793 4258 2985 4308 Herculi
3000 4272 3178 4322 aquam
3196 4262 3417 4310 manibus
3435 4254 3628 4308 lavandis
3637 4253 3709 4303 mi·

2192 4330 2397 4382 nistrans
2415 4332 2572 4395 ipsum
2591 4346 2718 4395 aqua
2734 4335 3094 4399 conspersisset,
3118 4337 3283 4386 talitro
3304 4336 3569 4386 interiectus
3583 4334 3644 4380 est
3658 4328 3708 4377 ab

2190 4407 2425 4470 Hercule,
2457 4408 2731 4460 Herodorus
2755 4410 2880 4460 libro
2896 4410 2958 4460 de
2985 4411 3204 4463 Herculis
3233 4412 3429 4463 historia
3461 4411 3629 4461 decimo
3650 4417 3708 4454 se·

2184 4483 2337 4545 ptimo
2358 4486 2576 4535 Eunomi
2593 4498 2769 4535 nomen
2786 4487 2929 4537 suiaoe
2945 4486 3078 4537 dicit.

2905 4567 2994 4619 32.

2247 4648 2439 4709 Dryope
2468 4645 2596 4697 civis
2620 4649 2918 4711 Dryopoeus,
2940 4651 2999 4699 ut
3033 4649 3343 4713 Herodorus,
3370 4660 3510 4713 quem
3538 4641 3710 4708 emunit
3821 4692 3822 4701 ,

540 4727 685 4783 ..lovis
707 4727 943 4790 olympii,
966 4728 1044 4778 eui
1061 4728 1218 4779 socius
1242 4725 1497 4789 adiunctus
1530 4728 1804 4788 Neptunum
1824 4725 1977 4775 altera
2005 4729 2099 4776 Ju-
2184 4724 2550 4793 Epaphroditua.

550 4807 689 4857 nonis
724 4808 774 4856 et
812 4807 1073 4869 Minervam
1100 4806 1244 4857 tertia
1284 4805 1509 4855 Mercurii
1539 4807 1589 4854 et
1635 4803 1895 4868 Apollinis;
1922 4808 2100 4867 quarta

549 4883 823 4934 Gratiarum
850 4886 899 4933 et
927 4884 1126 4945 Bacchi5
1150 4883 1320 4946 quinta
1347 4882 1512 4931 Dianae
1540 4882 1589 4930 et
1617 4881 1821 4944 Alphei3
1850 4884 1989 4933 sexta
2012 4886 2098 4933 Sa·

550 4961 681 5010 turni
704 4962 753 5009 et
774 4959 939 5010 Rhea.

1264 5040 1350 5090 30.

612 5126 817 5185 cassope
830 5160 845 5185 ,
865 5122 982 5173 urbe
998 5123 1325 5173 Molossorum.
1350 5121 1538 5172 Gentile
1555 5123 1835 5182 cassopaeus
1852 5124 1900 5171 et
1925 5125 2099 5173 Onaso-

2916 4809 3006 4860 33.

2245 4897 2523 4947 Herodorus
2537 4897 2607 4947 ait
2626 4898 2751 4948 Ioles
2767 4898 2979 4961 nuptias,
2993 4910 3108 4960 qum
3122 4898 3396 4948 nauminia
3409 4896 3470 4945 de
3484 4886 3706 4956 sagittandi

2186 4973 2355 5035 peritia
2375 4974 2627 5036 praemium
2649 4973 2719 5023 ab
2753 4977 2958 5037 Euryto
2983 4974 3238 5036 pmpoeitoe
3270 4976 3434 5034 erant,
3455 4968 3630 5021 llerculi
3645 4964 3708 5012 vi-
3821 4966 3822 4973 ’

2186 5050 2306 5099 ctori
2320 5052 2563 5101 recusatas
2578 5064 2680 5100 esse
2700 5065 2713 5099 ε
2736 5064 2887 5114 quare
2903 5051 3034 5101 hunc
3050 5064 3136 5113 per
3147 5052 3244 5100 vim
3262 5049 3534 5099 OEchaliam
3553 5043 3708 5106 oepioee
3821 5096 3822 5101 χ

2185 5128 2235 5174 et
2258 5127 2428 5175 tratres
2464 5127 2591 5178 101ae
2619 5127 2876 5191 occidisse,
2900 5131 3138 5191 Eurytum
3167 5141 3283 5178 vero
3312 5128 3425 5190 fugi
3453 5123 3642 5175 evasisse
3666 5117 3708 5165 5¹¹
3821 5198 3822 5203 ἵ

551 5199 672 5262 pius.
695 5200 967 5249 Herodorus
989 5212 1104 5249 vero
1131 5203 1361 5261 cassopos
1384 5212 1466 5248 eos
1481 5198 1622 5261 dlcit,
1652 5199 1794 5260 male,
1815 5202 1870 5247 ut
1888 5199 2096 5250 videtur.
2187 5202 2434 5251 liuboeam.
