<?xml version="1.0" encoding="UTF-8"?>
<!DOCTYPE html PUBLIC "-//W3C//DTD XHTML 1.0 Transitional//EN"
    "http://www.w3.org/TR/xhtml1/DTD/xhtml1-transitional.dtd">
<html xmlns="http://www.w3.org/1999/xhtml" xml:lang="en" lang="en">
 <head>
  <title>
</title>
<meta http-equiv="Content-Type" content="text/html;charset=utf-8" />
  <meta name='ocr-system' content='tesseract 3.04.00' />
  <meta name='ocr-capabilities' content='ocr_page ocr_carea ocr_par ocr_line ocrx_word'/>
</head>
<body>
  <div class='ocr_page' id='page_1' title='image "./fragmentahistor03unkngoog_0690.png"; bbox 0 0 3900 6042; ppageno 0'>
   <div class='ocr_carea' id='block_1_1' title="bbox 1602 362 2097 425">
    <p class='ocr_par' dir='ltr' id='par_1_1' title="bbox 1602 362 2097 425">
     <span class='ocr_line' id='line_1_1' title="bbox 1602 362 2097 425; baseline -0.008 0"><span class='ocrx_word' id='word_1_1' title='bbox 1602 362 2097 425; x_wconf 80' lang='lat' dir='ltr'><strong>FRAGMENTA.</strong></span> 
     </span>
    </p>
   </div>
   <div class='ocr_carea' id='block_1_2' title="bbox 3333 334 3467 424">
    <p class='ocr_par' dir='ltr' id='par_1_2' title="bbox 3333 334 3467 424">
     <span class='ocr_line' id='line_1_2' title="bbox 3333 334 3467 424; baseline 0.007 -1"><span class='ocrx_word' id='word_1_2' title='bbox 3333 334 3467 424; x_wconf 58' lang='lat'>021³</span> 
     </span>
    </p>
   </div>
   <div class='ocr_carea' id='block_1_3' title="bbox 226 492 3450 663">
    <p class='ocr_par' dir='ltr' id='par_1_3' title="bbox 226 492 3450 663">
     <span class='ocr_line' id='line_1_3' title="bbox 226 492 3449 577; baseline 0 -24"><span class='ocrx_word' id='word_1_3' title='bbox 226 499 307 556; x_wconf 67' lang='lat' dir='ltr'>tle</span> <span class='ocrx_word' id='word_1_4' title='bbox 360 500 605 557; x_wconf 77' lang='lat' dir='ltr'>Aristide</span> <span class='ocrx_word' id='word_1_5' title='bbox 664 501 963 555; x_wconf 77' lang='lat' dir='ltr'><strong>commenti</strong></span> <span class='ocrx_word' id='word_1_6' title='bbox 1023 498 1037 577; x_wconf 91' lang='lat'>(</span> <span class='ocrx_word' id='word_1_7' title='bbox 1062 518 1191 554; x_wconf 86' lang='lat' dir='ltr'>nam</span> <span class='ocrx_word' id='word_1_8' title='bbox 1243 509 1623 554; x_wconf 85' lang='lat' dir='ltr'>commentum</span> <span class='ocrx_word' id='word_1_9' title='bbox 1678 517 1795 553; x_wconf 84' lang='lat' dir='ltr'>esse</span> <span class='ocrx_word' id='word_1_10' title='bbox 1884 517 1958 551; x_wconf 90' lang='grc' dir='ltr'>νει</span> <span class='ocrx_word' id='word_1_11' title='bbox 1979 493 2314 569; x_wconf 78' lang='grc' dir='ltr'>Δημοσθένης</span> <span class='ocrx_word' id='word_1_12' title='bbox 2334 496 2387 550; x_wconf 76' lang='grc' dir='ltr'>ἐν</span> <span class='ocrx_word' id='word_1_13' title='bbox 2407 497 2482 571; x_wconf 82' lang='grc' dir='ltr'>τῷ</span> <span class='ocrx_word' id='word_1_14' title='bbox 2509 493 2660 552; x_wconf 75' lang='grc' dir='ltr'>Κατὰ</span> <span class='ocrx_word' id='word_1_15' title='bbox 2683 492 2913 573; x_wconf 79' lang='grc' dir='ltr'>Νεαίρας</span> <span class='ocrx_word' id='word_1_16' title='bbox 2940 492 3239 561; x_wconf 74' lang='grc' dir='ltr'>Πλαταιέας</span> <span class='ocrx_word' id='word_1_17' title='bbox 3259 496 3449 575; x_wconf 70' lang='grc' dir='ltr'>γεγρα·</span> 
     </span>
     <span class='ocr_line' id='line_1_4' title="bbox 226 580 3450 663; baseline 0 -21"><span class='ocrx_word' id='word_1_18' title='bbox 226 593 421 663; x_wconf 79' lang='lat' dir='ltr'>patet)</span> <span class='ocrx_word' id='word_1_19' title='bbox 473 590 733 662; x_wconf 81' lang='lat' dir='ltr'>inquisivi</span> <span class='ocrx_word' id='word_1_20' title='bbox 778 590 836 641; x_wconf 89' lang='lat' dir='ltr'>in</span> <span class='ocrx_word' id='word_1_21' title='bbox 887 588 1116 642; x_wconf 85' lang='lat' dir='ltr'>Dissert.</span> <span class='ocrx_word' id='word_1_22' title='bbox 1161 588 1233 642; x_wconf 90' lang='lat' dir='ltr'>de</span> <span class='ocrx_word' id='word_1_23' title='bbox 1277 588 1524 659; x_wconf 67' lang='lat' dir='ltr'>lEschyli</span> <span class='ocrx_word' id='word_1_24' title='bbox 1570 589 1795 660; x_wconf 87' lang='lat' dir='ltr'>Septem</span> <span class='ocrx_word' id='word_1_25' title='bbox 1884 586 2009 660; x_wconf 84' lang='grc' dir='ltr'>φθαι</span> <span class='ocrx_word' id='word_1_26' title='bbox 2038 584 2090 638; x_wconf 80' lang='grc' dir='ltr'>ἐν</span> <span class='ocrx_word' id='word_1_27' title='bbox 2110 584 2175 660; x_wconf 81' lang='grc' dir='ltr'>τῇ</span> <span class='ocrx_word' id='word_1_28' title='bbox 2202 580 2425 658; x_wconf 83' lang='grc' dir='ltr'>Ποικίλῃ</span> <span class='ocrx_word' id='word_1_29' title='bbox 2448 589 2606 660; x_wconf 72' lang='grc' dir='ltr'>στοᾷ·</span> <span class='ocrx_word' id='word_1_30' title='bbox 2629 580 2791 648; x_wconf 81' lang='grc' dir='ltr'>οὐδεὶς</span> <span class='ocrx_word' id='word_1_31' title='bbox 2815 580 2915 658; x_wconf 79' lang='grc' dir='ltr'>γὰρ</span> <span class='ocrx_word' id='word_1_32' title='bbox 2940 584 3091 639; x_wconf 75' lang='grc' dir='ltr'>τοῦτο</span> <span class='ocrx_word' id='word_1_33' title='bbox 3109 580 3308 659; x_wconf 80' lang='grc' dir='ltr'>εἴρηκεν</span> <span class='ocrx_word' id='word_1_34' title='bbox 3334 585 3450 643; x_wconf 76' lang='grc' dir='ltr'>οὐδὲ</span> 
     </span>
    </p>
   </div>
   <div class='ocr_carea' id='block_1_4' title="bbox 228 674 1315 750">
    <p class='ocr_par' dir='ltr' id='par_1_4' title="bbox 228 674 1315 750">
     <span class='ocr_line' id='line_1_5' title="bbox 228 674 1315 750; baseline 0.002 -20"><span class='ocrx_word' id='word_1_35' title='bbox 228 696 282 733; x_wconf 84' lang='lat' dir='ltr'>c.</span> <span class='ocrx_word' id='word_1_36' title='bbox 326 677 502 734; x_wconf 81' lang='lat' dir='ltr'>Theb.</span> <span class='ocrx_word' id='word_1_37' title='bbox 524 677 785 750; x_wconf 77' lang='lat' dir='ltr'>Goetting.</span> <span class='ocrx_word' id='word_1_38' title='bbox 827 674 996 748; x_wconf 84' lang='lat'>1837,</span> <span class='ocrx_word' id='word_1_39' title='bbox 1027 693 1088 748; x_wconf 92' lang='lat' dir='ltr'><strong>p.</strong></span> <span class='ocrx_word' id='word_1_40' title='bbox 1128 674 1198 730; x_wconf 78' lang='lat'>32</span> <span class='ocrx_word' id='word_1_41' title='bbox 1231 693 1315 748; x_wconf 88' lang='lat' dir='ltr'>sq.</span> 
     </span>
    </p>
   </div>
   <div class='ocr_carea' id='block_1_5' title="bbox 232 799 1806 3492">
    <p class='ocr_par' dir='ltr' id='par_1_5' title="bbox 232 799 1806 3492">
     <span class='ocr_line' id='line_1_6' title="bbox 994 799 1047 848; baseline 0 -12"><span class='ocrx_word' id='word_1_42' title='bbox 994 799 1047 848; x_wconf 88' lang='lat'>7.</span> 
     </span>
     <span class='ocr_line' id='line_1_7' title="bbox 320 883 1798 952; baseline -0.001 -11"><span class='ocrx_word' id='word_1_43' title='bbox 320 886 602 941; x_wconf 82' lang='lat' dir='ltr'>Plutarch.</span> <span class='ocrx_word' id='word_1_44' title='bbox 628 885 845 940; x_wconf 88' lang='lat' dir='ltr'><strong>Cimon.</strong></span> <span class='ocrx_word' id='word_1_45' title='bbox 870 904 920 941; x_wconf 89' lang='lat' dir='ltr'>c.</span> <span class='ocrx_word' id='word_1_46' title='bbox 965 902 1031 938; x_wconf 73' lang='grc' dir='ltr'>ια</span> <span class='ocrx_word' id='word_1_47' title='bbox 1048 926 1064 952; x_wconf 93' lang='grc'>,</span> <span class='ocrx_word' id='word_1_48' title='bbox 1096 883 1151 952; x_wconf 85' lang='grc'>5,</span> <span class='ocrx_word' id='word_1_49' title='bbox 1190 885 1262 939; x_wconf 88' lang='lat' dir='ltr'>de</span> <span class='ocrx_word' id='word_1_50' title='bbox 1290 886 1529 940; x_wconf 79' lang='lat' dir='ltr'>victoria</span> <span class='ocrx_word' id='word_1_51' title='bbox 1551 886 1798 941; x_wconf 75' lang='lat' dir='ltr'>Cimonis</span> 
     </span>
     <span class='ocr_line' id='line_1_8' title="bbox 232 968 1798 1048; baseline -0.002 -18"><span class='ocrx_word' id='word_1_52' title='bbox 232 975 311 1030; x_wconf 83' lang='lat' dir='ltr'>ad</span> <span class='ocrx_word' id='word_1_53' title='bbox 335 972 815 1046; x_wconf 80' lang='lat' dir='ltr'><strong>Eurymedontem</strong></span> <span class='ocrx_word' id='word_1_54' title='bbox 839 981 1124 1045; x_wconf 85' lang='lat' dir='ltr'>reportata</span> <span class='ocrx_word' id='word_1_55' title='bbox 1152 990 1166 1026; x_wconf 86' lang='lat'>:</span> <span class='ocrx_word' id='word_1_56' title='bbox 1190 971 1360 1029; x_wconf 78' lang='grc' dir='ltr'>Τοῦτο</span> <span class='ocrx_word' id='word_1_57' title='bbox 1382 970 1441 1027; x_wconf 82' lang='grc' dir='ltr'>τὸ</span> <span class='ocrx_word' id='word_1_58' title='bbox 1470 969 1615 1048; x_wconf 74' lang='grc' dir='ltr'>ἔργον</span> <span class='ocrx_word' id='word_1_59' title='bbox 1640 968 1798 1035; x_wconf 78' lang='grc' dir='ltr'>οὕτως</span> 
     </span>
     <span class='ocr_line' id='line_1_9' title="bbox 235 1054 1798 1133; baseline -0.002 -17"><span class='ocrx_word' id='word_1_60' title='bbox 235 1057 556 1116; x_wconf 65' lang='grc' dir='ltr'>ἐταπείνωσε</span> <span class='ocrx_word' id='word_1_61' title='bbox 586 1055 679 1127; x_wconf 71' lang='grc' dir='ltr'>τὴν</span> <span class='ocrx_word' id='word_1_62' title='bbox 701 1057 916 1133; x_wconf 83' lang='grc' dir='ltr'>γνώμην</span> <span class='ocrx_word' id='word_1_63' title='bbox 941 1061 1035 1113; x_wconf 57' lang='grc' dir='ltr'>τοῦ</span> <span class='ocrx_word' id='word_1_64' title='bbox 1058 1054 1340 1133; x_wconf 78' lang='grc' dir='ltr'>βασιλέως,</span> <span class='ocrx_word' id='word_1_65' title='bbox 1362 1054 1499 1115; x_wconf 80' lang='grc' dir='ltr'>ὥστε</span> <span class='ocrx_word' id='word_1_66' title='bbox 1526 1057 1798 1115; x_wconf 75' lang='grc' dir='ltr'>συνθέσθαι</span> 
     </span>
     <span class='ocr_line' id='line_1_10' title="bbox 234 1141 1798 1222; baseline -0.001 -19"><span class='ocrx_word' id='word_1_67' title='bbox 234 1144 337 1216; x_wconf 72' lang='grc' dir='ltr'>τὴν</span> <span class='ocrx_word' id='word_1_68' title='bbox 362 1144 673 1222; x_wconf 74' lang='grc' dir='ltr'>περιὸόητον</span> <span class='ocrx_word' id='word_1_69' title='bbox 702 1143 909 1220; x_wconf 74' lang='grc' dir='ltr'>εἰρήνην</span> <span class='ocrx_word' id='word_1_70' title='bbox 939 1143 1165 1221; x_wconf 75' lang='grc' dir='ltr'>ἐκείνην,</span> <span class='ocrx_word' id='word_1_71' title='bbox 1183 1141 1347 1202; x_wconf 74' lang='grc' dir='ltr'>ἵππου</span> <span class='ocrx_word' id='word_1_72' title='bbox 1376 1142 1470 1219; x_wconf 75' lang='grc' dir='ltr'>μὲν</span> <span class='ocrx_word' id='word_1_73' title='bbox 1501 1143 1689 1221; x_wconf 84' lang='grc' dir='ltr'>δρόμον</span> <span class='ocrx_word' id='word_1_74' title='bbox 1718 1145 1798 1201; x_wconf 76' lang='grc' dir='ltr'>ἀεὶ</span> 
     </span>
     <span class='ocr_line' id='line_1_11' title="bbox 232 1230 1801 1311; baseline -0.003 -19"><span class='ocrx_word' id='word_1_75' title='bbox 232 1237 335 1304; x_wconf 74' lang='grc' dir='ltr'>τῆς</span> <span class='ocrx_word' id='word_1_76' title='bbox 356 1232 669 1303; x_wconf 53' lang='grc' dir='ltr'>(Ελληνικῆς</span> <span class='ocrx_word' id='word_1_77' title='bbox 694 1232 910 1311; x_wconf 77' lang='grc' dir='ltr'>ἀπέχειν</span> <span class='ocrx_word' id='word_1_78' title='bbox 950 1230 1242 1304; x_wconf 76' lang='grc' dir='ltr'>θαλάσσης,</span> <span class='ocrx_word' id='word_1_79' title='bbox 1281 1231 1423 1289; x_wconf 84' lang='grc' dir='ltr'>ἔνδον</span> <span class='ocrx_word' id='word_1_80' title='bbox 1452 1230 1507 1289; x_wconf 71' lang='grc' dir='ltr'>δὲ</span> <span class='ocrx_word' id='word_1_81' title='bbox 1553 1231 1801 1291; x_wconf 83' lang='grc' dir='ltr'>Κυανέων</span> 
     </span>
     <span class='ocr_line' id='line_1_12' title="bbox 235 1317 1797 1398; baseline -0.003 -18"><span class='ocrx_word' id='word_1_82' title='bbox 235 1321 333 1380; x_wconf 74' lang='grc' dir='ltr'>καὶ</span> <span class='ocrx_word' id='word_1_83' title='bbox 362 1319 675 1380; x_wconf 78' lang='grc' dir='ltr'>Χελιδονίων</span> <span class='ocrx_word' id='word_1_84' title='bbox 701 1328 881 1398; x_wconf 72' lang='grc' dir='ltr'>μακρᾷ</span> <span class='ocrx_word' id='word_1_85' title='bbox 908 1318 994 1390; x_wconf 81' lang='grc' dir='ltr'>νηὶ</span> <span class='ocrx_word' id='word_1_86' title='bbox 1017 1318 1107 1375; x_wconf 72' lang='grc' dir='ltr'>καὶ</span> <span class='ocrx_word' id='word_1_87' title='bbox 1132 1317 1486 1398; x_wconf 75' lang='grc' dir='ltr'>χαλκεμὸόλῳ</span> <span class='ocrx_word' id='word_1_88' title='bbox 1508 1318 1582 1395; x_wconf 83' lang='grc' dir='ltr'>μὴ</span> <span class='ocrx_word' id='word_1_89' title='bbox 1608 1319 1797 1377; x_wconf 85' lang='grc' dir='ltr'>πλέειν.</span> 
     </span>
     <span class='ocr_line' id='line_1_13' title="bbox 240 1405 1800 1487; baseline -0.001 -19"><span class='ocrx_word' id='word_1_90' title='bbox 240 1408 434 1468; x_wconf 79' lang='grc' dir='ltr'>Καίτοι</span> <span class='ocrx_word' id='word_1_91' title='bbox 459 1406 813 1479; x_wconf 74' lang='grc' dir='ltr'>Καλλισθένης</span> <span class='ocrx_word' id='word_1_92' title='bbox 835 1406 894 1463; x_wconf 81' lang='grc' dir='ltr'>οὗ</span> <span class='ocrx_word' id='word_1_93' title='bbox 916 1428 1043 1487; x_wconf 90' lang='grc' dir='ltr'>φησι</span> <span class='ocrx_word' id='word_1_94' title='bbox 1064 1411 1229 1464; x_wconf 78' lang='grc' dir='ltr'>ταῦτα</span> <span class='ocrx_word' id='word_1_95' title='bbox 1250 1405 1521 1465; x_wconf 78' lang='grc' dir='ltr'>συνθέσθαι</span> <span class='ocrx_word' id='word_1_96' title='bbox 1548 1406 1634 1464; x_wconf 80' lang='grc' dir='ltr'>τὸν</span> <span class='ocrx_word' id='word_1_97' title='bbox 1665 1406 1800 1485; x_wconf 75' lang='grc' dir='ltr'>βάρ-</span> 
     </span>
     <span class='ocr_line' id='line_1_14' title="bbox 240 1492 1801 1575; baseline 0 -22"><span class='ocrx_word' id='word_1_98' title='bbox 240 1494 422 1575; x_wconf 75' lang='grc' dir='ltr'>ὅαρον,</span> <span class='ocrx_word' id='word_1_99' title='bbox 448 1494 585 1574; x_wconf 85' lang='grc' dir='ltr'>ἔργῳ</span> <span class='ocrx_word' id='word_1_100' title='bbox 610 1493 664 1552; x_wconf 73' lang='grc' dir='ltr'>δὲ</span> <span class='ocrx_word' id='word_1_101' title='bbox 690 1495 854 1553; x_wconf 80' lang='grc' dir='ltr'>ποιεῖν</span> <span class='ocrx_word' id='word_1_102' title='bbox 889 1492 974 1551; x_wconf 75' lang='grc' dir='ltr'>διὰ</span> <span class='ocrx_word' id='word_1_103' title='bbox 1010 1492 1167 1573; x_wconf 79' lang='grc' dir='ltr'>φόὸον</span> <span class='ocrx_word' id='word_1_104' title='bbox 1190 1498 1283 1563; x_wconf 77' lang='grc' dir='ltr'>τῆς</span> <span class='ocrx_word' id='word_1_105' title='bbox 1305 1493 1464 1565; x_wconf 74' lang='grc' dir='ltr'>ἥττης</span> <span class='ocrx_word' id='word_1_106' title='bbox 1491 1495 1686 1566; x_wconf 73' lang='grc' dir='ltr'>ἐκείνης</span> <span class='ocrx_word' id='word_1_107' title='bbox 1711 1495 1801 1553; x_wconf 84' lang='grc' dir='ltr'>καὶ</span> 
     </span>
     <span class='ocr_line' id='line_1_15' title="bbox 238 1579 1798 1661; baseline 0 -22"><span class='ocrx_word' id='word_1_108' title='bbox 238 1582 451 1661; x_wconf 80' lang='grc' dir='ltr'>μακρὰν</span> <span class='ocrx_word' id='word_1_109' title='bbox 479 1583 641 1649; x_wconf 81' lang='grc' dir='ltr'>οὕτως</span> <span class='ocrx_word' id='word_1_110' title='bbox 668 1584 959 1652; x_wconf 75' lang='grc' dir='ltr'>ἀποστῆναι</span> <span class='ocrx_word' id='word_1_111' title='bbox 987 1585 1079 1651; x_wconf 74' lang='grc' dir='ltr'>τῆς</span> <span class='ocrx_word' id='word_1_112' title='bbox 1124 1579 1370 1647; x_wconf 78' lang='grc' dir='ltr'>Ἑλλάδος</span> <span class='ocrx_word' id='word_1_113' title='bbox 1387 1625 1402 1653; x_wconf 97' lang='grc'>,</span> <span class='ocrx_word' id='word_1_114' title='bbox 1445 1581 1580 1640; x_wconf 79' lang='grc' dir='ltr'>ὥστε</span> <span class='ocrx_word' id='word_1_115' title='bbox 1610 1582 1798 1654; x_wconf 74' lang='grc' dir='ltr'>πεντή-</span> 
     </span>
     <span class='ocr_line' id='line_1_16' title="bbox 238 1668 1800 1750; baseline -0.004 -19"><span class='ocrx_word' id='word_1_116' title='bbox 238 1693 400 1731; x_wconf 63' lang='grc' dir='ltr'>κοντα</span> <span class='ocrx_word' id='word_1_117' title='bbox 427 1672 578 1730; x_wconf 78' lang='grc' dir='ltr'>ναυσὶ</span> <span class='ocrx_word' id='word_1_118' title='bbox 608 1669 872 1750; x_wconf 77' lang='grc' dir='ltr'>Περικλέα</span> <span class='ocrx_word' id='word_1_119' title='bbox 894 1669 985 1728; x_wconf 76' lang='grc' dir='ltr'>καὶ</span> <span class='ocrx_word' id='word_1_120' title='bbox 1003 1668 1278 1747; x_wconf 72' lang='grc' dir='ltr'>τριάκοντα</span> <span class='ocrx_word' id='word_1_121' title='bbox 1310 1668 1489 1744; x_wconf 81' lang='grc' dir='ltr'>μόναις</span> <span class='ocrx_word' id='word_1_122' title='bbox 1515 1669 1800 1749; x_wconf 78' lang='grc' dir='ltr'>Ἐφιάλτην</span> 
     </span>
     <span class='ocr_line' id='line_1_17' title="bbox 239 1756 1799 1832; baseline -0.003 -14"><span class='ocrx_word' id='word_1_123' title='bbox 239 1758 483 1818; x_wconf 70' lang='grc' dir='ltr'>ἐπέκεινα</span> <span class='ocrx_word' id='word_1_124' title='bbox 512 1761 735 1816; x_wconf 75' lang='grc' dir='ltr'>πλεῦσαι</span> <span class='ocrx_word' id='word_1_125' title='bbox 768 1757 1080 1819; x_wconf 74' lang='grc' dir='ltr'>Χελιδονίων</span> <span class='ocrx_word' id='word_1_126' title='bbox 1119 1756 1210 1814; x_wconf 83' lang='grc' dir='ltr'>καὶ</span> <span class='ocrx_word' id='word_1_127' title='bbox 1239 1756 1398 1832; x_wconf 80' lang='grc' dir='ltr'>μηδὲν</span> <span class='ocrx_word' id='word_1_128' title='bbox 1420 1759 1590 1823; x_wconf 81' lang='grc' dir='ltr'>αὐτοῖς</span> <span class='ocrx_word' id='word_1_129' title='bbox 1620 1782 1799 1817; x_wconf 87' lang='grc' dir='ltr'>ναυτι-</span> 
     </span>
     <span class='ocr_line' id='line_1_18' title="bbox 239 1843 1802 1925; baseline -0.002 -20"><span class='ocrx_word' id='word_1_130' title='bbox 239 1846 337 1905; x_wconf 77' lang='grc' dir='ltr'>κὸν</span> <span class='ocrx_word' id='word_1_131' title='bbox 354 1849 653 1917; x_wconf 77' lang='grc' dir='ltr'>ἀπαντῆσαι</span> <span class='ocrx_word' id='word_1_132' title='bbox 674 1844 820 1925; x_wconf 75' lang='grc' dir='ltr'>παρὰ</span> <span class='ocrx_word' id='word_1_133' title='bbox 844 1849 947 1903; x_wconf 84' lang='grc' dir='ltr'>τῶν</span> <span class='ocrx_word' id='word_1_134' title='bbox 972 1844 1270 1924; x_wconf 77' lang='grc' dir='ltr'>βαρὸοίρων.</span> <span class='ocrx_word' id='word_1_135' title='bbox 1292 1844 1395 1923; x_wconf 82' lang='grc' dir='ltr'>ΙἜν</span> <span class='ocrx_word' id='word_1_136' title='bbox 1411 1843 1465 1902; x_wconf 77' lang='grc' dir='ltr'>δὲ</span> <span class='ocrx_word' id='word_1_137' title='bbox 1487 1853 1591 1911; x_wconf 84' lang='grc' dir='ltr'>τοῖς</span> <span class='ocrx_word' id='word_1_138' title='bbox 1614 1845 1802 1924; x_wconf 81' lang='grc' dir='ltr'>Ψηφί-</span> 
     </span>
     <span class='ocr_line' id='line_1_19' title="bbox 254 1931 1801 2012; baseline -0.002 -19"><span class='ocrx_word' id='word_1_139' title='bbox 254 1957 475 2011; x_wconf 82' lang='grc' dir='ltr'>σμασιν,</span> <span class='ocrx_word' id='word_1_140' title='bbox 505 1934 539 1993; x_wconf 82' lang='grc' dir='ltr'>ἃ</span> <span class='ocrx_word' id='word_1_141' title='bbox 577 1933 835 2011; x_wconf 78' lang='grc' dir='ltr'>συνήγαγε</span> <span class='ocrx_word' id='word_1_142' title='bbox 876 1932 1169 2012; x_wconf 77' lang='grc' dir='ltr'>Κράτερος,</span> <span class='ocrx_word' id='word_1_143' title='bbox 1211 1931 1498 2011; x_wconf 80' lang='grc' dir='ltr'>ἀντίγραφα</span> <span class='ocrx_word' id='word_1_144' title='bbox 1534 1936 1801 2004; x_wconf 82' lang='grc' dir='ltr'>συνθηκῶν</span> 
     </span>
     <span class='ocr_line' id='line_1_20' title="bbox 242 2018 1801 2099; baseline -0.001 -20"><span class='ocrx_word' id='word_1_145' title='bbox 242 2026 315 2087; x_wconf 80' lang='grc' dir='ltr'>ὡς</span> <span class='ocrx_word' id='word_1_146' title='bbox 343 2021 629 2099; x_wconf 77' lang='grc' dir='ltr'>γενομένων</span> <span class='ocrx_word' id='word_1_147' title='bbox 675 2020 1079 2080; x_wconf 71' lang='grc' dir='ltr'>κατατέτακται.</span> <span class='ocrx_word' id='word_1_148' title='bbox 1112 2018 1261 2079; x_wconf 73' lang='grc' dir='ltr'>Φασὶ</span> <span class='ocrx_word' id='word_1_149' title='bbox 1298 2018 1352 2075; x_wconf 82' lang='grc' dir='ltr'>δὲ</span> <span class='ocrx_word' id='word_1_150' title='bbox 1382 2018 1470 2075; x_wconf 80' lang='grc' dir='ltr'>καὶ</span> <span class='ocrx_word' id='word_1_151' title='bbox 1510 2019 1685 2097; x_wconf 79' lang='grc' dir='ltr'>βωμὸν</span> <span class='ocrx_word' id='word_1_152' title='bbox 1714 2022 1801 2078; x_wconf 81' lang='grc' dir='ltr'>Εἰ·</span> 
     </span>
     <span class='ocr_line' id='line_1_21' title="bbox 243 2105 1799 2185; baseline -0.001 -20"><span class='ocrx_word' id='word_1_153' title='bbox 243 2108 403 2185; x_wconf 84' lang='grc' dir='ltr'>ρήνης</span> <span class='ocrx_word' id='word_1_154' title='bbox 427 2107 511 2165; x_wconf 78' lang='grc' dir='ltr'>διὰ</span> <span class='ocrx_word' id='word_1_155' title='bbox 538 2114 706 2165; x_wconf 75' lang='grc' dir='ltr'>ταῦτα</span> <span class='ocrx_word' id='word_1_156' title='bbox 734 2105 851 2174; x_wconf 77' lang='grc' dir='ltr'>τοὺς</span> <span class='ocrx_word' id='word_1_157' title='bbox 876 2106 1172 2176; x_wconf 79' lang='grc' dir='ltr'>Ἀθηναίους</span> <span class='ocrx_word' id='word_1_158' title='bbox 1193 2105 1501 2183; x_wconf 77' lang='grc' dir='ltr'>ἱδρύσασθαι</span> <span class='ocrx_word' id='word_1_159' title='bbox 1526 2106 1617 2163; x_wconf 82' lang='grc' dir='ltr'>καὶ</span> <span class='ocrx_word' id='word_1_160' title='bbox 1651 2107 1799 2165; x_wconf 84' lang='grc' dir='ltr'>Καλ-</span> 
     </span>
     <span class='ocr_line' id='line_1_22' title="bbox 240 2192 1527 2271; baseline -0.002 -17"><span class='ocrx_word' id='word_1_161' title='bbox 240 2195 360 2254; x_wconf 85' lang='grc' dir='ltr'>λίαν</span> <span class='ocrx_word' id='word_1_162' title='bbox 383 2196 469 2253; x_wconf 80' lang='grc' dir='ltr'>τὸν</span> <span class='ocrx_word' id='word_1_163' title='bbox 498 2192 896 2271; x_wconf 74' lang='grc' dir='ltr'>πρεσὸεύσαντα</span> <span class='ocrx_word' id='word_1_164' title='bbox 920 2198 1143 2268; x_wconf 79' lang='grc' dir='ltr'>τιμῆσαι</span> <span class='ocrx_word' id='word_1_165' title='bbox 1170 2193 1527 2271; x_wconf 78' lang='grc' dir='ltr'>διαφερόντως.</span> 
     </span>
     <span class='ocr_line' id='line_1_23' title="bbox 328 2283 1803 2355; baseline 0 -17"><span class='ocrx_word' id='word_1_166' title='bbox 328 2286 482 2339; x_wconf 85' lang='lat' dir='ltr'>Pacis</span> <span class='ocrx_word' id='word_1_167' title='bbox 518 2284 687 2354; x_wconf 87' lang='lat' dir='ltr'>hujus</span> <span class='ocrx_word' id='word_1_168' title='bbox 715 2283 1067 2338; x_wconf 89' lang='lat' dir='ltr'>conditiones</span> <span class='ocrx_word' id='word_1_169' title='bbox 1094 2283 1285 2354; x_wconf 88' lang='lat' dir='ltr'>paullo</span> <span class='ocrx_word' id='word_1_170' title='bbox 1325 2283 1546 2355; x_wconf 85' lang='lat' dir='ltr'>plenius</span> <span class='ocrx_word' id='word_1_171' title='bbox 1575 2283 1803 2338; x_wconf 83' lang='lat' dir='ltr'>exhibet</span> 
     </span>
     <span class='ocr_line' id='line_1_24' title="bbox 241 2368 1798 2444; baseline -0.001 -19"><span class='ocrx_word' id='word_1_172' title='bbox 241 2370 535 2425; x_wconf 84' lang='lat' dir='ltr'>Diodorus</span> <span class='ocrx_word' id='word_1_173' title='bbox 551 2371 686 2437; x_wconf 87' lang='lat' dir='ltr'>XII,</span> <span class='ocrx_word' id='word_1_174' title='bbox 712 2377 767 2437; x_wconf 72' lang='grc'>1.,</span> <span class='ocrx_word' id='word_1_175' title='bbox 800 2368 855 2437; x_wconf 85' lang='grc'>5,</span> <span class='ocrx_word' id='word_1_176' title='bbox 876 2369 950 2424; x_wconf 82' lang='lat' dir='ltr'>cf.</span> <span class='ocrx_word' id='word_1_177' title='bbox 978 2371 1112 2437; x_wconf 86' lang='lat' dir='ltr'>XII,</span> <span class='ocrx_word' id='word_1_178' title='bbox 1146 2388 1204 2444; x_wconf 77' lang='grc' dir='ltr'>α,</span> <span class='ocrx_word' id='word_1_179' title='bbox 1233 2368 1327 2427; x_wconf 86' lang='grc'>36.</span> <span class='ocrx_word' id='word_1_180' title='bbox 1359 2369 1620 2425; x_wconf 88' lang='lat' dir='ltr'>Ceterum</span> <span class='ocrx_word' id='word_1_181' title='bbox 1646 2381 1709 2424; x_wconf 91' lang='lat' dir='ltr'>ut</span> <span class='ocrx_word' id='word_1_182' title='bbox 1736 2389 1798 2425; x_wconf 87' lang='lat' dir='ltr'>ea</span> 
     </span>
     <span class='ocr_line' id='line_1_25' title="bbox 244 2452 1801 2531; baseline 0.002 -21"><span class='ocrx_word' id='word_1_183' title='bbox 244 2452 374 2529; x_wconf 70' lang='lat' dir='ltr'>quae</span> <span class='ocrx_word' id='word_1_184' title='bbox 403 2456 473 2511; x_wconf 86' lang='lat' dir='ltr'>de</span> <span class='ocrx_word' id='word_1_185' title='bbox 500 2457 745 2512; x_wconf 78' lang='lat' dir='ltr'>Aristide</span> <span class='ocrx_word' id='word_1_186' title='bbox 762 2456 830 2510; x_wconf 68' lang='grc' dir='ltr'>[ι’.</span> <span class='ocrx_word' id='word_1_187' title='bbox 852 2457 887 2511; x_wconf 87' lang='grc'>6</span> <span class='ocrx_word' id='word_1_188' title='bbox 917 2457 1171 2531; x_wconf 81' lang='lat' dir='ltr'>legimus,</span> <span class='ocrx_word' id='word_1_189' title='bbox 1200 2456 1332 2512; x_wconf 85' lang='lat' dir='ltr'>falsa</span> <span class='ocrx_word' id='word_1_190' title='bbox 1360 2468 1509 2525; x_wconf 88' lang='lat' dir='ltr'>sunt,</span> <span class='ocrx_word' id='word_1_191' title='bbox 1534 2458 1612 2512; x_wconf 90' lang='lat' dir='ltr'>sic</span> <span class='ocrx_word' id='word_1_192' title='bbox 1636 2459 1801 2513; x_wconf 89' lang='lat' dir='ltr'>etiam</span> 
     </span>
     <span class='ocr_line' id='line_1_26' title="bbox 242 2543 1803 2619; baseline 0.003 -22"><span class='ocrx_word' id='word_1_193' title='bbox 242 2543 436 2599; x_wconf 81' lang='lat' dir='ltr'>fictam</span> <span class='ocrx_word' id='word_1_194' title='bbox 458 2563 566 2599; x_wconf 86' lang='lat' dir='ltr'>esse</span> <span class='ocrx_word' id='word_1_195' title='bbox 597 2562 795 2616; x_wconf 84' lang='lat' dir='ltr'><strong>pacem</strong></span> <span class='ocrx_word' id='word_1_196' title='bbox 823 2544 962 2598; x_wconf 86' lang='lat' dir='ltr'>hanc</span> <span class='ocrx_word' id='word_1_197' title='bbox 985 2545 1293 2600; x_wconf 87' lang='lat' dir='ltr'>Cimoniam</span> <span class='ocrx_word' id='word_1_198' title='bbox 1315 2586 1331 2613; x_wconf 93' lang='lat'>,</span> <span class='ocrx_word' id='word_1_199' title='bbox 1359 2563 1528 2619; x_wconf 87' lang='lat' dir='ltr'>quam</span> <span class='ocrx_word' id='word_1_200' title='bbox 1550 2545 1803 2602; x_wconf 81' lang='lat' dir='ltr'><strong>rhetores</strong></span> 
     </span>
     <span class='ocr_line' id='line_1_27' title="bbox 243 2630 1804 2706; baseline 0.001 -20"><span class='ocrx_word' id='word_1_201' title='bbox 243 2630 563 2699; x_wconf 84' lang='lat' dir='ltr'>celebrant,</span> <span class='ocrx_word' id='word_1_202' title='bbox 592 2630 949 2706; x_wconf 82' lang='lat' dir='ltr'>Thucydides</span> <span class='ocrx_word' id='word_1_203' title='bbox 986 2650 1123 2687; x_wconf 79' lang='lat' dir='ltr'>vero</span> <span class='ocrx_word' id='word_1_204' title='bbox 1160 2634 1413 2706; x_wconf 84' lang='lat' dir='ltr'>ignorat,</span> <span class='ocrx_word' id='word_1_205' title='bbox 1447 2634 1804 2690; x_wconf 84' lang='lat' dir='ltr'>Callisthenes</span> 
     </span>
     <span class='ocr_line' id='line_1_28' title="bbox 246 2715 1805 2796; baseline 0.002 -24"><span class='ocrx_word' id='word_1_206' title='bbox 246 2718 343 2791; x_wconf 81' lang='lat' dir='ltr'>(fr.</span> <span class='ocrx_word' id='word_1_207' title='bbox 375 2718 556 2792; x_wconf 79' lang='lat' dir='ltr'>1)·non</span> <span class='ocrx_word' id='word_1_208' title='bbox 577 2720 827 2792; x_wconf 86' lang='lat' dir='ltr'>agnoscit</span> <span class='ocrx_word' id='word_1_209' title='bbox 843 2760 858 2787; x_wconf 94' lang='lat'>,</span> <span class='ocrx_word' id='word_1_210' title='bbox 877 2719 1036 2790; x_wconf 88' lang='lat' dir='ltr'>cujus</span> <span class='ocrx_word' id='word_1_211' title='bbox 1052 2715 1341 2796; x_wconf 79' lang='grc' dir='ltr'>ἀντίγραφα</span> <span class='ocrx_word' id='word_1_212' title='bbox 1360 2721 1419 2774; x_wconf 88' lang='lat' dir='ltr'>in</span> <span class='ocrx_word' id='word_1_213' title='bbox 1436 2721 1586 2774; x_wconf 88' lang='lat' dir='ltr'>stelis</span> <span class='ocrx_word' id='word_1_214' title='bbox 1609 2722 1805 2775; x_wconf 85' lang='lat' dir='ltr'>Atticis</span> 
     </span>
     <span class='ocr_line' id='line_1_29' title="bbox 242 2806 1802 2883; baseline 0.002 -22"><span class='ocrx_word' id='word_1_215' title='bbox 242 2824 376 2861; x_wconf 82' lang='lat' dir='ltr'>sero</span> <span class='ocrx_word' id='word_1_216' title='bbox 418 2807 646 2861; x_wconf 88' lang='lat' dir='ltr'>demum</span> <span class='ocrx_word' id='word_1_217' title='bbox 674 2806 943 2862; x_wconf 79' lang='lat' dir='ltr'>fabricata</span> <span class='ocrx_word' id='word_1_218' title='bbox 965 2825 1081 2861; x_wconf 87' lang='lat' dir='ltr'>esse</span> <span class='ocrx_word' id='word_1_219' title='bbox 1105 2806 1504 2882; x_wconf 86' lang='lat' dir='ltr'><strong>Theopompus</strong></span> <span class='ocrx_word' id='word_1_220' title='bbox 1530 2806 1632 2882; x_wconf 88' lang='lat' dir='ltr'>(fr.</span> <span class='ocrx_word' id='word_1_221' title='bbox 1664 2808 1802 2883; x_wconf 78' lang='lat'>168)</span> 
     </span>
     <span class='ocr_line' id='line_1_30' title="bbox 241 2889 1799 2970; baseline 0.002 -23"><span class='ocrx_word' id='word_1_222' title='bbox 241 2892 402 2965; x_wconf 88' lang='lat' dir='ltr'>apud</span> <span class='ocrx_word' id='word_1_223' title='bbox 438 2896 770 2967; x_wconf 84' lang='lat' dir='ltr'>Harpocrat.</span> <span class='ocrx_word' id='word_1_224' title='bbox 800 2912 858 2955; x_wconf 82' lang='lat' dir='ltr'>v.</span> <span class='ocrx_word' id='word_1_225' title='bbox 898 2890 1143 2957; x_wconf 83' lang='grc' dir='ltr'>Ἀττικοῖς</span> <span class='ocrx_word' id='word_1_226' title='bbox 1177 2889 1454 2970; x_wconf 83' lang='grc' dir='ltr'>γράμμασι</span> <span class='ocrx_word' id='word_1_227' title='bbox 1493 2907 1799 2970; x_wconf 76' lang='lat' dir='ltr'>asseverat,</span> 
     </span>
     <span class='ocr_line' id='line_1_31' title="bbox 243 2980 1804 3054; baseline 0.004 -22"><span class='ocrx_word' id='word_1_228' title='bbox 243 2980 440 3035; x_wconf 86' lang='lat' dir='ltr'>multis</span> <span class='ocrx_word' id='word_1_229' title='bbox 489 2982 830 3053; x_wconf 83' lang='lat' dir='ltr'>argumentis</span> <span class='ocrx_word' id='word_1_230' title='bbox 883 2981 1202 3054; x_wconf 84' lang='lat' dir='ltr'>probarunt</span> <span class='ocrx_word' id='word_1_231' title='bbox 1257 2982 1365 3035; x_wconf 80' lang='lat' dir='ltr'>viri</span> <span class='ocrx_word' id='word_1_232' title='bbox 1418 2981 1596 3040; x_wconf 88' lang='lat' dir='ltr'>docti.</span> <span class='ocrx_word' id='word_1_233' title='bbox 1664 2983 1804 3039; x_wconf 86' lang='lat' dir='ltr'>Vide</span> 
     </span>
     <span class='ocr_line' id='line_1_32' title="bbox 244 3066 1800 3143; baseline 0.001 -20"><span class='ocrx_word' id='word_1_234' title='bbox 244 3069 583 3125; x_wconf 84' lang='lat' dir='ltr'>Dahlmann.</span> <span class='ocrx_word' id='word_1_235' title='bbox 615 3068 1000 3143; x_wconf 66' lang='lat' dir='ltr'>Foeschungen</span> <span class='ocrx_word' id='word_1_236' title='bbox 1029 3066 1147 3139; x_wconf 83' lang='lat' dir='ltr'>auf</span> <span class='ocrx_word' id='word_1_237' title='bbox 1164 3069 1289 3123; x_wconf 84' lang='lat' dir='ltr'>dem</span> <span class='ocrx_word' id='word_1_238' title='bbox 1322 3070 1512 3124; x_wconf 78' lang='lat' dir='ltr'>Gebiet</span> <span class='ocrx_word' id='word_1_239' title='bbox 1550 3072 1655 3124; x_wconf 80' lang='lat' dir='ltr'>der</span> <span class='ocrx_word' id='word_1_240' title='bbox 1696 3072 1800 3126; x_wconf 87' lang='lat' dir='ltr'>Ge-</span> 
     </span>
     <span class='ocr_line' id='line_1_33' title="bbox 242 3153 1802 3234; baseline 0.003 -25"><span class='ocrx_word' id='word_1_241' title='bbox 242 3155 491 3210; x_wconf 80' lang='lat' dir='ltr'>schichte</span> <span class='ocrx_word' id='word_1_242' title='bbox 511 3165 646 3211; x_wconf 87' lang='lat' dir='ltr'>tom.</span> <span class='ocrx_word' id='word_1_243' title='bbox 666 3157 712 3223; x_wconf 92' lang='lat'>1,</span> <span class='ocrx_word' id='word_1_244' title='bbox 733 3173 792 3228; x_wconf 90' lang='lat' dir='ltr'>p.</span> <span class='ocrx_word' id='word_1_245' title='bbox 823 3174 932 3209; x_wconf 85' lang='grc' dir='ltr'>ι-</span> <span class='ocrx_word' id='word_1_246' title='bbox 959 3153 1333 3225; x_wconf 75' lang='lat' dir='ltr'>15o;.Miiller.</span> <span class='ocrx_word' id='word_1_247' title='bbox 1352 3158 1488 3213; x_wconf 86' lang='lat' dir='ltr'>Dor.</span> <span class='ocrx_word' id='word_1_248' title='bbox 1511 3159 1559 3227; x_wconf 88' lang='lat'>1,</span> <span class='ocrx_word' id='word_1_249' title='bbox 1581 3177 1641 3231; x_wconf 91' lang='lat' dir='ltr'>p.</span> <span class='ocrx_word' id='word_1_250' title='bbox 1665 3158 1802 3234; x_wconf 79' lang='lat'>1863</span> 
     </span>
     <span class='ocr_line' id='line_1_34' title="bbox 242 3243 1797 3320; baseline 0.005 -25"><span class='ocrx_word' id='word_1_251' title='bbox 242 3243 446 3299; x_wconf 84' lang='lat' dir='ltr'>Meier.</span> <span class='ocrx_word' id='word_1_252' title='bbox 490 3243 576 3297; x_wconf 87' lang='lat' dir='ltr'>De</span> <span class='ocrx_word' id='word_1_253' title='bbox 615 3243 780 3297; x_wconf 88' lang='lat' dir='ltr'>bonis</span> <span class='ocrx_word' id='word_1_254' title='bbox 823 3243 1066 3300; x_wconf 87' lang='lat' dir='ltr'>damnat.</span> <span class='ocrx_word' id='word_1_255' title='bbox 1098 3262 1158 3316; x_wconf 90' lang='lat' dir='ltr'>p.</span> <span class='ocrx_word' id='word_1_256' title='bbox 1218 3262 1240 3298; x_wconf 87' lang='lat'>1</span> <span class='ocrx_word' id='word_1_257' title='bbox 1257 3261 1321 3311; x_wconf 88' lang='lat'>17</span> <span class='ocrx_word' id='word_1_258' title='bbox 1365 3262 1498 3317; x_wconf 89' lang='lat' dir='ltr'>sqq;</span> <span class='ocrx_word' id='word_1_259' title='bbox 1551 3248 1797 3320; x_wconf 79' lang='lat' dir='ltr'>Kriiger.</span> 
     </span>
     <span class='ocr_line' id='line_1_35' title="bbox 241 3329 1804 3404; baseline 0.003 -23"><span class='ocrx_word' id='word_1_260' title='bbox 241 3330 451 3384; x_wconf 81' lang='lat' dir='ltr'>Histor.</span> <span class='ocrx_word' id='word_1_261' title='bbox 491 3329 691 3401; x_wconf 70' lang='lat' dir='ltr'>philol.</span> <span class='ocrx_word' id='word_1_262' title='bbox 727 3330 955 3386; x_wconf 81' lang='lat' dir='ltr'>Studien</span> <span class='ocrx_word' id='word_1_263' title='bbox 1000 3349 1062 3404; x_wconf 88' lang='lat' dir='ltr'>p.</span> <span class='ocrx_word' id='word_1_264' title='bbox 1118 3331 1384 3400; x_wconf 73' lang='grc'>74-143</span> <span class='ocrx_word' id='word_1_265' title='bbox 1405 3344 1441 3402; x_wconf 91' lang='lat'>,·</span> <span class='ocrx_word' id='word_1_266' title='bbox 1463 3333 1591 3388; x_wconf 91' lang='lat' dir='ltr'>coll.</span> <span class='ocrx_word' id='word_1_267' title='bbox 1644 3335 1804 3388; x_wconf 85' lang='lat' dir='ltr'>Plass.</span> 
     </span>
     <span class='ocr_line' id='line_1_36' title="bbox 249 3416 1806 3492; baseline 0.003 -22"><span class='ocrx_word' id='word_1_268' title='bbox 249 3417 453 3471; x_wconf 80' lang='lat' dir='ltr'>Gesch.</span> <span class='ocrx_word' id='word_1_269' title='bbox 514 3417 948 3473; x_wconf 67' lang='lat' dir='ltr'>Griechenlands</span> <span class='ocrx_word' id='word_1_270' title='bbox 980 3420 1098 3486; x_wconf 91' lang='lat'>111,</span> <span class='ocrx_word' id='word_1_271' title='bbox 1146 3437 1206 3492; x_wconf 91' lang='lat' dir='ltr'>p.</span> <span class='ocrx_word' id='word_1_272' title='bbox 1260 3416 1366 3473; x_wconf 83' lang='lat'>152</span> <span class='ocrx_word' id='word_1_273' title='bbox 1411 3438 1561 3492; x_wconf 66' lang='lat' dir='ltr'>sqq„</span> <span class='ocrx_word' id='word_1_274' title='bbox 1614 3421 1806 3475; x_wconf 86' lang='lat' dir='ltr'>Manso</span> 
     </span>
    </p>
   </div>
   <div class='ocr_carea' id='block_1_6' title="bbox 242 3504 1031 3645">
    <p class='ocr_par' dir='ltr' id='par_1_6' title="bbox 242 3504 1031 3645">
     <span class='ocr_line' id='line_1_37' title="bbox 242 3504 1031 3645; baseline 0.006 -88"><span class='ocrx_word' id='word_1_275' title='bbox 242 3504 456 3577; x_wconf 81' lang='lat' dir='ltr'>Sparta</span> <span class='ocrx_word' id='word_1_276' title='bbox 485 3504 560 3573; x_wconf 91' lang='lat'>11,</span> <span class='ocrx_word' id='word_1_277' title='bbox 591 3521 650 3576; x_wconf 92' lang='lat' dir='ltr'>p.</span> <span class='ocrx_word' id='word_1_278' title='bbox 682 3504 815 3577; x_wconf 76' lang='lat'><strong>469.</strong></span> <span class='ocrx_word' id='word_1_279' title='bbox 994 3591 1031 3645; x_wconf 71' lang='grc'><strong>8</strong></span> 
     </span>
    </p>
   </div>
   <div class='ocr_carea' id='block_1_7' title="bbox 240 3690 1811 3999">
    <p class='ocr_par' dir='ltr' id='par_1_7' title="bbox 240 3690 1811 3999">
     <span class='ocr_line' id='line_1_38' title="bbox 332 3690 1803 3772; baseline 0.001 -22"><span class='ocrx_word' id='word_1_280' title='bbox 332 3690 748 3768; x_wconf 70' lang='lat' dir='ltr'>Harpocration</span> <span class='ocrx_word' id='word_1_281' title='bbox 770 3716 829 3770; x_wconf 90' lang='lat' dir='ltr'>p.</span> <span class='ocrx_word' id='word_1_282' title='bbox 870 3696 1009 3766; x_wconf 76' lang='lat'>136,</span> <span class='ocrx_word' id='word_1_283' title='bbox 1043 3696 1079 3751; x_wconf 91' lang='lat'>6</span> <span class='ocrx_word' id='word_1_284' title='bbox 1108 3697 1283 3752; x_wconf 81' lang='lat' dir='ltr'>Bekk.</span> <span class='ocrx_word' id='word_1_285' title='bbox 1317 3715 1331 3753; x_wconf 74' lang='lat' dir='ltr'>t</span> <span class='ocrx_word' id='word_1_286' title='bbox 1360 3692 1487 3754; x_wconf 70' lang='lat' dir='ltr'>“Ort</span> <span class='ocrx_word' id='word_1_287' title='bbox 1513 3694 1803 3772; x_wconf 78' lang='grc' dir='ltr'>διαμαρτά-</span> 
     </span>
     <span class='ocr_line' id='line_1_39' title="bbox 247 3861 1811 3925; baseline 0.001 -16"><span class='ocrx_word' id='word_1_288' title='bbox 247 3861 495 3922; x_wconf 84' lang='lat' dir='ltr'>rei&#39;erunt,</span> <span class='ocrx_word' id='word_1_289' title='bbox 531 3862 613 3911; x_wconf 86' lang='lat' dir='ltr'>sed</span> <span class='ocrx_word' id='word_1_290' title='bbox 655 3862 832 3923; x_wconf 84' lang='lat' dir='ltr'>relato,</span> <span class='ocrx_word' id='word_1_291' title='bbox 872 3863 1145 3925; x_wconf 78' lang='lat' dir='ltr'>huiusmodi</span> <span class='ocrx_word' id='word_1_292' title='bbox 1189 3863 1597 3913; x_wconf 73' lang='lat' dir='ltr'>condemnationis</span> <span class='ocrx_word' id='word_1_293' title='bbox 1635 3863 1811 3913; x_wconf 87' lang='lat' dir='ltr'>nullius</span> 
     </span>
     <span class='ocr_line' id='line_1_40' title="bbox 240 3940 814 3999; baseline 0.005 -13"><span class='ocrx_word' id='word_1_294' title='bbox 240 3950 455 3999; x_wconf 72' lang='lat' dir='ltr'>usquam</span> <span class='ocrx_word' id='word_1_295' title='bbox 476 3940 814 3989; x_wconf 83' lang='lat' dir='ltr'>meminerunt.</span> 
     </span>
    </p>
   </div>
   <div class='ocr_carea' id='block_1_8' title="bbox 1008 4026 1058 4073">
    <p class='ocr_par' dir='ltr' id='par_1_8' title="bbox 1008 4026 1058 4073">
     <span class='ocr_line' id='line_1_41' title="bbox 1008 4026 1058 4073; baseline 0 0"><span class='ocrx_word' id='word_1_296' title='bbox 1008 4026 1058 4073; x_wconf 92' lang='grc'>7.</span> 
     </span>
    </p>
   </div>
   <div class='ocr_carea' id='block_1_9' title="bbox 240 4103 1813 5088">
    <p class='ocr_par' dir='ltr' id='par_1_9' title="bbox 240 4103 1813 5086">
     <span class='ocr_line' id='line_1_42' title="bbox 314 4103 1813 4168; baseline 0.003 -17"><span class='ocrx_word' id='word_1_297' title='bbox 314 4103 369 4151; x_wconf 89' lang='lat' dir='ltr'>ld</span> <span class='ocrx_word' id='word_1_298' title='bbox 397 4104 577 4154; x_wconf 85' lang='lat' dir='ltr'>sactum</span> <span class='ocrx_word' id='word_1_299' title='bbox 613 4106 734 4167; x_wconf 79' lang='lat' dir='ltr'>regis</span> <span class='ocrx_word' id='word_1_300' title='bbox 772 4107 987 4156; x_wconf 87' lang='lat' dir='ltr'>animum</span> <span class='ocrx_word' id='word_1_301' title='bbox 1022 4108 1090 4156; x_wconf 87' lang='lat' dir='ltr'>ita</span> <span class='ocrx_word' id='word_1_302' title='bbox 1124 4107 1322 4168; x_wconf 89' lang='lat' dir='ltr'>dejecit,</span> <span class='ocrx_word' id='word_1_303' title='bbox 1356 4109 1412 4157; x_wconf 91' lang='lat' dir='ltr'>ut</span> <span class='ocrx_word' id='word_1_304' title='bbox 1448 4108 1656 4157; x_wconf 88' lang='lat' dir='ltr'>nobilem</span> <span class='ocrx_word' id='word_1_305' title='bbox 1681 4107 1813 4156; x_wconf 83' lang='lat' dir='ltr'>illam</span> 
     </span>
     <span class='ocr_line' id='line_1_43' title="bbox 240 4174 1812 4247; baseline 0.003 -21"><span class='ocrx_word' id='word_1_306' title='bbox 240 4178 383 4241; x_wconf 80' lang='lat' dir='ltr'>‚pacis</span> <span class='ocrx_word' id='word_1_307' title='bbox 416 4174 738 4229; x_wconf 77' lang='lat' dir='ltr'>conditionem</span> <span class='ocrx_word' id='word_1_308' title='bbox 769 4183 1033 4244; x_wconf 83' lang='lat' dir='ltr'>acceperit,</span> <span class='ocrx_word' id='word_1_309' title='bbox 1056 4185 1128 4232; x_wconf 89' lang='lat' dir='ltr'>uti</span> <span class='ocrx_word' id='word_1_310' title='bbox 1166 4196 1352 4247; x_wconf 82' lang='lat' dir='ltr'>semper</span> <span class='ocrx_word' id='word_1_311' title='bbox 1375 4185 1486 4246; x_wconf 89' lang='lat' dir='ltr'>equi</span> <span class='ocrx_word' id='word_1_312' title='bbox 1511 4183 1749 4234; x_wconf 88' lang='lat' dir='ltr'>curriculo</span> <span class='ocrx_word' id='word_1_313' title='bbox 1783 4196 1812 4232; x_wconf 89' lang='lat' dir='ltr'>a</span> 
     </span>
     <span class='ocr_line' id='line_1_44' title="bbox 248 4255 1813 4322; baseline 0.003 -18"><span class='ocrx_word' id='word_1_314' title='bbox 248 4260 422 4304; x_wconf 84' lang='lat' dir='ltr'>Graeco</span> <span class='ocrx_word' id='word_1_315' title='bbox 441 4255 560 4303; x_wconf 86' lang='lat' dir='ltr'>mari</span> <span class='ocrx_word' id='word_1_316' title='bbox 576 4255 862 4319; x_wconf 87' lang='lat' dir='ltr'>abstineret,</span> <span class='ocrx_word' id='word_1_317' title='bbox 877 4258 1002 4307; x_wconf 86' lang='lat' dir='ltr'>intra</span> <span class='ocrx_word' id='word_1_318' title='bbox 1020 4262 1235 4322; x_wconf 80' lang='lat' dir='ltr'>Cyaneas</span> <span class='ocrx_word' id='word_1_319' title='bbox 1251 4264 1299 4309; x_wconf 84' lang='lat' dir='ltr'>et</span> <span class='ocrx_word' id='word_1_320' title='bbox 1318 4261 1619 4311; x_wconf 84' lang='lat' dir='ltr'>Chelidonias</span> <span class='ocrx_word' id='word_1_321' title='bbox 1635 4261 1813 4310; x_wconf 83' lang='lat' dir='ltr'>insulas</span> 
     </span>
     <span class='ocr_line' id='line_1_45' title="bbox 246 4331 1809 4399; baseline 0.003 -19"><span class='ocrx_word' id='word_1_322' title='bbox 246 4331 366 4380; x_wconf 77' lang='lat' dir='ltr'>navi</span> <span class='ocrx_word' id='word_1_323' title='bbox 387 4331 527 4391; x_wconf 82' lang='lat' dir='ltr'>longa</span> <span class='ocrx_word' id='word_1_324' title='bbox 549 4333 596 4380; x_wconf 87' lang='lat' dir='ltr'>et</span> <span class='ocrx_word' id='word_1_325' title='bbox 620 4334 768 4380; x_wconf 69' lang='lat' dir='ltr'>aerata</span> <span class='ocrx_word' id='word_1_326' title='bbox 791 4347 849 4382; x_wconf 87' lang='lat' dir='ltr'>ne</span> <span class='ocrx_word' id='word_1_327' title='bbox 882 4334 1139 4396; x_wconf 78' lang='lat' dir='ltr'>navigaret.</span> <span class='ocrx_word' id='word_1_328' title='bbox 1164 4336 1476 4386; x_wconf 84' lang='lat' dir='ltr'>Callisthenes</span> <span class='ocrx_word' id='word_1_329' title='bbox 1500 4337 1694 4399; x_wconf 82' lang='lat' dir='ltr'>quidem</span> <span class='ocrx_word' id='word_1_330' title='bbox 1714 4349 1809 4385; x_wconf 88' lang='lat' dir='ltr'>non</span> 
     </span>
     <span class='ocr_line' id='line_1_46' title="bbox 249 4406 1809 4475; baseline 0.003 -19"><span class='ocrx_word' id='word_1_331' title='bbox 249 4409 446 4471; x_wconf 85' lang='lat' dir='ltr'>pactum</span> <span class='ocrx_word' id='word_1_332' title='bbox 471 4406 562 4455; x_wconf 85' lang='lat' dir='ltr'>hoc</span> <span class='ocrx_word' id='word_1_333' title='bbox 585 4419 688 4457; x_wconf 59' lang='lat' dir='ltr'>esse</span> <span class='ocrx_word' id='word_1_334' title='bbox 714 4421 869 4470; x_wconf 82' lang='lat' dir='ltr'>regem</span> <span class='ocrx_word' id='word_1_335' title='bbox 892 4410 1083 4473; x_wconf 80' lang='lat' dir='ltr'>scribit,</span> <span class='ocrx_word' id='word_1_336' title='bbox 1110 4412 1193 4461; x_wconf 86' lang='lat' dir='ltr'>sed</span> <span class='ocrx_word' id='word_1_337' title='bbox 1217 4413 1286 4461; x_wconf 82' lang='lat' dir='ltr'>ita</span> <span class='ocrx_word' id='word_1_338' title='bbox 1319 4413 1454 4463; x_wconf 87' lang='lat' dir='ltr'>clade</span> <span class='ocrx_word' id='word_1_339' title='bbox 1485 4415 1679 4475; x_wconf 84' lang='lat' dir='ltr'>accepta</span> <span class='ocrx_word' id='word_1_340' title='bbox 1700 4426 1809 4475; x_wconf 87' lang='lat' dir='ltr'>per·</span> 
     </span>
     <span class='ocr_line' id='line_1_47' title="bbox 246 4483 1809 4551; baseline 0.003 -17"><span class='ocrx_word' id='word_1_341' title='bbox 246 4485 471 4534; x_wconf 72' lang='lat' dir='ltr'>territum</span> <span class='ocrx_word' id='word_1_342' title='bbox 506 4483 674 4545; x_wconf 75' lang='lat' dir='ltr'>ruisse,</span> <span class='ocrx_word' id='word_1_343' title='bbox 702 4487 760 4533; x_wconf 87' lang='lat' dir='ltr'>ut</span> <span class='ocrx_word' id='word_1_344' title='bbox 789 4485 882 4535; x_wconf 89' lang='lat' dir='ltr'>hoc</span> <span class='ocrx_word' id='word_1_345' title='bbox 908 4487 1086 4537; x_wconf 79' lang='lat' dir='ltr'>faceret</span> <span class='ocrx_word' id='word_1_346' title='bbox 1111 4508 1124 4537; x_wconf 71' lang='grc' dir='ltr'>ε</span> <span class='ocrx_word' id='word_1_347' title='bbox 1150 4489 1365 4551; x_wconf 82' lang='lat' dir='ltr'>adeoque</span> <span class='ocrx_word' id='word_1_348' title='bbox 1390 4490 1556 4551; x_wconf 85' lang='lat' dir='ltr'>procul</span> <span class='ocrx_word' id='word_1_349' title='bbox 1579 4502 1608 4538; x_wconf 91' lang='lat' dir='ltr'>a</span> <span class='ocrx_word' id='word_1_350' title='bbox 1627 4491 1809 4540; x_wconf 79' lang='lat' dir='ltr'>Graecia</span> 
     </span>
     <span class='ocr_line' id='line_1_48' title="bbox 247 4561 1810 4628; baseline 0.004 -19"><span class='ocrx_word' id='word_1_351' title='bbox 247 4574 302 4609; x_wconf 80' lang='lat' dir='ltr'>se</span> <span class='ocrx_word' id='word_1_352' title='bbox 333 4561 651 4623; x_wconf 78' lang='lat' dir='ltr'>continuisse,</span> <span class='ocrx_word' id='word_1_353' title='bbox 685 4564 741 4611; x_wconf 87' lang='lat' dir='ltr'>ut</span> <span class='ocrx_word' id='word_1_354' title='bbox 772 4563 1114 4626; x_wconf 73' lang='lat' dir='ltr'>quinquaginta</span> <span class='ocrx_word' id='word_1_355' title='bbox 1137 4566 1340 4615; x_wconf 78' lang='lat' dir='ltr'>navibus</span> <span class='ocrx_word' id='word_1_356' title='bbox 1364 4567 1592 4625; x_wconf 85' lang='lat' dir='ltr'>Pericles,</span> <span class='ocrx_word' id='word_1_357' title='bbox 1618 4567 1810 4628; x_wconf 83' lang='lat' dir='ltr'>triginta</span> 
     </span>
     <span class='ocr_line' id='line_1_49' title="bbox 248 4637 1808 4704; baseline 0.004 -19"><span class='ocrx_word' id='word_1_358' title='bbox 248 4637 493 4698; x_wconf 77' lang='lat' dir='ltr'>Ephialtes</span> <span class='ocrx_word' id='word_1_359' title='bbox 529 4639 657 4687; x_wconf 84' lang='lat' dir='ltr'>ultra</span> <span class='ocrx_word' id='word_1_360' title='bbox 699 4639 1002 4690; x_wconf 82' lang='lat' dir='ltr'>Chelidonias</span> <span class='ocrx_word' id='word_1_361' title='bbox 1031 4642 1274 4704; x_wconf 82' lang='lat' dir='ltr'>provecti,</span> <span class='ocrx_word' id='word_1_362' title='bbox 1299 4643 1480 4693; x_wconf 86' lang='lat' dir='ltr'>nullam</span> <span class='ocrx_word' id='word_1_363' title='bbox 1507 4643 1594 4693; x_wconf 86' lang='lat' dir='ltr'>sihi</span> <span class='ocrx_word' id='word_1_364' title='bbox 1616 4643 1808 4693; x_wconf 82' lang='lat' dir='ltr'>obviam</span> 
     </span>
     <span class='ocr_line' id='line_1_50' title="bbox 247 4713 1809 4784; baseline 0.006 -24"><span class='ocrx_word' id='word_1_365' title='bbox 247 4715 450 4762; x_wconf 81' lang='lat' dir='ltr'>classem</span> <span class='ocrx_word' id='word_1_366' title='bbox 467 4713 766 4764; x_wconf 79' lang='lat' dir='ltr'>barbaricam</span> <span class='ocrx_word' id='word_1_367' title='bbox 790 4716 1061 4766; x_wconf 83' lang='lat' dir='ltr'>habuerint.</span> <span class='ocrx_word' id='word_1_368' title='bbox 1082 4721 1135 4767; x_wconf 86' lang='lat' dir='ltr'>ln</span> <span class='ocrx_word' id='word_1_369' title='bbox 1158 4719 1362 4770; x_wconf 85' lang='lat' dir='ltr'>decretis</span> <span class='ocrx_word' id='word_1_370' title='bbox 1381 4722 1542 4770; x_wconf 82' lang='lat' dir='ltr'>tamen</span> <span class='ocrx_word' id='word_1_371' title='bbox 1558 4734 1670 4784; x_wconf 78' lang='lat' dir='ltr'>quae</span> <span class='ocrx_word' id='word_1_372' title='bbox 1695 4724 1809 4771; x_wconf 84' lang='lat' dir='ltr'>cra·</span> 
     </span>
     <span class='ocr_line' id='line_1_51' title="bbox 247 4794 1807 4861; baseline 0.006 -22"><span class='ocrx_word' id='word_1_373' title='bbox 247 4794 382 4840; x_wconf 72' lang='lat' dir='ltr'>tetus</span> <span class='ocrx_word' id='word_1_374' title='bbox 392 4795 643 4855; x_wconf 79' lang='lat' dir='ltr'>congessit,</span> <span class='ocrx_word' id='word_1_375' title='bbox 661 4794 893 4844; x_wconf 76' lang='lat' dir='ltr'>roederum</span> <span class='ocrx_word' id='word_1_376' title='bbox 907 4797 1197 4859; x_wconf 78' lang='lat' dir='ltr'>exemplaria</span> <span class='ocrx_word' id='word_1_377' title='bbox 1214 4801 1270 4847; x_wconf 90' lang='lat' dir='ltr'>ut</span> <span class='ocrx_word' id='word_1_378' title='bbox 1288 4811 1450 4861; x_wconf 83' lang='lat' dir='ltr'>reapse</span> <span class='ocrx_word' id='word_1_379' title='bbox 1462 4803 1807 4850; x_wconf 78' lang='lat' dir='ltr'>conventorum</span> 
     </span>
     <span class='ocr_line' id='line_1_52' title="bbox 246 4869 1809 4939; baseline 0.005 -22"><span class='ocrx_word' id='word_1_380' title='bbox 246 4869 400 4929; x_wconf 84' lang='lat' dir='ltr'>posita</span> <span class='ocrx_word' id='word_1_381' title='bbox 431 4869 685 4921; x_wconf 79' lang='lat' dir='ltr'>habentur.</span> <span class='ocrx_word' id='word_1_382' title='bbox 722 4875 903 4922; x_wconf 75' lang='lat' dir='ltr'>Ferunt</span> <span class='ocrx_word' id='word_1_383' title='bbox 938 4874 1082 4923; x_wconf 89' lang='lat' dir='ltr'>etiam</span> <span class='ocrx_word' id='word_1_384' title='bbox 1124 4876 1258 4925; x_wconf 81' lang='lat' dir='ltr'>Pacis</span> <span class='ocrx_word' id='word_1_385' title='bbox 1296 4890 1429 4925; x_wconf 85' lang='lat' dir='ltr'>aram</span> <span class='ocrx_word' id='word_1_386' title='bbox 1465 4878 1713 4939; x_wconf 78' lang='lat' dir='ltr'>propterea</span> <span class='ocrx_word' id='word_1_387' title='bbox 1747 4878 1809 4925; x_wconf 87' lang='lat' dir='ltr'>ab</span> 
     </span>
     <span class='ocr_line' id='line_1_53' title="bbox 248 4946 1809 5016; baseline 0.007 -23"><span class='ocrx_word' id='word_1_388' title='bbox 248 4946 616 4998; x_wconf 76' lang='lat' dir='ltr'>Atheniensibus</span> <span class='ocrx_word' id='word_1_389' title='bbox 659 4950 887 5011; x_wconf 80' lang='lat' dir='ltr'>positam,</span> <span class='ocrx_word' id='word_1_390' title='bbox 923 4964 1234 5016; x_wconf 85' lang='lat' dir='ltr'>summosque</span> <span class='ocrx_word' id='word_1_391' title='bbox 1273 4954 1469 5013; x_wconf 67' lang='lat' dir='ltr'>calliae,</span> <span class='ocrx_word' id='word_1_392' title='bbox 1507 4954 1590 5015; x_wconf 87' lang='lat' dir='ltr'>qui</span> <span class='ocrx_word' id='word_1_393' title='bbox 1626 4953 1809 5016; x_wconf 77' lang='lat' dir='ltr'>legatus</span> 
     </span>
     <span class='ocr_line' id='line_1_54' title="bbox 246 5022 1257 5088; baseline 0.009 -18"><span class='ocrx_word' id='word_1_394' title='bbox 246 5022 563 5084; x_wconf 70' lang='lat' dir='ltr'>pacificationi</span> <span class='ocrx_word' id='word_1_395' title='bbox 587 5027 804 5088; x_wconf 75' lang='lat' dir='ltr'>praefuit,</span> <span class='ocrx_word' id='word_1_396' title='bbox 831 5028 1033 5078; x_wconf 85' lang='lat' dir='ltr'>honores</span> <span class='ocrx_word' id='word_1_397' title='bbox 1054 5029 1257 5079; x_wconf 85' lang='lat' dir='ltr'>habitos.</span> 
     </span>
    </p>
   </div>
   <div class='ocr_carea' id='block_1_10' title="bbox 1891 666 3454 748">
    <p class='ocr_par' dir='ltr' id='par_1_10' title="bbox 1891 666 3454 748">
     <span class='ocr_line' id='line_1_55' title="bbox 1891 666 3454 748; baseline 0.001 -21"><span class='ocrx_word' id='word_1_398' title='bbox 1891 666 2154 747; x_wconf 82' lang='grc' dir='ltr'>Κράτερος</span> <span class='ocrx_word' id='word_1_399' title='bbox 2184 669 2240 726; x_wconf 80' lang='grc' dir='ltr'>ἐν</span> <span class='ocrx_word' id='word_1_400' title='bbox 2271 672 2336 746; x_wconf 79' lang='grc' dir='ltr'>τῇ</span> <span class='ocrx_word' id='word_1_401' title='bbox 2385 671 2486 725; x_wconf 83' lang='grc' dir='ltr'>τῶν</span> <span class='ocrx_word' id='word_1_402' title='bbox 2515 668 2786 748; x_wconf 80' lang='grc' dir='ltr'>Ψηφισμά</span> <span class='ocrx_word' id='word_1_403' title='bbox 2798 692 2890 726; x_wconf 81' lang='grc' dir='ltr'>των</span> <span class='ocrx_word' id='word_1_404' title='bbox 2919 671 3209 746; x_wconf 82' lang='grc' dir='ltr'>συναγωγῇ.</span> <span class='ocrx_word' id='word_1_405' title='bbox 3239 675 3454 729; x_wconf 85' lang='lat' dir='ltr'>Demo-</span> 
     </span>
    </p>
   </div>
   <div class='ocr_carea' id='block_1_11' title="bbox 1797 762 3450 839">
    <p class='ocr_par' dir='ltr' id='par_1_11' title="bbox 1797 762 3450 839">
     <span class='ocr_line' id='line_1_56' title="bbox 1797 762 3450 839; baseline 0.002 -18"><span class='ocrx_word' id='word_1_406' title='bbox 1797 819 1805 826; x_wconf 80' lang='lat'>,</span> <span class='ocrx_word' id='word_1_407' title='bbox 1884 766 2104 821; x_wconf 81' lang='lat' dir='ltr'>sthenes</span> <span class='ocrx_word' id='word_1_408' title='bbox 2127 767 2192 819; x_wconf 91' lang='lat' dir='ltr'>ln</span> <span class='ocrx_word' id='word_1_409' title='bbox 2213 767 2390 823; x_wconf 81' lang='lat' dir='ltr'>Neaer.</span> <span class='ocrx_word' id='word_1_410' title='bbox 2413 764 2447 838; x_wconf 84' lang='lat'>§</span> <span class='ocrx_word' id='word_1_411' title='bbox 2469 772 2569 838; x_wconf 75' lang='lat'>94,</span> <span class='ocrx_word' id='word_1_412' title='bbox 2595 784 2656 839; x_wconf 90' lang='lat' dir='ltr'><strong>p.</strong></span> <span class='ocrx_word' id='word_1_413' title='bbox 2692 765 2837 836; x_wconf 84' lang='lat'><strong>1377</strong></span> <span class='ocrx_word' id='word_1_414' title='bbox 2859 805 2876 835; x_wconf 96' lang='lat'>,</span> <span class='ocrx_word' id='word_1_415' title='bbox 2899 782 2976 839; x_wconf 90' lang='lat'>9:</span> <span class='ocrx_word' id='word_1_416' title='bbox 3013 762 3117 823; x_wconf 82' lang='grc' dir='ltr'>Καὶ</span> <span class='ocrx_word' id='word_1_417' title='bbox 3144 762 3221 821; x_wconf 82' lang='grc' dir='ltr'>ἔτι</span> <span class='ocrx_word' id='word_1_418' title='bbox 3241 765 3332 821; x_wconf 79' lang='grc' dir='ltr'>καὶ</span> <span class='ocrx_word' id='word_1_419' title='bbox 3361 771 3450 824; x_wconf 75' lang='grc' dir='ltr'>νῦν</span> 
     </span>
    </p>
   </div>
   <div class='ocr_carea' id='block_1_12' title="bbox 1885 849 3478 2167">
    <p class='ocr_par' dir='ltr' id='par_1_12' title="bbox 1885 849 3453 1258">
     <span class='ocr_line' id='line_1_57' title="bbox 1889 849 3450 931; baseline 0.002 -23"><span class='ocrx_word' id='word_1_420' title='bbox 1889 856 1984 922; x_wconf 81' lang='grc' dir='ltr'>τῆς</span> <span class='ocrx_word' id='word_1_421' title='bbox 2028 849 2372 928; x_wconf 78' lang='grc' dir='ltr'>ἀνδραγαθίας</span> <span class='ocrx_word' id='word_1_422' title='bbox 2415 852 2584 908; x_wconf 76' lang='grc' dir='ltr'>αὐτῶν</span> <span class='ocrx_word' id='word_1_423' title='bbox 2625 850 2980 927; x_wconf 71' lang='grc' dir='ltr'>ὑπομνήματα</span> <span class='ocrx_word' id='word_1_424' title='bbox 3022 855 3075 910; x_wconf 81' lang='grc' dir='ltr'>ἐν</span> <span class='ocrx_word' id='word_1_425' title='bbox 3119 855 3186 930; x_wconf 83' lang='grc' dir='ltr'>τῇ</span> <span class='ocrx_word' id='word_1_426' title='bbox 3226 852 3450 931; x_wconf 82' lang='grc' dir='ltr'>Ποικίλῃ</span> 
     </span>
     <span class='ocr_line' id='line_1_58' title="bbox 1887 936 3450 1017; baseline 0.003 -22"><span class='ocrx_word' id='word_1_427' title='bbox 1887 945 2017 1017; x_wconf 76' lang='grc' dir='ltr'>στοᾷ</span> <span class='ocrx_word' id='word_1_428' title='bbox 2054 936 2361 1008; x_wconf 80' lang='grc' dir='ltr'>δεδήλωκεν.</span> <span class='ocrx_word' id='word_1_429' title='bbox 2389 941 2685 996; x_wconf 85' lang='lat' dir='ltr'>Pausanias</span> <span class='ocrx_word' id='word_1_430' title='bbox 2711 941 2767 1011; x_wconf 90' lang='lat'>1,</span> <span class='ocrx_word' id='word_1_431' title='bbox 2810 937 2877 996; x_wconf 84' lang='lat'>15</span> <span class='ocrx_word' id='word_1_432' title='bbox 2895 981 2911 1010; x_wconf 90' lang='lat'>‚</span> <span class='ocrx_word' id='word_1_433' title='bbox 2946 940 2978 995; x_wconf 86' lang='lat'>3</span> <span class='ocrx_word' id='word_1_434' title='bbox 3011 960 3025 995; x_wconf 92' lang='lat'>:</span> <span class='ocrx_word' id='word_1_435' title='bbox 3057 940 3363 999; x_wconf 81' lang='grc' dir='ltr'>Τελευταῖοι</span> <span class='ocrx_word' id='word_1_436' title='bbox 3395 939 3450 999; x_wconf 68' lang='lat'>82</span> 
     </span>
     <span class='ocr_line' id='line_1_59' title="bbox 1888 1024 3452 1104; baseline 0.004 -23"><span class='ocrx_word' id='word_1_437' title='bbox 1888 1028 1982 1096; x_wconf 79' lang='grc' dir='ltr'>τῆς</span> <span class='ocrx_word' id='word_1_438' title='bbox 2008 1029 2212 1104; x_wconf 78' lang='grc' dir='ltr'>γραφῆς</span> <span class='ocrx_word' id='word_1_439' title='bbox 2248 1028 2375 1083; x_wconf 83' lang='grc' dir='ltr'>εἰσιν</span> <span class='ocrx_word' id='word_1_440' title='bbox 2407 1025 2454 1082; x_wconf 72' lang='grc' dir='ltr'>οἱ</span> <span class='ocrx_word' id='word_1_441' title='bbox 2484 1024 2845 1104; x_wconf 75' lang='grc' dir='ltr'>μαχεσάμενοι</span> <span class='ocrx_word' id='word_1_442' title='bbox 2869 1027 3185 1103; x_wconf 81' lang='grc' dir='ltr'>Μαραθῶνι,</span> <span class='ocrx_word' id='word_1_443' title='bbox 3211 1030 3452 1087; x_wconf 80' lang='grc' dir='ltr'>Βοιωτῶν</span> 
     </span>
     <span class='ocr_line' id='line_1_60' title="bbox 1891 1109 3453 1191; baseline 0.003 -23"><span class='ocrx_word' id='word_1_444' title='bbox 1891 1111 1946 1169; x_wconf 83' lang='grc' dir='ltr'>δὲ</span> <span class='ocrx_word' id='word_1_445' title='bbox 1976 1115 2023 1169; x_wconf 80' lang='grc' dir='ltr'>οἱ</span> <span class='ocrx_word' id='word_1_446' title='bbox 2045 1111 2322 1171; x_wconf 82' lang='grc' dir='ltr'>Πλάταιαν</span> <span class='ocrx_word' id='word_1_447' title='bbox 2352 1109 2575 1190; x_wconf 72' lang='grc' dir='ltr'>ἔχοντες.</span> <span class='ocrx_word' id='word_1_448' title='bbox 2606 1113 2820 1186; x_wconf 82' lang='lat' dir='ltr'>Crateri</span> <span class='ocrx_word' id='word_1_449' title='bbox 2843 1115 3126 1170; x_wconf 87' lang='lat' dir='ltr'>silentium</span> <span class='ocrx_word' id='word_1_450' title='bbox 3156 1115 3296 1170; x_wconf 89' lang='lat' dir='ltr'>nihil</span> <span class='ocrx_word' id='word_1_451' title='bbox 3318 1134 3453 1191; x_wconf 88' lang='lat' dir='ltr'>pro·</span> 
     </span>
     <span class='ocr_line' id='line_1_61' title="bbox 1885 1199 2002 1258; baseline 0.026 -4"><span class='ocrx_word' id='word_1_452' title='bbox 1885 1199 2002 1258; x_wconf 89' lang='lat' dir='ltr'>bat.</span> 
     </span>
    </p>

    <p class='ocr_par' dir='ltr' id='par_1_13' title="bbox 2645 1305 2697 1358">
     <span class='ocr_line' id='line_1_62' title="bbox 2645 1305 2697 1358; baseline 0 -20"><span class='ocrx_word' id='word_1_453' title='bbox 2645 1305 2697 1358; x_wconf 86' lang='lat'>9.</span> 
     </span>
    </p>

    <p class='ocr_par' dir='ltr' id='par_1_14' title="bbox 1887 1384 3478 2167">
     <span class='ocr_line' id='line_1_63' title="bbox 1967 1384 3478 1469; baseline 0.002 -22"><span class='ocrx_word' id='word_1_454' title='bbox 1967 1393 2156 1447; x_wconf 87' lang='lat' dir='ltr'>Schol.</span> <span class='ocrx_word' id='word_1_455' title='bbox 2180 1392 2462 1464; x_wconf 80' lang='lat' dir='ltr'>Aristoph.</span> <span class='ocrx_word' id='word_1_456' title='bbox 2489 1395 2595 1446; x_wconf 80' lang='lat' dir='ltr'>Av.</span> <span class='ocrx_word' id='word_1_457' title='bbox 2626 1389 2771 1461; x_wconf 84' lang='lat'><strong>1073</strong></span> <span class='ocrx_word' id='word_1_458' title='bbox 2796 1406 2812 1448; x_wconf 74' lang='grc' dir='ltr'>τ</span> <span class='ocrx_word' id='word_1_459' title='bbox 2833 1388 3160 1469; x_wconf 81' lang='grc' dir='ltr'>Διαγόραν</span> <span class='ocrx_word' id='word_1_460' title='bbox 3180 1390 3287 1449; x_wconf 84' lang='grc' dir='ltr'>τὸν</span> <span class='ocrx_word' id='word_1_461' title='bbox 3316 1384 3478 1462; x_wconf 41' lang='grc' dir='ltr'>Μή(</span> 
     </span>
     <span class='ocr_line' id='line_1_64' title="bbox 1891 1475 3454 1560; baseline 0.003 -27"><span class='ocrx_word' id='word_1_462' title='bbox 1891 1479 1994 1534; x_wconf 83' lang='grc' dir='ltr'>λιο</span> <span class='ocrx_word' id='word_1_463' title='bbox 2008 1477 2057 1553; x_wconf 91' lang='grc' dir='ltr'>ν]</span> <span class='ocrx_word' id='word_1_464' title='bbox 2089 1479 2140 1536; x_wconf 86' lang='grc' dir='ltr'>Τ</span> <span class='ocrx_word' id='word_1_465' title='bbox 2141 1481 2275 1535; x_wconf 76' lang='grc' dir='ltr'>αῦτα</span> <span class='ocrx_word' id='word_1_466' title='bbox 2303 1479 2361 1534; x_wconf 83' lang='grc' dir='ltr'>ἐκ</span> <span class='ocrx_word' id='word_1_467' title='bbox 2389 1480 2478 1533; x_wconf 74' lang='grc' dir='ltr'>τοῦ</span> <span class='ocrx_word' id='word_1_468' title='bbox 2514 1475 2849 1556; x_wconf 77' lang='grc' dir='ltr'>ψηφίσματος</span> <span class='ocrx_word' id='word_1_469' title='bbox 2882 1475 3112 1557; x_wconf 80' lang='grc' dir='ltr'>εἴληφεν.</span> <span class='ocrx_word' id='word_1_470' title='bbox 3143 1477 3326 1545; x_wconf 75' lang='grc' dir='ltr'>Οὕτως</span> <span class='ocrx_word' id='word_1_471' title='bbox 3350 1479 3454 1560; x_wconf 76' lang='grc' dir='ltr'>γὰρ</span> 
     </span>
     <span class='ocr_line' id='line_1_65' title="bbox 1892 1562 3451 1645; baseline 0.001 -23"><span class='ocrx_word' id='word_1_472' title='bbox 1892 1563 2144 1641; x_wconf 79' lang='grc' dir='ltr'>ἐκήρυξαν</span> <span class='ocrx_word' id='word_1_473' title='bbox 2184 1562 2324 1641; x_wconf 82' lang='grc' dir='ltr'>[κατ’</span> <span class='ocrx_word' id='word_1_474' title='bbox 2365 1565 2524 1621; x_wconf 74' lang='grc' dir='ltr'>αὐτοῦ</span> <span class='ocrx_word' id='word_1_475' title='bbox 2563 1563 2820 1634; x_wconf 79' lang='grc' dir='ltr'>Ἀθηναῖοι</span> <span class='ocrx_word' id='word_1_476' title='bbox 2862 1563 2954 1620; x_wconf 81' lang='grc' dir='ltr'>καὶ</span> <span class='ocrx_word' id='word_1_477' title='bbox 2983 1568 3037 1622; x_wconf 78' lang='grc' dir='ltr'>ἐν</span> <span class='ocrx_word' id='word_1_478' title='bbox 3077 1567 3256 1644; x_wconf 75' lang='grc' dir='ltr'>χαλκῇ</span> <span class='ocrx_word' id='word_1_479' title='bbox 3285 1566 3451 1645; x_wconf 77' lang='grc' dir='ltr'>στήλῃ</span> 
     </span>
     <span class='ocr_line' id='line_1_66' title="bbox 1892 1648 3453 1729; baseline -0.001 -21"><span class='ocrx_word' id='word_1_480' title='bbox 1892 1650 2123 1729; x_wconf 79' lang='grc' dir='ltr'>ἔγραψαν</span> <span class='ocrx_word' id='word_1_481' title='bbox 2169 1654 2329 1708; x_wconf 83' lang='lat' dir='ltr'>addit</span> <span class='ocrx_word' id='word_1_482' title='bbox 2373 1650 2592 1728; x_wconf 90' lang='lat' dir='ltr'>Suid.],</span> <span class='ocrx_word' id='word_1_483' title='bbox 2636 1652 2710 1729; x_wconf 80' lang='grc' dir='ltr'>τῷ</span> <span class='ocrx_word' id='word_1_484' title='bbox 2753 1648 2848 1726; x_wconf 83' lang='grc' dir='ltr'>μὲν</span> <span class='ocrx_word' id='word_1_485' title='bbox 2893 1650 3253 1709; x_wconf 81' lang='grc' dir='ltr'>ἀποκτείναντι</span> <span class='ocrx_word' id='word_1_486' title='bbox 3299 1650 3453 1710; x_wconf 75' lang='grc' dir='ltr'>αὐτὸν</span> 
     </span>
     <span class='ocr_line' id='line_1_67' title="bbox 1889 1734 3453 1816; baseline 0.001 -22"><span class='ocrx_word' id='word_1_487' title='bbox 1889 1740 2143 1796; x_wconf 82' lang='grc' dir='ltr'>τάλαντον</span> <span class='ocrx_word' id='word_1_488' title='bbox 2171 1735 2477 1812; x_wconf 77' lang='grc' dir='ltr'>λαμὸάνειν,</span> <span class='ocrx_word' id='word_1_489' title='bbox 2514 1738 2591 1815; x_wconf 80' lang='grc' dir='ltr'>τῷ</span> <span class='ocrx_word' id='word_1_490' title='bbox 2627 1735 2681 1794; x_wconf 78' lang='grc' dir='ltr'>δὲ</span> <span class='ocrx_word' id='word_1_491' title='bbox 2713 1736 2891 1813; x_wconf 84' lang='grc' dir='ltr'>ἄγοντι</span> <span class='ocrx_word' id='word_1_492' title='bbox 2919 1734 3027 1797; x_wconf 78' lang='grc' dir='ltr'>δύο.</span> <span class='ocrx_word' id='word_1_493' title='bbox 3062 1734 3367 1816; x_wconf 78' lang='grc' dir='ltr'>Ἐκηρύχθη</span> <span class='ocrx_word' id='word_1_494' title='bbox 3397 1735 3453 1796; x_wconf 63' lang='grc' dir='ltr'>δὲ</span> 
     </span>
     <span class='ocr_line' id='line_1_68' title="bbox 1890 1821 3454 1903; baseline 0 -22"><span class='ocrx_word' id='word_1_495' title='bbox 1890 1830 2043 1882; x_wconf 74' lang='grc' dir='ltr'>τοῦτο</span> <span class='ocrx_word' id='word_1_496' title='bbox 2077 1824 2163 1882; x_wconf 75' lang='grc' dir='ltr'>διὰ</span> <span class='ocrx_word' id='word_1_497' title='bbox 2201 1824 2260 1883; x_wconf 82' lang='grc' dir='ltr'>τὸ</span> <span class='ocrx_word' id='word_1_498' title='bbox 2295 1821 2480 1889; x_wconf 69' lang='grc' dir='ltr'>ἀσεὸὶς</span> <span class='ocrx_word' id='word_1_499' title='bbox 2519 1825 2710 1896; x_wconf 74' lang='grc' dir='ltr'>αὐτοῦ,</span> <span class='ocrx_word' id='word_1_500' title='bbox 2753 1822 2867 1881; x_wconf 73' lang='grc' dir='ltr'>ἐπεὶ</span> <span class='ocrx_word' id='word_1_501' title='bbox 2903 1822 2968 1881; x_wconf 74' lang='grc' dir='ltr'>τὰ</span> <span class='ocrx_word' id='word_1_502' title='bbox 3019 1824 3282 1903; x_wconf 77' lang='grc' dir='ltr'>μυστήρια</span> <span class='ocrx_word' id='word_1_503' title='bbox 3322 1833 3454 1883; x_wconf 69' lang='grc' dir='ltr'>πᾶσι</span> 
     </span>
     <span class='ocr_line' id='line_1_69' title="bbox 1891 1908 3456 1990; baseline 0 -21"><span class='ocrx_word' id='word_1_504' title='bbox 1891 1912 2120 1988; x_wconf 81' lang='grc' dir='ltr'>διηγεῖτο</span> <span class='ocrx_word' id='word_1_505' title='bbox 2158 1915 2462 1970; x_wconf 82' lang='grc' dir='ltr'>κοινοποιῶν</span> <span class='ocrx_word' id='word_1_506' title='bbox 2509 1909 2644 1968; x_wconf 75' lang='grc' dir='ltr'>αὐτὰ</span> <span class='ocrx_word' id='word_1_507' title='bbox 2682 1910 2772 1969; x_wconf 73' lang='grc' dir='ltr'>καὶ</span> <span class='ocrx_word' id='word_1_508' title='bbox 2813 1908 2977 1990; x_wconf 77' lang='grc' dir='ltr'>μικρὰ</span> <span class='ocrx_word' id='word_1_509' title='bbox 3017 1913 3178 1969; x_wconf 83' lang='grc' dir='ltr'>ποιῶν</span> <span class='ocrx_word' id='word_1_510' title='bbox 3212 1910 3303 1969; x_wconf 80' lang='grc' dir='ltr'>καὶ</span> <span class='ocrx_word' id='word_1_511' title='bbox 3337 1910 3456 1978; x_wconf 82' lang='grc' dir='ltr'>τοὺς</span> 
     </span>
     <span class='ocr_line' id='line_1_70' title="bbox 1894 1996 3454 2078; baseline -0.001 -21"><span class='ocrx_word' id='word_1_512' title='bbox 1894 1998 2238 2077; x_wconf 81' lang='grc' dir='ltr'>βουλομένους</span> <span class='ocrx_word' id='word_1_513' title='bbox 2265 2002 2505 2075; x_wconf 82' lang='grc' dir='ltr'>μυεῖσθαι</span> <span class='ocrx_word' id='word_1_514' title='bbox 2539 1996 2873 2078; x_wconf 58' lang='grc' dir='ltr'>ἀποτρέπων,</span> <span class='ocrx_word' id='word_1_515' title='bbox 2907 1996 3143 2078; x_wconf 79' lang='grc' dir='ltr'>καθάπερ</span> <span class='ocrx_word' id='word_1_516' title='bbox 3188 1998 3454 2077; x_wconf 75' lang='grc' dir='ltr'>Κράτερός</span> 
     </span>
     <span class='ocr_line' id='line_1_71' title="bbox 1887 2084 3457 2167; baseline -0.001 -22"><span class='ocrx_word' id='word_1_517' title='bbox 1887 2088 2102 2167; x_wconf 76' lang='grc' dir='ltr'>ἱστορεῖ.</span> <span class='ocrx_word' id='word_1_518' title='bbox 2146 2088 2359 2144; x_wconf 83' lang='lat' dir='ltr'>Eadem</span> <span class='ocrx_word' id='word_1_519' title='bbox 2390 2088 2564 2144; x_wconf 91' lang='lat' dir='ltr'>schol.</span> <span class='ocrx_word' id='word_1_520' title='bbox 2608 2087 2751 2145; x_wconf 85' lang='lat' dir='ltr'>Ran.</span> <span class='ocrx_word' id='word_1_521' title='bbox 2796 2087 2909 2142; x_wconf 78' lang='lat'>320</span> <span class='ocrx_word' id='word_1_522' title='bbox 2952 2086 3078 2165; x_wconf 88' lang='lat' dir='ltr'>(uhi</span> <span class='ocrx_word' id='word_1_523' title='bbox 3118 2099 3247 2161; x_wconf 91' lang='lat' dir='ltr'>post</span> <span class='ocrx_word' id='word_1_524' title='bbox 3279 2084 3457 2162; x_wconf 80' lang='grc' dir='ltr'>ἄγοντι</span> 
     </span>
    </p>
   </div>
   <div class='ocr_carea' id='block_1_13' title="bbox 1763 2170 3452 2251">
    <p class='ocr_par' dir='ltr' id='par_1_15' title="bbox 1763 2170 3452 2251">
     <span class='ocr_line' id='line_1_72' title="bbox 1763 2170 3452 2251; baseline -0.001 -19"><span class='ocrx_word' id='word_1_525' title='bbox 1763 2242 1775 2251; x_wconf 47' lang='lat'>‚</span> <span class='ocrx_word' id='word_1_526' title='bbox 1889 2177 2175 2232; x_wconf 87' lang='lat' dir='ltr'>adduntur</span> <span class='ocrx_word' id='word_1_527' title='bbox 2198 2196 2211 2230; x_wconf 91' lang='lat'>:</span> <span class='ocrx_word' id='word_1_528' title='bbox 2241 2172 2439 2232; x_wconf 83' lang='grc' dir='ltr'>ἔπειθον</span> <span class='ocrx_word' id='word_1_529' title='bbox 2458 2172 2511 2230; x_wconf 76' lang='grc' dir='ltr'>δὲ</span> <span class='ocrx_word' id='word_1_530' title='bbox 2528 2173 2620 2231; x_wconf 74' lang='grc' dir='ltr'>καὶ</span> <span class='ocrx_word' id='word_1_531' title='bbox 2641 2170 2759 2239; x_wconf 76' lang='grc' dir='ltr'>τοὺς</span> <span class='ocrx_word' id='word_1_532' title='bbox 2774 2172 2961 2239; x_wconf 79' lang='grc' dir='ltr'>ἄλλους</span> <span class='ocrx_word' id='word_1_533' title='bbox 2981 2173 3452 2251; x_wconf 83' lang='grc' dir='ltr'>Πελοποννησίους)</span> 
     </span>
    </p>
   </div>
   <div class='ocr_carea' id='block_1_14' title="bbox 1891 2260 3452 2425">
    <p class='ocr_par' dir='ltr' id='par_1_16' title="bbox 1891 2260 3452 2425">
     <span class='ocr_line' id='line_1_73' title="bbox 1892 2260 3452 2339; baseline -0.001 -19"><span class='ocrx_word' id='word_1_534' title='bbox 1892 2277 1948 2320; x_wconf 88' lang='lat' dir='ltr'>et</span> <span class='ocrx_word' id='word_1_535' title='bbox 1983 2264 2213 2331; x_wconf 88' lang='lat' dir='ltr'>Suidas,</span> <span class='ocrx_word' id='word_1_536' title='bbox 2245 2264 2442 2317; x_wconf 87' lang='lat' dir='ltr'>omissa</span> <span class='ocrx_word' id='word_1_537' title='bbox 2472 2262 2684 2317; x_wconf 84' lang='lat' dir='ltr'>Crateri</span> <span class='ocrx_word' id='word_1_538' title='bbox 2719 2263 3034 2331; x_wconf 87' lang='lat' dir='ltr'>mentione,</span> <span class='ocrx_word' id='word_1_539' title='bbox 3075 2282 3130 2317; x_wconf 68' lang='lat' dir='ltr'>V.</span> <span class='ocrx_word' id='word_1_540' title='bbox 3173 2260 3452 2339; x_wconf 85' lang='grc' dir='ltr'>Διαγόρας.</span> 
     </span>
     <span class='ocr_line' id='line_1_74' title="bbox 1891 2347 3449 2425; baseline -0.001 -19"><span class='ocrx_word' id='word_1_541' title='bbox 1891 2351 2205 2424; x_wconf 81' lang='lat' dir='ltr'>Psephisma</span> <span class='ocrx_word' id='word_1_542' title='bbox 2243 2349 2354 2404; x_wconf 86' lang='lat' dir='ltr'>hoc</span> <span class='ocrx_word' id='word_1_543' title='bbox 2385 2347 2675 2404; x_wconf 77' lang='lat' dir='ltr'>Diodorus</span> <span class='ocrx_word' id='word_1_544' title='bbox 2715 2358 2988 2405; x_wconf 84' lang='lat' dir='ltr'>memorat</span> <span class='ocrx_word' id='word_1_545' title='bbox 3024 2348 3226 2411; x_wconf 78' lang='lat' dir='ltr'>adol.</span> <span class='ocrx_word' id='word_1_546' title='bbox 3259 2368 3362 2425; x_wconf 81' lang='lat'>91,</span> <span class='ocrx_word' id='word_1_547' title='bbox 3393 2368 3449 2407; x_wconf 78' lang='lat' dir='ltr'>a.</span> 
     </span>
    </p>
   </div>
   <div class='ocr_carea' id='block_1_15' title="bbox 1894 2438 2951 2631">
    <p class='ocr_par' dir='ltr' id='par_1_17' title="bbox 1894 2438 2951 2631">
     <span class='ocr_line' id='line_1_75' title="bbox 1894 2438 2175 2504; baseline -0.014 -10"><span class='ocrx_word' id='word_1_548' title='bbox 1894 2438 2005 2504; x_wconf 75' lang='lat'>415</span> <span class='ocrx_word' id='word_1_549' title='bbox 2033 2457 2084 2495; x_wconf 85' lang='lat' dir='ltr'>a.</span> <span class='ocrx_word' id='word_1_550' title='bbox 2114 2439 2175 2493; x_wconf 91' lang='lat' dir='ltr'>C.</span> 
     </span>
     <span class='ocr_line' id='line_1_76' title="bbox 2379 2569 2951 2631; baseline 0.005 -8"><span class='ocrx_word' id='word_1_551' title='bbox 2379 2571 2423 2623; x_wconf 89' lang='lat' dir='ltr'><strong>E</strong></span> <span class='ocrx_word' id='word_1_552' title='bbox 2465 2569 2689 2631; x_wconf 83' lang='lat' dir='ltr'>LIBRO</span> <span class='ocrx_word' id='word_1_553' title='bbox 2729 2569 2951 2626; x_wconf 87' lang='lat' dir='ltr'><strong>NONO.</strong></span> 
     </span>
    </p>
   </div>
   <div class='ocr_carea' id='block_1_16' title="bbox 2632 2701 2721 2737">
    <p class='ocr_par' dir='ltr' id='par_1_18' title="bbox 2632 2701 2721 2737">
     <span class='ocr_line' id='line_1_77' title="bbox 2632 2701 2721 2737; baseline 0 -1"><span class='ocrx_word' id='word_1_554' title='bbox 2632 2701 2721 2737; x_wconf 88' lang='lat'>10.</span> 
     </span>
    </p>
   </div>
   <div class='ocr_carea' id='block_1_17' title="bbox 1892 2781 3457 3388">
    <p class='ocr_par' dir='ltr' id='par_1_19' title="bbox 1892 2781 3457 3388">
     <span class='ocr_line' id='line_1_78' title="bbox 1974 2781 3457 2865; baseline 0.001 -21"><span class='ocrx_word' id='word_1_555' title='bbox 1974 2789 2423 2862; x_wconf 83' lang='lat' dir='ltr'>Harpocration:</span> <span class='ocrx_word' id='word_1_556' title='bbox 2452 2781 2702 2865; x_wconf 81' lang='grc' dir='ltr'>Ἄνδρων.</span> <span class='ocrx_word' id='word_1_557' title='bbox 2739 2783 2984 2864; x_wconf 80' lang='grc' dir='ltr'>Ἀντιφῶν</span> <span class='ocrx_word' id='word_1_558' title='bbox 3008 2786 3065 2842; x_wconf 73' lang='grc' dir='ltr'>ἐν</span> <span class='ocrx_word' id='word_1_559' title='bbox 3092 2787 3169 2863; x_wconf 76' lang='grc' dir='ltr'>τῷ</span> <span class='ocrx_word' id='word_1_560' title='bbox 3196 2785 3336 2863; x_wconf 85' lang='grc' dir='ltr'>Πρὸς</span> <span class='ocrx_word' id='word_1_561' title='bbox 3362 2783 3457 2855; x_wconf 75' lang='grc' dir='ltr'>τὴν</span> 
     </span>
     <span class='ocr_line' id='line_1_79' title="bbox 1892 2867 3455 2959; baseline -0.001 -21"><span class='ocrx_word' id='word_1_562' title='bbox 1892 2876 2251 2955; x_wconf 82' lang='grc' dir='ltr'>Δημοσθένους</span> <span class='ocrx_word' id='word_1_563' title='bbox 2288 2876 2630 2957; x_wconf 78' lang='grc' dir='ltr'>ἀντιγραφήν.</span> <span class='ocrx_word' id='word_1_564' title='bbox 2670 2874 2941 2958; x_wconf 80' lang='grc' dir='ltr'>Ἄνδρωνά</span> <span class='ocrx_word' id='word_1_565' title='bbox 2965 2899 3121 2959; x_wconf 85' lang='grc' dir='ltr'>φησιν</span> <span class='ocrx_word' id='word_1_566' title='bbox 3147 2867 3278 2936; x_wconf 69' lang='grc' dir='ltr'>εἶναι</span> <span class='ocrx_word' id='word_1_567' title='bbox 3311 2878 3455 2958; x_wconf 85' lang='grc' dir='ltr'>Κρα-</span> 
     </span>
     <span class='ocr_line' id='line_1_80' title="bbox 1892 2963 3453 3075; baseline 0.001 -51"><span class='ocrx_word' id='word_1_568' title='bbox 1892 2988 2034 3046; x_wconf 84' lang='grc' dir='ltr'>τερος</span> <span class='ocrx_word' id='word_1_569' title='bbox 2059 2969 2112 3024; x_wconf 77' lang='grc' dir='ltr'>ἐν</span> <span class='ocrx_word' id='word_1_570' title='bbox 2134 2964 2175 3024; x_wconf 89' lang='grc' dir='ltr'>θ’</span> <span class='ocrx_word' id='word_1_571' title='bbox 2200 2968 2302 3022; x_wconf 84' lang='grc' dir='ltr'>τῶν</span> <span class='ocrx_word' id='word_1_572' title='bbox 2326 2964 2707 3044; x_wconf 77' lang='grc' dir='ltr'>Ψηφισμάτων</span> <span class='ocrx_word' id='word_1_573' title='bbox 2726 2964 2813 3023; x_wconf 76' lang='grc' dir='ltr'>τὸν</span> <span class='ocrx_word' id='word_1_574' title='bbox 2832 2965 3106 3075; x_wconf 39' lang='grc' dir='ltr'>γράψαντα</span> <span class='ocrx_word' id='word_1_575' title='bbox 3125 2963 3185 3023; x_wconf 82' lang='grc' dir='ltr'>τὸ</span> <span class='ocrx_word' id='word_1_576' title='bbox 3207 2966 3453 3046; x_wconf 78' lang='grc' dir='ltr'>ψήφισμα</span> 
     </span>
     <span class='ocr_line' id='line_1_81' title="bbox 1892 3042 3453 3131; baseline 0 -21"><span class='ocrx_word' id='word_1_577' title='bbox 1892 3051 1952 3110; x_wconf 80' lang='grc' dir='ltr'>τὸ</span> <span class='ocrx_word' id='word_1_578' title='bbox 1991 3049 2110 3130; x_wconf 75' lang='grc' dir='ltr'>περὶ</span> <span class='ocrx_word' id='word_1_579' title='bbox 2160 3050 2493 3131; x_wconf 82' lang='grc' dir='ltr'>Ἀντιφῶντος</span> <span class='ocrx_word' id='word_1_580' title='bbox 2518 3074 2609 3110; x_wconf 89' lang='grc' dir='ltr'>του</span> <span class='ocrx_word' id='word_1_581' title='bbox 2653 3049 2882 3131; x_wconf 77' lang='grc' dir='ltr'>ῥήτορος.</span> <span class='ocrx_word' id='word_1_582' title='bbox 2962 3053 3041 3110; x_wconf 81' lang='grc' dir='ltr'>Ην</span> <span class='ocrx_word' id='word_1_583' title='bbox 3074 3049 3129 3109; x_wconf 80' lang='grc' dir='ltr'>δὲ</span> <span class='ocrx_word' id='word_1_584' title='bbox 3166 3042 3238 3119; x_wconf 71' lang='grc' dir='ltr'>εἷς</span> <span class='ocrx_word' id='word_1_585' title='bbox 3271 3075 3375 3111; x_wconf 80' lang='grc' dir='ltr'>των</span> <span class='ocrx_word' id='word_1_586' title='bbox 3406 3052 3453 3110; x_wconf 83' lang='grc' dir='ltr'>υ’</span> 
     </span>
     <span class='ocr_line' id='line_1_82' title="bbox 1893 3138 3455 3218; baseline -0.001 -19"><span class='ocrx_word' id='word_1_587' title='bbox 1893 3143 1922 3198; x_wconf 81' lang='grc' dir='ltr'><strong>ὁ</strong></span> <span class='ocrx_word' id='word_1_588' title='bbox 1970 3138 2219 3218; x_wconf 83' lang='grc' dir='ltr'>Ἄνδρων</span> <span class='ocrx_word' id='word_1_589' title='bbox 2275 3142 2567 3215; x_wconf 85' lang='lat' dir='ltr'>Antiphon</span> <span class='ocrx_word' id='word_1_590' title='bbox 2613 3143 2776 3197; x_wconf 87' lang='lat' dir='ltr'>sicuti</span> <span class='ocrx_word' id='word_1_591' title='bbox 2809 3141 3154 3214; x_wconf 75' lang='lat' dir='ltr'>Phrynichus</span> <span class='ocrx_word' id='word_1_592' title='bbox 3201 3140 3307 3217; x_wconf 81' lang='lat' dir='ltr'>(fr.</span> <span class='ocrx_word' id='word_1_593' title='bbox 3357 3161 3379 3198; x_wconf 88' lang='lat'>1</span> <span class='ocrx_word' id='word_1_594' title='bbox 3399 3145 3455 3216; x_wconf 79' lang='grc' dir='ltr'>ι)</span> 
     </span>
     <span class='ocr_line' id='line_1_83' title="bbox 1894 3227 3455 3302; baseline 0.001 -18"><span class='ocrx_word' id='word_1_595' title='bbox 1894 3229 2251 3284; x_wconf 87' lang='lat' dir='ltr'>condemnati</span> <span class='ocrx_word' id='word_1_596' title='bbox 2273 3229 2363 3284; x_wconf 92' lang='lat' dir='ltr'>Ol.</span> <span class='ocrx_word' id='word_1_597' title='bbox 2392 3246 2497 3302; x_wconf 79' lang='lat'>92,</span> <span class='ocrx_word' id='word_1_598' title='bbox 2525 3247 2580 3286; x_wconf 75' lang='grc' dir='ltr'>α.</span> <span class='ocrx_word' id='word_1_599' title='bbox 2609 3236 2714 3293; x_wconf 76' lang='lat'>4¹¹</span> <span class='ocrx_word' id='word_1_600' title='bbox 2745 3246 2800 3285; x_wconf 89' lang='lat' dir='ltr'>a.</span> <span class='ocrx_word' id='word_1_601' title='bbox 2829 3228 2891 3284; x_wconf 92' lang='lat' dir='ltr'>C.</span> <span class='ocrx_word' id='word_1_602' title='bbox 2920 3227 3232 3301; x_wconf 84' lang='lat' dir='ltr'>Psephisma</span> <span class='ocrx_word' id='word_1_603' title='bbox 3254 3247 3322 3283; x_wconf 86' lang='lat' dir='ltr'>ex</span> <span class='ocrx_word' id='word_1_604' title='bbox 3342 3230 3455 3286; x_wconf 74' lang='lat' dir='ltr'>ca·-</span> 
     </span>
     <span class='ocr_line' id='line_1_84' title="bbox 1895 3314 3277 3388; baseline -0.001 -17"><span class='ocrx_word' id='word_1_605' title='bbox 1895 3318 2026 3371; x_wconf 88' lang='lat' dir='ltr'>cilio</span> <span class='ocrx_word' id='word_1_606' title='bbox 2046 3317 2284 3371; x_wconf 80' lang='lat' dir='ltr'>servavit</span> <span class='ocrx_word' id='word_1_607' title='bbox 2303 3315 2631 3370; x_wconf 86' lang='lat' dir='ltr'>Plutarchus</span> <span class='ocrx_word' id='word_1_608' title='bbox 2648 3316 2759 3371; x_wconf 87' lang='lat' dir='ltr'>vit.</span> <span class='ocrx_word' id='word_1_609' title='bbox 2795 3316 2853 3370; x_wconf 88' lang='lat' dir='ltr'>X</span> <span class='ocrx_word' id='word_1_610' title='bbox 2878 3315 2978 3371; x_wconf 85' lang='lat' dir='ltr'>Or.</span> <span class='ocrx_word' id='word_1_611' title='bbox 3026 3333 3088 3388; x_wconf 89' lang='lat' dir='ltr'><strong>p.</strong></span> <span class='ocrx_word' id='word_1_612' title='bbox 3142 3314 3277 3371; x_wconf 82' lang='lat'><strong>833.</strong></span> 
     </span>
    </p>
   </div>
   <div class='ocr_carea' id='block_1_18' title="bbox 2632 3445 2720 3481">
    <p class='ocr_par' dir='ltr' id='par_1_20' title="bbox 2632 3445 2720 3481">
     <span class='ocr_line' id='line_1_85' title="bbox 2632 3445 2720 3481; baseline 0.011 -1"><span class='ocrx_word' id='word_1_613' title='bbox 2632 3445 2720 3481; x_wconf 79' lang='lat'>11.</span> 
     </span>
    </p>
   </div>
   <div class='ocr_carea' id='block_1_19' title="bbox 1897 3520 3458 3777">
    <p class='ocr_par' dir='ltr' id='par_1_21' title="bbox 1897 3520 3458 3777">
     <span class='ocr_line' id='line_1_86' title="bbox 1975 3520 3458 3603; baseline -0.001 -22"><span class='ocrx_word' id='word_1_614' title='bbox 1975 3525 2160 3581; x_wconf 89' lang='lat' dir='ltr'>Schol.</span> <span class='ocrx_word' id='word_1_615' title='bbox 2191 3525 2357 3579; x_wconf 84' lang='lat' dir='ltr'>Arist.</span> <span class='ocrx_word' id='word_1_616' title='bbox 2383 3525 2606 3598; x_wconf 85' lang='lat' dir='ltr'>Lysistr.</span> <span class='ocrx_word' id='word_1_617' title='bbox 2630 3522 2739 3579; x_wconf 82' lang='lat'>313</span> <span class='ocrx_word' id='word_1_618' title='bbox 2763 3543 2777 3577; x_wconf 91' lang='lat'><strong>:</strong></span> <span class='ocrx_word' id='word_1_619' title='bbox 2800 3523 2926 3579; x_wconf 80' lang='grc' dir='ltr'>τῶν</span> <span class='ocrx_word' id='word_1_620' title='bbox 2945 3523 3006 3579; x_wconf 83' lang='grc' dir='ltr'>ἐν</span> <span class='ocrx_word' id='word_1_621' title='bbox 3027 3520 3231 3603; x_wconf 75' lang='grc' dir='ltr'>Σάμῳ</span> <span class='ocrx_word' id='word_1_622' title='bbox 3258 3544 3458 3602; x_wconf 80' lang='grc' dir='ltr'>στρα-</span> 
     </span>
     <span class='ocr_line' id='line_1_87' title="bbox 1898 3606 3458 3689; baseline 0.002 -24"><span class='ocrx_word' id='word_1_623' title='bbox 1898 3631 1973 3678; x_wconf 93' lang='grc' dir='ltr'>τη</span> <span class='ocrx_word' id='word_1_624' title='bbox 1993 3632 2026 3685; x_wconf 86' lang='grc' dir='ltr'>γ</span> <span class='ocrx_word' id='word_1_625' title='bbox 2040 3610 2148 3686; x_wconf 84' lang='grc' dir='ltr'>ῶν]</span> <span class='ocrx_word' id='word_1_626' title='bbox 2170 3607 2395 3685; x_wconf 84' lang='grc' dir='ltr'>Δίδυμος</span> <span class='ocrx_word' id='word_1_627' title='bbox 2413 3608 2503 3666; x_wconf 79' lang='grc' dir='ltr'>καὶ</span> <span class='ocrx_word' id='word_1_628' title='bbox 2523 3606 2784 3689; x_wconf 83' lang='grc' dir='ltr'>Κράτερός</span> <span class='ocrx_word' id='word_1_629' title='bbox 2809 3631 2937 3688; x_wconf 88' lang='grc' dir='ltr'>φασι</span> <span class='ocrx_word' id='word_1_630' title='bbox 2956 3615 3122 3668; x_wconf 79' lang='grc' dir='ltr'>ταῦτα</span> <span class='ocrx_word' id='word_1_631' title='bbox 3146 3609 3458 3669; x_wconf 80' lang='grc' dir='ltr'>αἰνίττεσθαι</span> 
     </span>
     <span class='ocr_line' id='line_1_88' title="bbox 1897 3695 3457 3777; baseline 0.001 -24"><span class='ocrx_word' id='word_1_632' title='bbox 1897 3697 1966 3762; x_wconf 75' lang='grc' dir='ltr'>εἷς</span> <span class='ocrx_word' id='word_1_633' title='bbox 2008 3695 2279 3776; x_wconf 81' lang='grc' dir='ltr'>Φρύνιχον</span> <span class='ocrx_word' id='word_1_634' title='bbox 2316 3697 2405 3753; x_wconf 79' lang='grc' dir='ltr'>τὸν</span> <span class='ocrx_word' id='word_1_635' title='bbox 2439 3695 2822 3776; x_wconf 81' lang='grc' dir='ltr'>Στρατωνίδου.</span> <span class='ocrx_word' id='word_1_636' title='bbox 2862 3696 3319 3769; x_wconf 83' lang='grc' dir='ltr'>Ἐκακοηθεύσατο</span> <span class='ocrx_word' id='word_1_637' title='bbox 3356 3696 3457 3777; x_wconf 75' lang='grc' dir='ltr'>γὰρ</span> 
     </span>
    </p>
   </div>
   <div class='ocr_carea' id='block_1_20' title="bbox 1898 3863 3460 4009">
    <p class='ocr_par' dir='ltr' id='par_1_22' title="bbox 1898 3863 3460 4009">
     <span class='ocr_line' id='line_1_89' title="bbox 1899 3863 3460 3925; baseline 0 -13"><span class='ocrx_word' id='word_1_638' title='bbox 1899 3864 2052 3924; x_wconf 84' lang='lat' dir='ltr'>pictos</span> <span class='ocrx_word' id='word_1_639' title='bbox 2070 3875 2171 3913; x_wconf 88' lang='lat' dir='ltr'>esse</span> <span class='ocrx_word' id='word_1_640' title='bbox 2187 3863 2238 3912; x_wconf 88' lang='lat' dir='ltr'>in</span> <span class='ocrx_word' id='word_1_641' title='bbox 2257 3865 2372 3912; x_wconf 88' lang='lat' dir='ltr'>Stoa</span> <span class='ocrx_word' id='word_1_642' title='bbox 2391 3876 2537 3925; x_wconf 87' lang='lat' dir='ltr'>qnam</span> <span class='ocrx_word' id='word_1_643' title='bbox 2577 3863 2779 3913; x_wconf 83' lang='lat' dir='ltr'>Poecilen</span> <span class='ocrx_word' id='word_1_644' title='bbox 2799 3868 2990 3913; x_wconf 81' lang='lat' dir='ltr'>vocant.</span> <span class='ocrx_word' id='word_1_645' title='bbox 3015 3868 3166 3915; x_wconf 84' lang='lat' dir='ltr'>Nemo</span> <span class='ocrx_word' id='word_1_646' title='bbox 3185 3866 3346 3913; x_wconf 84' lang='lat' dir='ltr'>tamen</span> <span class='ocrx_word' id='word_1_647' title='bbox 3367 3864 3460 3913; x_wconf 90' lang='lat' dir='ltr'>hoc</span> 
     </span>
     <span class='ocr_line' id='line_1_90' title="bbox 1898 3942 3458 4009; baseline 0.001 -19"><span class='ocrx_word' id='word_1_648' title='bbox 1898 3943 2115 3991; x_wconf 78' lang='lat' dir='ltr'>narravit</span> <span class='ocrx_word' id='word_1_649' title='bbox 2139 3954 2297 4004; x_wconf 86' lang='lat' dir='ltr'>neque</span> <span class='ocrx_word' id='word_1_650' title='bbox 2323 3942 2445 3991; x_wconf 84' lang='lat' dir='ltr'>alius</span> <span class='ocrx_word' id='word_1_651' title='bbox 2464 3954 2618 4004; x_wconf 80' lang='lat' dir='ltr'>neque</span> <span class='ocrx_word' id='word_1_652' title='bbox 2641 3945 2872 3992; x_wconf 82' lang='lat' dir='ltr'>craterus</span> <span class='ocrx_word' id='word_1_653' title='bbox 2890 3942 2938 3993; x_wconf 89' lang='lat' dir='ltr'>in</span> <span class='ocrx_word' id='word_1_654' title='bbox 2959 3942 3336 4003; x_wconf 70' lang='lat' dir='ltr'>psephismatum</span> <span class='ocrx_word' id='word_1_655' title='bbox 3355 3944 3458 4009; x_wconf 78' lang='lat' dir='ltr'>col-</span> 
     </span>
    </p>
   </div>
   <div class='ocr_carea' id='block_1_21' title="bbox 1898 4022 2680 4138">
    <p class='ocr_par' dir='ltr' id='par_1_23' title="bbox 1898 4022 2680 4138">
     <span class='ocr_line' id='line_1_91' title="bbox 1898 4022 2680 4138; baseline 0 -67"><span class='ocrx_word' id='word_1_656' title='bbox 1898 4022 2120 4071; x_wconf 82' lang='lat' dir='ltr'>lectione.</span> <span class='ocrx_word' id='word_1_657' title='bbox 2644 4089 2680 4138; x_wconf 70' lang='grc'>9</span> 
     </span>
    </p>
   </div>
   <div class='ocr_carea' id='block_1_22' title="bbox 1893 4165 3488 5191">
    <p class='ocr_par' dir='ltr' id='par_1_24' title="bbox 1895 4165 3460 4689">
     <span class='ocr_line' id='line_1_92' title="bbox 1961 4165 3460 4229; baseline -0.001 -11"><span class='ocrx_word' id='word_1_658' title='bbox 1961 4167 2269 4218; x_wconf 79' lang='lat' dir='ltr'>Athenienses</span> <span class='ocrx_word' id='word_1_659' title='bbox 2286 4165 2519 4229; x_wconf 77' lang='lat' dir='ltr'>proeconis</span> <span class='ocrx_word' id='word_1_660' title='bbox 2547 4178 2663 4216; x_wconf 82' lang='lat' dir='ltr'>voce</span> <span class='ocrx_word' id='word_1_661' title='bbox 2681 4167 2976 4229; x_wconf 80' lang='lat' dir='ltr'>pronuntiari</span> <span class='ocrx_word' id='word_1_662' title='bbox 2995 4169 3044 4216; x_wconf 87' lang='lat' dir='ltr'>et</span> <span class='ocrx_word' id='word_1_663' title='bbox 3064 4179 3205 4217; x_wconf 77' lang='lat' dir='ltr'>oereae</span> <span class='ocrx_word' id='word_1_664' title='bbox 3223 4167 3460 4219; x_wconf 65' lang='lat' dir='ltr'>columne</span> 
     </span>
     <span class='ocr_line' id='line_1_93' title="bbox 1897 4242 3457 4305; baseline 0.001 -13"><span class='ocrx_word' id='word_1_665' title='bbox 1897 4242 2089 4293; x_wconf 88' lang='lat' dir='ltr'>inscribi</span> <span class='ocrx_word' id='word_1_666' title='bbox 2113 4243 2387 4305; x_wconf 86' lang='lat' dir='ltr'>jusserunt,</span> <span class='ocrx_word' id='word_1_667' title='bbox 2415 4243 2453 4292; x_wconf 88' lang='lat' dir='ltr'>si</span> <span class='ocrx_word' id='word_1_668' title='bbox 2481 4242 2591 4305; x_wconf 83' lang='lat' dir='ltr'>quis</span> <span class='ocrx_word' id='word_1_669' title='bbox 2613 4243 2868 4305; x_wconf 79' lang='lat' dir='ltr'>Diagoram</span> <span class='ocrx_word' id='word_1_670' title='bbox 2898 4242 3174 4305; x_wconf 82' lang='lat' dir='ltr'>occidisset,</span> <span class='ocrx_word' id='word_1_671' title='bbox 3193 4244 3425 4294; x_wconf 83' lang='lat' dir='ltr'>talentum</span> <span class='ocrx_word' id='word_1_672' title='bbox 3442 4282 3457 4305; x_wconf 89' lang='lat'>,</span> 
     </span>
     <span class='ocr_line' id='line_1_94' title="bbox 1896 4318 3460 4384; baseline 0.001 -15"><span class='ocrx_word' id='word_1_673' title='bbox 1896 4320 1937 4369; x_wconf 85' lang='lat' dir='ltr'>si</span> <span class='ocrx_word' id='word_1_674' title='bbox 1955 4320 2066 4381; x_wconf 87' lang='lat' dir='ltr'>quis</span> <span class='ocrx_word' id='word_1_675' title='bbox 2084 4321 2248 4370; x_wconf 76' lang='lat' dir='ltr'>vivum</span> <span class='ocrx_word' id='word_1_676' title='bbox 2268 4318 2565 4381; x_wconf 72' lang='lat' dir='ltr'>adduxisset,</span> <span class='ocrx_word' id='word_1_677' title='bbox 2581 4320 2679 4371; x_wconf 91' lang='lat' dir='ltr'>duo</span> <span class='ocrx_word' id='word_1_678' title='bbox 2702 4321 2883 4371; x_wconf 84' lang='lat' dir='ltr'>talenta</span> <span class='ocrx_word' id='word_1_679' title='bbox 2895 4324 3203 4384; x_wconf 82' lang='lat' dir='ltr'>aceeptumm</span> <span class='ocrx_word' id='word_1_680' title='bbox 3217 4335 3335 4372; x_wconf 87' lang='lat' dir='ltr'>esse.</span> <span class='ocrx_word' id='word_1_681' title='bbox 3359 4325 3460 4372; x_wconf 80' lang='lat' dir='ltr'>Hoc</span> 
     </span>
     <span class='ocr_line' id='line_1_95' title="bbox 1895 4399 3458 4464; baseline 0.002 -16"><span class='ocrx_word' id='word_1_682' title='bbox 1895 4400 2059 4448; x_wconf 84' lang='lat' dir='ltr'>autem</span> <span class='ocrx_word' id='word_1_683' title='bbox 2080 4399 2385 4449; x_wconf 77' lang='lat' dir='ltr'>Athenienses</span> <span class='ocrx_word' id='word_1_684' title='bbox 2411 4400 2629 4450; x_wconf 83' lang='lat' dir='ltr'>fecerunt</span> <span class='ocrx_word' id='word_1_685' title='bbox 2646 4402 2840 4463; x_wconf 83' lang='lat' dir='ltr'>propter</span> <span class='ocrx_word' id='word_1_686' title='bbox 2866 4401 2971 4462; x_wconf 83' lang='lat' dir='ltr'>ejus</span> <span class='ocrx_word' id='word_1_687' title='bbox 2991 4400 3281 4464; x_wconf 84' lang='lat' dir='ltr'>impietatem</span> <span class='ocrx_word' id='word_1_688' title='bbox 3295 4437 3311 4463; x_wconf 89' lang='lat'>,</span> <span class='ocrx_word' id='word_1_689' title='bbox 3330 4402 3458 4464; x_wconf 82' lang='lat' dir='ltr'>quod</span> 
     </span>
     <span class='ocr_line' id='line_1_96' title="bbox 1897 4475 3458 4540; baseline 0.002 -17"><span class='ocrx_word' id='word_1_690' title='bbox 1897 4475 2120 4537; x_wconf 82' lang='lat' dir='ltr'>mysteria</span> <span class='ocrx_word' id='word_1_691' title='bbox 2139 4476 2362 4524; x_wconf 86' lang='lat' dir='ltr'>omnibns</span> <span class='ocrx_word' id='word_1_692' title='bbox 2378 4478 2677 4540; x_wconf 84' lang='lat' dir='ltr'>enuntiaret,</span> <span class='ocrx_word' id='word_1_693' title='bbox 2699 4490 2851 4539; x_wconf 85' lang='lat' dir='ltr'>eaque</span> <span class='ocrx_word' id='word_1_694' title='bbox 2871 4478 3100 4540; x_wconf 78' lang='lat' dir='ltr'>evulgans</span> <span class='ocrx_word' id='word_1_695' title='bbox 3121 4480 3172 4527; x_wconf 86' lang='lat' dir='ltr'>et</span> <span class='ocrx_word' id='word_1_696' title='bbox 3191 4478 3458 4540; x_wconf 84' lang='lat' dir='ltr'>despiciens</span> 
     </span>
     <span class='ocr_line' id='line_1_97' title="bbox 1895 4551 3458 4617; baseline 0.003 -18"><span class='ocrx_word' id='word_1_697' title='bbox 1895 4551 2030 4611; x_wconf 87' lang='lat' dir='ltr'>illos,</span> <span class='ocrx_word' id='word_1_698' title='bbox 2049 4552 2132 4613; x_wconf 86' lang='lat' dir='ltr'>qui</span> <span class='ocrx_word' id='word_1_699' title='bbox 2152 4551 2299 4600; x_wconf 86' lang='lat' dir='ltr'>sacris</span> <span class='ocrx_word' id='word_1_700' title='bbox 2320 4552 2495 4601; x_wconf 80' lang='lat' dir='ltr'>initiari</span> <span class='ocrx_word' id='word_1_701' title='bbox 2530 4553 2785 4615; x_wconf 79' lang='lat' dir='ltr'>volebant,</span> <span class='ocrx_word' id='word_1_702' title='bbox 2803 4566 2833 4603; x_wconf 78' lang='lat' dir='ltr'>a</span> <span class='ocrx_word' id='word_1_703' title='bbox 2855 4554 3097 4617; x_wconf 83' lang='lat' dir='ltr'>proposito</span> <span class='ocrx_word' id='word_1_704' title='bbox 3118 4553 3209 4603; x_wconf 86' lang='lat' dir='ltr'>isto</span> <span class='ocrx_word' id='word_1_705' title='bbox 3239 4552 3458 4603; x_wconf 82' lang='lat' dir='ltr'>dehorta-</span> 
     </span>
     <span class='ocr_line' id='line_1_98' title="bbox 1896 4629 2597 4689; baseline 0.004 -11"><span class='ocrx_word' id='word_1_706' title='bbox 1896 4630 2047 4689; x_wconf 87' lang='lat' dir='ltr'>retur,</span> <span class='ocrx_word' id='word_1_707' title='bbox 2070 4629 2143 4679; x_wconf 82' lang='lat' dir='ltr'>nti</span> <span class='ocrx_word' id='word_1_708' title='bbox 2168 4632 2394 4680; x_wconf 84' lang='lat' dir='ltr'>Craterus</span> <span class='ocrx_word' id='word_1_709' title='bbox 2418 4635 2597 4681; x_wconf 86' lang='lat' dir='ltr'>narrat.</span> 
     </span>
    </p>

    <p class='ocr_par' dir='ltr' id='par_1_25' title="bbox 1893 4794 3488 5014">
     <span class='ocr_line' id='line_1_99' title="bbox 1958 4794 3457 4856; baseline 0.001 -12"><span class='ocrx_word' id='word_1_710' title='bbox 1958 4797 2186 4844; x_wconf 86' lang='lat' dir='ltr'>craterus</span> <span class='ocrx_word' id='word_1_711' title='bbox 2216 4794 2337 4844; x_wconf 87' lang='lat' dir='ltr'>libro</span> <span class='ocrx_word' id='word_1_712' title='bbox 2368 4807 2495 4844; x_wconf 90' lang='lat' dir='ltr'>nono</span> <span class='ocrx_word' id='word_1_713' title='bbox 2532 4798 2844 4846; x_wconf 77' lang='lat' dir='ltr'>Deci-storum</span> <span class='ocrx_word' id='word_1_714' title='bbox 2876 4797 2943 4844; x_wconf 83' lang='lat' dir='ltr'>ait</span> <span class='ocrx_word' id='word_1_715' title='bbox 2966 4795 3237 4847; x_wconf 79' lang='lat' dir='ltr'>Andronem</span> <span class='ocrx_word' id='word_1_716' title='bbox 3256 4831 3272 4856; x_wconf 84' lang='lat'>‚</span> <span class='ocrx_word' id='word_1_717' title='bbox 3305 4809 3457 4846; x_wconf 88' lang='lat' dir='ltr'>unum</span> 
     </span>
     <span class='ocr_line' id='line_1_100' title="bbox 1893 4865 3488 4938; baseline 0.001 -15"><span class='ocrx_word' id='word_1_718' title='bbox 1893 4888 1957 4923; x_wconf 81' lang='lat' dir='ltr'>ex</span> <span class='ocrx_word' id='word_1_719' title='bbox 1985 4873 2343 4936; x_wconf 83' lang='lat' dir='ltr'>quadringentis</span> <span class='ocrx_word' id='word_1_720' title='bbox 2368 4875 2499 4937; x_wconf 80' lang='lat' dir='ltr'>viris,</span> <span class='ocrx_word' id='word_1_721' title='bbox 2524 4875 2769 4925; x_wconf 86' lang='lat' dir='ltr'>decretum</span> <span class='ocrx_word' id='word_1_722' title='bbox 2793 4878 2960 4924; x_wconf 87' lang='lat' dir='ltr'>contra</span> <span class='ocrx_word' id='word_1_723' title='bbox 2981 4876 3320 4938; x_wconf 74' lang='lat' dir='ltr'>Antiphontem</span> <span class='ocrx_word' id='word_1_724' title='bbox 3337 4875 3457 4924; x_wconf 83' lang='lat' dir='ltr'>scri·</span> <span class='ocrx_word' id='word_1_725' title='bbox 3481 4865 3488 4871; x_wconf 53' lang='lat'>⁸</span> 
     </span>
     <span class='ocr_line' id='line_1_101' title="bbox 1894 4953 2059 5014; baseline 0 -12"><span class='ocrx_word' id='word_1_726' title='bbox 1894 4953 2059 5014; x_wconf 83' lang='lat' dir='ltr'>psisse.</span> 
     </span>
    </p>

    <p class='ocr_par' dir='ltr' id='par_1_26' title="bbox 1960 5039 3427 5181">
     <span class='ocr_line' id='line_1_102' title="bbox 2637 5039 2721 5087; baseline 0.018 -1"><span class='ocrx_word' id='word_1_727' title='bbox 2637 5039 2721 5087; x_wconf 89' lang='grc'>11.</span> 
     </span>
     <span class='ocr_line' id='line_1_103' title="bbox 1960 5116 3454 5191; baseline -0.001 -24"><span class='ocrx_word' id='word_1_728' title='bbox 1960 5118 2194 5181; x_wconf 78' lang='lat' dir='ltr'>Didymus</span> <span class='ocrx_word' id='word_1_729' title='bbox 2210 5121 2261 5168; x_wconf 86' lang='lat' dir='ltr'>et</span> <span class='ocrx_word' id='word_1_730' title='bbox 2282 5122 2512 5191; x_wconf 79' lang='lat' dir='ltr'>Craterus</span> <span class='ocrx_word' id='word_1_731' title='bbox 2530 5119 2696 5168; x_wconf 83' lang='lat' dir='ltr'>dicunt</span> <span class='ocrx_word' id='word_1_732' title='bbox 2723 5119 3048 5181; x_wconf 81' lang='lat' dir='ltr'>Aristophanis</span> <span class='ocrx_word' id='word_1_733' title='bbox 3065 5119 3224 5169; x_wconf 80' lang='lat' dir='ltr'>verbis</span> <span class='ocrx_word' id='word_1_734' title='bbox 3255 5116 3454 5179; x_wconf 80' lang='lat' dir='ltr'>Phryni-</span> 
     </span>
    </p>
   </div>
   <div class='ocr_carea' id='block_1_23' title="bbox 309 5186 3456 5248">
    <p class='ocr_par' dir='ltr' id='par_1_27' title="bbox 309 5186 3456 5248">
     <span class='ocr_line' id='line_1_104' title="bbox 309 5186 3456 5248; baseline 0.003 -14"><span class='ocrx_word' id='word_1_735' title='bbox 309 5186 653 5237; x_wconf 84' lang='lat' dir='ltr'>Demosthenes</span> <span class='ocrx_word' id='word_1_736' title='bbox 685 5190 901 5241; x_wconf 84' lang='lat' dir='ltr'>oratione</span> <span class='ocrx_word' id='word_1_737' title='bbox 933 5193 982 5241; x_wconf 90' lang='lat' dir='ltr'>in</span> <span class='ocrx_word' id='word_1_738' title='bbox 1018 5194 1236 5242; x_wconf 82' lang='lat' dir='ltr'>Neaeram</span> <span class='ocrx_word' id='word_1_739' title='bbox 1274 5195 1477 5243; x_wconf 64' lang='lat' dir='ltr'>testatur</span> <span class='ocrx_word' id='word_1_740' title='bbox 1520 5195 1805 5245; x_wconf 74' lang='lat' dir='ltr'>Plalaeenses</span> <span class='ocrx_word' id='word_1_741' title='bbox 1897 5197 2043 5245; x_wconf 80' lang='lat' dir='ltr'>chum</span> <span class='ocrx_word' id='word_1_742' title='bbox 2075 5198 2361 5247; x_wconf 69' lang='lat' dir='ltr'>Stratonida·</span> <span class='ocrx_word' id='word_1_743' title='bbox 2388 5198 2539 5247; x_wconf 83' lang='lat' dir='ltr'>tilium</span> <span class='ocrx_word' id='word_1_744' title='bbox 2559 5197 2862 5247; x_wconf 71' lang='lat' dir='ltr'>subindicat-i</span> <span class='ocrx_word' id='word_1_745' title='bbox 2889 5202 2932 5248; x_wconf 86' lang='lat' dir='ltr'>ls</span> <span class='ocrx_word' id='word_1_746' title='bbox 2948 5198 3077 5247; x_wconf 89' lang='lat' dir='ltr'>enim</span> <span class='ocrx_word' id='word_1_747' title='bbox 3096 5198 3144 5247; x_wconf 88' lang='lat' dir='ltr'>in</span> <span class='ocrx_word' id='word_1_748' title='bbox 3164 5200 3306 5248; x_wconf 84' lang='lat' dir='ltr'>Samo</span> <span class='ocrx_word' id='word_1_749' title='bbox 3329 5196 3456 5245; x_wconf 84' lang='lat' dir='ltr'>mili·</span> 
     </span>
    </p>
   </div>
  </div>
 </body>
</html>
