3900 6042
1363 474 1506 534 LEO
1545 465 1997 531 BYZANTIUS.

3190 454 3304 511 '3⁶29

77 636 130 679 et
161 625 249 678 De
291 619 470 673 rebus
517 611 838 669 Alea-andri
855 650 866 671 ,
911 607 992 660 uti
1027 602 1368 677 argumentis
1409 599 1557 652 inter
1601 612 1657 648 se
1748 588 1883 645 πάνυ
1909 577 1973 658 ἦν
2004 580 2174 661 παχὺς
2200 579 2260 639 τὸ
2280 584 2457 655 σῶμα·
2488 572 2578 637 καὶ
2608 576 2907 645 Βυζαντίοις
2932 574 3056 632 ποτὲ
3088 573 3311 631 στασιά-

81 710 248 766 ‘uncti

81 736 308 852 ¹dubito.
346 792 579 846 Contra
608 785 751 839 liber
783 782 832 839 Π
846 801 869 835 ε
884 778 946 857 pt
977 799 1008 834 σ
1023 800 1052 832 τ
1068 774 1102 831 ά
1120 798 1152 832 σ
1168 796 1246 830 εω
1259 797 1285 827 ν
1311 775 1424 826 sive
1449 772 1536 824 De
1554 781 1662 821 ‚eta-

295 715 467 771 sunt‚
503 703 585 756 sic
614 698 798 754 eidem
827 710 1022 748 omnes
1047 688 1263 745 auctori
1295 685 1492 740 deberi
1539 699 1658 735 non
1751 679 1895 743 ζουσι
1919 672 2046 751 πρὸς
2066 667 2323 737 ἀλλήλους
2347 671 2453 732 τοῖς
2469 665 2704 730 πολίταις
2719 663 3124 752 παρακαλῶνεῐς
3139 661 3310 737 φιλίαν

1753 761 1924 838 ἔλεγεν
1942 804 1958 831 ,
1978 786 2000 811 α
2026 755 2222 835 'Opaca‘
2243 777 2309 830 με
2322 799 2337 824 ,
2362 753 2543 832 ἄνδρες
2557 755 2798 820 πολῖται,
2817 751 2918 815 οἶός
2935 751 3042 825 εἶμι
3059 748 3117 804 τὸ
3136 749 3311 821 σῶμα·

83 887 213 939 tibus
242 878 370 955 (De
388 872 792 931 rebellionibus
818 877 1069 922 verterat
1092 864 1315 921 Vossius
1332 902 1348 929 ‚
1375 854 1657 932 probante
1758 847 1896 906 ἀλλὰ
1923 846 2013 904 καὶ
2037 845 2258 921 γυναῖκα
2287 839 2396 919 ἔχω
2414 840 2597 920 πολλῷ
2633 841 2761 914 ἐμοῦ
2784 835 3109 915 παχυτέραν,
3140 831 3314 892 οὈτοιν

87 967 322 1042 Eberto)
371 959 765 1019 vindicandus
800 967 882 1012 est
902 955 1108 1012 Leonti
1133 947 1541 1013 Alabandensi,
1561 940 1664 1001 Τέ-

88 1080 212 1135 χνης
243 1052 541 1136 ῥητορικῆς
568 1047 784 1104 auctori
803 1085 819 1113 ‚
865 1046 1012 1097 inter
1049 1038 1207 1110 cujus
1233 1053 1410 1110 opera
1446 1034 1517 1089 ab
1542 1033 1664 1105 ipso

89 1149 248 1201 etiam
286 1140 477 1199 Suida
506 1143 1010 1193 commemoratur.
1038 1129 1202 1185 Τευθ
1219 1143 1402 1202 ραντι
1417 1119 1524 1184 κός
1550 1121 1665 1173 sive

99 1233 448 1289 Declamatio
485 1226 566 1279 de
600 1221 934 1277 Teuthrante
973 1217 1189 1287 Mysiae
1222 1230 1381 1283 rege,
1433 1219 1490 1263 et
1521 1207 1666 1261 liber

101 1322 182 1378 Πε
198 1317 260 1395 pt
293 1319 388 1383 Βη
407 1334 488 1370 σα
506 1311 609 1368 ίου
638 1311 727 1364 vel
757 1303 1033 1374 Βησάλου,
1054 1320 1192 1358 num
1217 1311 1368 1356 recte
1396 1298 1669 1352 Aristote-

99 1412 202 1462 lico
245 1404 464 1462 Leonti
506 1397 895 1461 adscribatur,
943 1410 1066 1447 non
1118 1389 1294 1445 ausim
1337 1383 1668 1456 dijudicare.

101 1492 305 1565 Quodsi
321 1507 458 1546 cum
472 1483 848 1556 Bernhardyo
862 1476 1224 1537 scribendum
1240 1471 1521 1546 putaveris
1539 1468 1671 1544 Περὶ

103 1575 425 1655 Βηρισάδου,
479 1592 554 1629 ea
603 1572 836 1643 scriptio
878 1568 939 1621 in
979 1562 1346 1637 Byzantinum
1385 1556 1670 1611 hominem

103 1667 240 1720 cadit
256 1666 509 1737 optime3
534 1661 625 1714 sin
647 1653 1045 1726 Alabandensi,
1067 1650 1398 1706 Caricorum
1420 1642 1670 1708 auctori,

104 1750 421 1825 assignanda
448 1758 540 1804 est
558 1790 574 1815 ‚
599 1744 910 1816 conjeceris
925 1741 1153 1795 titulum
1175 1737 1340 1791 fuisse
1371 1727 1503 1807 Περὶ
1521 1729 1672 1787 Μαυ-

111 1837 298 1912 σώλου;
338 1839 384 1893 si
429 1837 691 1906 denique
728 1831 896 1885 lectio
933 1825 1070 1902 Περὶ
1102 1818 1335 1892 Βησαίου
1376 1816 1674 1894 probanda

111 1926 284 1997 deque
335 1927 490 1980 Besae
545 1920 825 1994 AEgyptiae
873 1915 1107 1972 oraculo
1152 1906 1519 1981 intelligenda
1561 1916 1672 1973 est,

117 2014 372 2087 quaeritur
404 2031 482 2068 an
523 2027 651 2063 non
671 2002 1002 2062 referendus
1026 2001 1174 2056 liber
1200 1999 1272 2052 sit
1300 1995 1374 2050 ad
1413 1996 1674 2050 Leontem

117 2104 371 2155 Pelloeum
389 2142 402 2167 ,
441 2115 624 2171 quem
643 2095 714 2151 de
739 2087 1254 2166 mythologurnenis
1274 2082 1678 2158 AEgyptiorum

119 2190 379 2262 scripsisse
428 2186 722 2240 novimus.
777 2210 856 2221 -—
895 2180 1170 2232 Praeterea
1219 2167 1551 2226 Plutarchus
1593 2167 1680 2220 De

126 2274 246 2330 fluv.
287 2295 337 2330 c.
371 2293 406 2329 a
440 2284 500 2329 et
529 2277 612 2336 24
650 2267 906 2324 meminit
949 2267 1150 2319 Leonis
1184 2261 1453 2331 Byzantii
1495 2255 1549 2309 ἐν
1571 2254 1681 2316 τοῖς

129 2364 483 2429 Βοιωτιακοῖς,
522 2371 588 2414 et
616 2358 670 2412 ἐν
701 2354 750 2431 γ’
786 2349 922 2429 Περὶ
951 2349 1227 2422 ποταμῶν.
1267 2351 1351 2401 Ac
1391 2343 1579 2398 nescio
1609 2358 1682 2395 an

129 2450 264 2523 apud
292 2448 546 2504 eundern
588 2442 952 2499 Plutarchum
987 2439 1027 2493 l.
1065 2438 1104 2490 l.
1137 2454 1188 2489 c.
1237 2451 1302 2487 11
1341 2448 1451 2503 pro
1488 2425 1685 2503 ἱστορεῖ

133 2531 210 2592 Τά
225 2555 348 2590 σων
369 2533 424 2589 ἐν
454 2537 572 2595 τοῖς
594 2531 880 2606 Θρακικοῑς
907 2523 1301 2599 reponendum
1319 2520 1389 2573 sit
1413 2512 1453 2572 ἵ.
1476 2512 1677 2572 ΔΕΩΝ

141 2624 380 2678 Ceterum
412 2621 674 2677 Boeotica
701 2618 795 2671 illa
828 2625 886 2670 et
924 2612 1194 2668 Thracica
1237 2606 1459 2663 nonnisi
1497 2613 1685 2677 partes

137 2711 304 2780 operis
324 2706 460 2784 Περὶ
481 2706 765 2777 ποταμῶν,
791 2704 849 2756 in
864 2719 981 2773 quo
998 2698 1154 2753 fluvii
1180 2691 1490 2750 secundum
1514 2702 1688 2745 terras

141 2794 434 2863 distributi,
468 2795 642 2848 fuisse
665 2800 827 2864 puto.
855 2790 939 2842 Ne
960 2805 1088 2840 cum
1115 2785 1545 2839 Westermanno
1579 2775 1690 2849 (ad

145 2883 276 2936 Voss
310 2883 450 2936 nist.
491 2898 555 2953 p.
593 2895 665 2946 70
693 2875 711 2949 )
741 2885 936 2948 putem
970 2891 1070 2940 ea,
1111 2888 1236 2942 quae
1287 2886 1318 2922 e
1356 2863 1690 2925 Βοιωτιακοῖς

145 2968 448 3023 Plutarchus
481 2966 685 3033 affert,
729 2982 798 3018 ex
838 2962 972 3016 belli
1009 2958 1236 3015 Phocici
1269 2955 1500 3010 historia
1535 2970 1691 3022 repe·

150 3055 234 3108 lita
278 3074 420 3121 esse,
475 3052 575 3106 vel
621 3057 954 3123 argumento
1003 3044 1297 3117 fragmenti
1350 3039 1688 3115 prohibeor.

153 3142 423 3197 Probabile
454 3158 602 3195 vero
625 3149 706 3191 est
731 3140 1005 3192 Leontem
1032 3134 1191 3209 illan
1219 3128 1694 3184 Pseudo-Plutar-

153 3228 230 3281 chi
265 3240 356 3283 aut
396 3228 630 3283 serioris
668 3225 768 3278 aevi.
813 3216 1108 3277 hominem
1150 3236 1294 3285 esse,
1338 3227 1435 3271 aut
1483 3232 1695 3268 nomen

155 3316 465 3370 Aristotelici
490 3314 676 3368 nostri
703 3311 868 3365 fuisse
894 3308 1209 3363 mentitum.
1243 3335 1320 3345 -—
1344 3304 1697 3357 Memoratur

157 3400 376 3475 denique
412 3420 507 3476 ap.
567 3399 743 3455 schol.
785 3396 977 3469 Apoll.
1011 3392 1206 3449 Rhod.
1251 3392 1339 3457 11,
1383 3408 1495 3462 297
1539 3389 1698 3441 Leon

158 3491 322 3543 nescio
356 3490 508 3561 cujas
542 3488 614 3543 ἐν
648 3482 919 3562 Περίπλ
933 3505 1000 3538 ω.
1039 3484 1116 3537 At
1149 3496 1354 3533 vereor
1387 3494 1460 3531 ne
1500 3492 1698 3530 corru-

163 3585 302 3645 ptum
331 3578 608 3631 scholium
644 3574 735 3631 sit.
764 3574 872 3627 Pro
1003 3562 1313 3641 μνημονεύιι
1342 3562 1430 3620 καὶ
1467 3558 1618 3620 Λέων
1647 3560 1697 3616 ἐν

168 3659 396 3740 Περίπλῳ
445 3661 538 3719 καὶ
586 3655 922 3733 Δημοσθένης
970 3655 1042 3730 (l.
1086 3649 1452 3729 Τιμοσθένης)
1495 3649 1546 3705 ἐν
1594 3647 1699 3712 τοῖς

169 3745 385 3821 Atii-kene,
408 3748 804 3825 reponendum
832 3757 943 3814 est,
975 3732 1223 3798 ni'sallor
1256 3760 1269 3795 τ
1304 3729 1364 3795 οὗ
1393 3760 1480 3813 μν.
1517 3735 1699 3794 Κλέων

168 3834 212 3887 ἓν
249 3837 318 3912 τῷ
358 3834 473 3912 περὶ
512 3831 740 3908 λιμένων
779 3829 869 3888 καὶ
894 3832 1026 3904 Τιμ.
1074 3840 1161 3885 etc
1215 3828 1481 3884 Similiter
1519 3820 1700 3881 Κλέων

171 3940 262 3993 pro
289 3922 425 3981 Λέων
453 3926 661 4000 legitur
679 3941 769 3996 ap.
794 3919 1079 3976 Plutarch.
1115 3917 1388 3972 Phocion.
1424 3933 1475 3969 c.
1511 3933 1529 3968 1
1546 3920 1576 3978 ί.
1598 3956 1612 3981 ,
1633 3922 1698 3966 ut

173 4010 326 4065 modo
341 4014 554 4067 monui.

241 4098 558 4173 Fragmenta
587 4097 816 4154 Leontis
843 4095 1183 4151 Aristotelici
1216 4091 1483 4146 habemus
1522 4088 1703 4155 nulla,

178 4193 356 4252 praeter
387 4204 562 4241 unum
601 4186 790 4238 locum
827 4182 1106 4247 Athenaei3
1138 4195 1480 4251 quamquam
1513 4192 1584 4228 ne
1611 4174 1705 4227 hic

179 4269 384 4338 quidem
411 4270 750 4326 dubitationi
778 4269 967 4322 locum
994 4286 1112 4321 non
1141 4265 1426 4336 relinquit.

203 4391 314 4467 [TA
350 4399 546 4458 ΚΑΤΑ
591 4395 979 4457 ΦΙΛΙΠΠΟΝ
1028 4395 1158 4452 ΚΑΙ
1201 4386 1682 4463 ΒΥΖΑΝΤΙΟΝ.]

881 4524 986 4601 (Β)

258 4657 531 4715 Athenaeus
561 4662 702 4729 ΧΠ,
726 4679 785 4733 p.
823 4658 958 4729 550,
990 4660 1034 4713 F
1068 4678 1080 4711 ε
1119 4654 1223 4714 Καὶ
1252 4652 1438 4713 Πύθων
1470 4651 1514 4709 δ’
1542 4654 1570 4706 6
1604 4653 1712 4709 Βυ-

196 4738 367 4808 ζάντιος
409 4746 598 4825 ῥήτωρ,
642 4748 712 4811 ὡς
763 4744 912 4804 Λέων
957 4745 1155 4821 ἱστορεῖ
1192 4746 1221 4800 6
1259 4740 1474 4812 πολίτης
1523 4731 1739 4809 αὖτοῦ,’

204 4907 306 4973 ms
325 4911 646 4976 rameri
663 4909 1708 4991 comrmrrzmriosnsrro.)
1729 4858 1766 4863 ’

921 5042 966 5087 1.

261 5138 355 5186 Fuit
369 5143 502 5194 etiam
524 5148 710 5207 Python
729 5146 984 5209 Byzantius
1007 5146 1204 5205 orator(
1223 5146 1303 5194 vel
1326 5148 1500 5206 potius
1531 5147 1654 5191 Leon
1676 5145 1720 5201 ),

1754 926 1841 994 οὖν
1871 935 2193 1008 ὁμονοῶμεν,
2210 928 2302 999 καὶ
2325 930 2387 985 τὸ
2410 926 2566 1004 τυχὸν
2589 931 2730 1002 ἡμᾶς
2753 921 3059 1000 σκιμπόδιον
3089 918 3315 997 δέχεται·

1756 1023 1845 1082 ἐὰν
1869 1021 1923 1079 δὲ
1956 1018 2351 1092 στασιάσωμεν,
2389 1015 2504 1074 οὗδὶ
2533 1018 2565 1084 ἡ
2596 1013 2851 1090 σύμπασα
2876 1010 3033 1070 οἰκία.
3058 1038 3080 1061 υ

1839 1128 2021 1201 Igitur
2057 1123 2129 1178 de
2156 1122 2418 1195 Pythone
2444 1121 2506 1176 h.
2553 1120 2589 1173 l.
2617 1127 2941 1184 narrantur,
2972 1133 3094 1187 quae
3126 1112 3323 1169 Suidas

1758 1228 1816 1272 et
1833 1214 2166 1270 Plutarchus
2193 1210 2265 1265 de
2287 1214 2504 1265 Leonte
2528 1208 2759 1262 tradunt
2776 1247 2792 1275 ‚
2823 1223 2893 1259 eo
2913 1214 3131 1259 tantum
3158 1201 3323 1255 disse-

1761 1315 1944 1359 rentes
1959 1343 1975 1371 ,
2002 1299 2160 1374 qnod
2184 1308 2380 1353 nostro
2404 1297 2536 1350 loco
2558 1296 2838 1367 Byzantii,
2862 1291 3013 1365 apud
3037 1291 3164 1343 illos
3183 1307 3322 1341 vero

1761 1392 1994 1448 Athenis
2016 1407 2104 1443 res
2126 1398 2279 1460 gesta
2307 1384 2545 1439 dicatur.
2570 1408 2592 1430 «ι
2617 1383 2726 1438 Sed
2743 1424 2758 1449 ‚
2782 1382 3010 1454 opinor,
3038 1377 3323 1448 corrigen-

1762 1481 1868 1535 dus
1892 1478 2188 1533 Athenaeus
2221 1484 2276 1528 et
2311 1470 2675 1527 scribendum
2712 1465 2900 1524 Πύθων
2927 1464 2981 1522 δὲ
3001 1466 3030 1520 6
3057 1465 3121 1522 B.
3149 1460 3324 1540 ῥήτωρ

1763 1568 1958 1640 ἱστορεῖ
1978 1568 2048 1628 ὡς
2074 1558 2219 1619 Λέων
2247 1561 2276 1615 6
2303 1557 2517 1625 πολίτης
2542 1557 2723 1613 αὐτοῦ.
2754 1580 2780 1605 ι
2801 1559 2977 1611 Tour.
3005 1553 3077 1608 ad
3096 1551 3326 1607 Suidam

1764 1656 1798 1710 l.
1829 1655 1866 1710 l.
1912 1652 2090 1709 Addit
2112 1646 2508 1718 Bernhardyns
2542 1665 2554 1699 :
2590 1668 2613 1695 n
2642 1643 2810 1699 Haud
2835 1642 3040 1698 frustra
3070 1639 3328 1712 Toupius

1765 1739 2061 1795 contendit
2104 1736 2437 1793 Athenaeum
2486 1751 2601 1788 esse
2644 1730 3005 1785 mendosum.
3048 1728 3327 1783 Nimirum

1767 1829 2083 1901 Pythonem
2108 1823 2435 1896 Byzantium
2459 1828 2675 1873 constat
2700 1818 3039 1891 legationem
3060 1814 3133 1869 ad
3163 1815 3329 1870 Athe·

1764 1919 1984 1970 nienses
2016 1913 2217 1967 obiisse
2242 1908 2323 1986 (v.
2347 1908 2572 1965 Fabric.
2606 1907 2666 1959 in
2693 1907 2841 1960 Sext.
2866 1904 3078 1977 Empir.
3106 1922 3166 1975 p.
3193 1920 3330 1975 2973

1769 2002 1843 2057 cf.
1874 2004 2291 2055 Westermann.
2323 1994 2519 2051 Gesch.
2548 1995 2607 2047 d.
2653 2011 2743 2064 gr.
2784 1991 3016 2046 Bereds.
3050 1991 3083 2063 §
3109 1990 3329 2059 δορα)

1769 2090 2145 2156 clarissimam,
2166 2100 2405 2157 eamque
2425 2079 2828 2155 perturbandis
2847 2078 3094 2133 duorum
3122 2080 3333 2150 Byzan-

1771 2179 1985 2232 tiorum
2004 2173 2268 2230 facundia
2293 2171 2618 2244 potentium
2641 2169 2882 2242 negotiis
2903 2167 3032 2220 satis
3060 2175 3339 2238 opportu-

1772 2283 1934 2331 nam3
1962 2263 2193 2318 Leontis
2223 2258 2558 2313 industriam
2583 2257 2641 2308 in
2671 2254 2991 2309 domesticis
3012 2254 3180 2308 rebus
3205 2271 3341 2307 suo-

1773 2351 2124 2407 rumcivium
2146 2349 2314 2402 unice
2324 2345 2565 2419 positam
2590 2342 3043 2397 fuissevidemus.
3064 2341 3336 2395 Praeterea

1777 2458 1902 2512 quae
1942 2437 2265 2509 desipientis
2313 2434 2465 2488 foret
2504 2430 2945 2505 argumentatio,
2989 2439 3051 2483 ut
3082 2427 3343 2501 publicus

1776 2536 1972 2581 orator
2020 2525 2196 2579 risum
2253 2529 2628 2593 componeret
2690 2514 3119 2573 Atheniensium
3177 2514 3339 2568 allata

1777 2612 2031 2685 conjugii
2061 2610 2349 2664 mentione
2383 2608 2472 2660 vel
2509 2607 2753 2660 maxime
2790 2602 3058 2670 ridicula,
3087 2619 3209 2656 eam
3237 2618 3341 2672 ap·-

1777 2710 1935 2774 paret
1962 2700 2052 2754 vel
2077 2696 2451 2771 peridoneam
2478 2693 2775 2763 exstitisse,
2805 2691 2851 2743 si
2875 2688 3105 2761 quidem
3135 2689 3338 2742 Leonti

1780 2786 2076 2841 discordiae
2122 2782 2311 2838 civiles
2359 2789 2538 2835 essent
2585 2776 3012 2850 componendae.
3054 2773 3223 2845 Cujus
3261 2776 3342 2829 rei

1782 2874 2057 2928 indicium
2083 2914 2100 2940 ,
2131 2881 2193 2925 ut
2216 2871 2547 2925 Athenaeum
2573 2868 2789 2920 mittam
2805 2906 2820 2933 ,
2841 2864 3011 2918 habet
3039 2863 3345 2917 Philostra-

1783 2973 1873 3016 tus
1891 3004 1906 3030 ,
1956 2962 2085 3015 loco
2135 2957 2279 3012 illud
2322 2976 2440 3010 non
2487 2973 2589 3009 suo
2634 2951 2995 3026 propositum
3038 2968 3051 3004 :
3102 2945 3191 3004 καὶ
3228 2969 3350 3026 πρε-

1785 3046 1986 3104 σὸεύων
2034 3045 2087 3102 δὲ
2125 3046 2250 3123 παρ’
2298 3040 2581 3116 Ἀθηναίοις
2617 3031 2786 3107 οὗτος,
2836 3038 2991 3094 ἐστα
3009 3035 3071 3094 σί
3087 3038 3195 3103 αζε
3237 3033 3349 3110 μὲν

1784 3132 1998 3191 πολὺν
2032 3133 2157 3204 ἤδη
2197 3127 2439 3210 χρόνον
2469 3131 2500 3198 ἡ
2533 3126 2729 3192 πόλις
2752 3124 2863 3182 καὶ
2903 3122 3080 3201 παρὰ
3118 3121 3199 3179 τὰ
3226 3123 3348 3193 ἤθη

1787 3219 2207 3279 ἐπολιτεύετο
2237 3237 2251 3275 :
2281 3228 2450 3291 atque
2484 3228 2605 3271 tum
2635 3215 3078 3287 intemperantiae
3117 3214 3351 3267 crimine

1795 3312 2085 3385 Byzantios
2124 3307 2382 3382 flagrasse
2409 3304 2566 3359 haud
2608 3303 2777 3377 pauci
2804 3303 3107 3374 scriptores
3142 3301 3366 3356 testan-⁴

1790 3412 1883 3454 tur
1924 3398 2026 3474 (V.
2059 3396 2306 3453 Meinek.
2338 3395 2400 3448 in
2424 3391 2722 3448 Menandr.
2746 3408 2805 3464 p.
2839 3389 2913 3444 26
2938 3388 3043 3463 sq.)
3062 3429 3078 3457 ‚
3105 3407 3349 3461 quorum

1789 3506 1934 3541 unus
1969 3486 2269 3542 Athenaeus
2294 3501 2354 3555 p.
2392 3486 2532 3549 442,
2557 3480 2599 3534 C
2638 3480 2752 3533 sive
2786 3478 2992 3533 AElian.
3024 3479 3091 3534 V.
3121 3477 3195 3532 H.
3239 3478 3351 3539 ΙΙΙ,

1799 3594 1820 3628 1
1834 3580 1862 3638 l.
1883 3615 1899 3641 ‚
1923 3590 2093 3645 quem
2119 3569 2431 3625 nominavit
2450 3567 2752 3621 Leonidam
2776 3566 3200 3637 imperatorem,
3222 3581 3349 3616 eum

1791 3661 1931 3715 nihil
1964 3661 2218 3732 suspicor
2255 3656 2325 3710 ab
2351 3658 2568 3711 Leonte
2598 3664 2792 3707 nostro
2823 3651 3160 3724 discrepare.
3190 3652 3355 3705 Hunc

1792 3753 1926 3806 item
1956 3749 2119 3804 decet
2143 3757 2198 3801 et
2218 3745 2432 3800 dictum
2456 3761 2487 3798 a
2510 3741 2816 3797 Plutarcho
2849 3738 2992 3813 (Nic.
3016 3759 3066 3795 c.
3096 3738 3190 3811 αα)
3214 3756 3357 3811 pro-

1794 3838 1977 3892 ditum
2002 3846 2058 3890 et
2080 3845 2313 3890 eventus
2344 3832 2544 3886 mortis
2575 3829 2646 3883 ab
2672 3831 2795 3903 ipso
2822 3839 3021 3901 sponte
3047 3837 3354 3899 susceptus.

1794 3929 1879 3981 De
1923 3924 2193 3979 Athenaeo
2234 3930 2424 3975 tamen
2452 3936 2569 3973 non
2608 3916 2748 3971 libet
2791 3914 3054 3983 definire,
3087 3932 3263 3985 quum
3302 3925 3356 3968 et

1797 4030 2051 4069 errorem
2092 4010 2185 4064 ille
2212 4008 2465 4082 potuerit
2501 4022 2693 4059 rerum
2722 4002 3086 4057 similitudine
3116 4000 3353 4054 commi·

1796 4103 1923 4156 sisse
1947 4111 2006 4154 et
2034 4097 2315 4153 correctio
2357 4103 2560 4167 pra-sto
2592 4093 2663 4146 sit
2694 4089 2845 4144 haud
2874 4090 3154 4155 violenta,
3187 4105 3355 4159 quam

1798 4189 2073 4262 epitomes
2099 4185 2377 4256 scriptura
2405 4176 2765 4234 commendat
2796 4196 2811 4229 ε
2838 4172 2929 4231 καὶ
2959 4170 3150 4232 Πύθων
3176 4172 3220 4229 δ’
3242 4175 3271 4229 6
3297 4174 3357 4230 B.

1803 4273 2004 4352 ῥήτωρ,
2055 4268 2118 4339 ἢ,
2168 4272 2235 4333 ὡς
2288 4270 2570 4343 ἱστορεῖται
2622 4260 2769 4322 Λέων
2816 4264 2844 4319 6
2905 4259 3121 4328 πολίτης
3176 4261 3356 4317 αὐτοῦ.

1801 4362 2076 4419 Omnibus
2094 4360 2265 4431 igitur
2282 4356 2570 4430 perpensis
2587 4353 2780 4407 saltem
2797 4349 3179 4405 obtinebimus
3194 4350 3363 4404 Athe-

1803 4450 2077 4505 niensium
2100 4463 2312 4500 nomen
2339 4444 2411 4497 ab
2439 4441 2669 4496 Leontis
2688 4440 2959 4494 memoria
2987 4455 3224 4510 prorsus
3247 4454 3359 4491 essi·

1804 4533 2231 4594 removendum.
2264 4554 2284 4581 ι

1885 4652 2005 4723 Ego
2030 4664 2295 4720 propono
2325 4662 2338 4700 z
2369 4638 2556 4698 Πύθων
2584 4642 2611 4696 ὁ
2634 4636 2910 4704 Βυζάντιος
2932 4635 3105 4715 ῥήτωρ
3137 4635 3170 4704 ἢ
3191 4634 3361 4697 Λέων,

1807 4739 1874 4801 ὡς
1899 4733 2046 4794 Λέων
2079 4731 2276 4810 ἱστορεῖ
2301 4732 2328 4786 6
2351 4726 2568 4796 πολίτης
2597 4727 2776 4785 αὐτοῦ.
2810 4728 3094 4783 Facillime
3126 4727 3363 4780 alterum

1808 4900 2069 4964 aliquando
2096 4900 2219 4948 inter
2246 4896 2501 4958 Byzantios
2523 4892 2744 4951 dissidio,
2764 4892 2825 4941 ad
2844 4887 3149 4939 concordiam
3171 4890 3370 4937 noriam

1810 4982 1964 5038 cives,
1987 4978 2108 5027 dixit
2136 4992 2148 5024 ι
2175 4996 2197 5016 «
2226 4974 2410 5023 Videtis
2430 4986 2508 5020 me
2525 5008 2540 5031 ,
2565 4986 2595 5019 o
2624 4970 2754 5019 cives
2770 5007 2784 5033 ,
2805 4968 2934 5032 quali
2955 4967 3046 5015 sim
3065 4980 3265 5028 corpore
3286 4986 3298 5014 .-
3321 4971 3369 5015 at

1811 5070 2014 5106 uxorem
2043 5055 2196 5104 habeo
2232 5053 2388 5102 multo
2417 5052 2564 5099 etiam
2599 5050 2898 5098 crassiorem.
2932 5047 2993 5095 Et
3020 5047 3181 5094 tamen
3221 5059 3371 5106 quum

1813 5135 2074 5185 concordes
2100 5144 2293 5189 sumus,
2318 5129 2517 5191 quilibet
2549 5142 2637 5176 nos
2659 5126 2865 5175 lectulus
2889 5123 3041 5185 capim
3079 5123 3150 5170 sin
3186 5124 3365 5170 discor-

209 5216 258 5265 ut
274 5217 386 5267 lmn
403 5222 514 5273 civis
523 5228 628 5288 ejus
651 5229 812 5275 narrat
831 5216 1009 5287 ,obeso
1028 5223 1285 5273 admodum
1302 5237 1499 5285 corpore
1515 5259 1530 5284 ‚
1549 5225 1594 5269 el
1616 5225 1722 5270 0110
1812 5215 1895 5263 des
1912 5250 1924 5273 ,
1948 5226 2007 5261 ne
2024 5214 2125 5261 tota
2150 5209 2342 5271 quidem
2358 5208 2546 5256 domus.
2574 5226 2596 5247 n
