3900 6042
430 414 466 454 x
1208 390 1305 449 Ex
1348 389 1502 448 ΤΗΣ
1544 388 1906 448 ΙΣἸῸΡΙΑΣ
1946 388 2324 473 ΔΙΟΔῼΡΟΥ
2366 392 2852 455 ΣΙΚΕΛΙΩΤΟΥ.

419 515 523 571 λεῖν
540 513 608 590 (a)
634 510 729 589 μὲν
749 510 833 568 τὸν
855 509 1220 589 πρεσὸύτερον,
1252 508 1535 589 ἐγχειρίσαι
1562 507 1617 567 δὲ
1639 512 1714 587 τῷ
1740 506 1975 587 νεωτέρῳ

420 600 513 670 τὴν
531 598 823 678 βασιλείαν,
838 598 1252 675 ἀπαγγελθείσης
1265 597 1424 667 δὲτῆς
1442 600 1679 675 ταραχῆς
1694 599 1763 663 εἷς
1775 595 1870 667 τὴν
1891 599 1979 655 αὖ·

417 685 533 759 λὴν,
544 691 572 745 ὁ
590 685 830 765 βασιλεὺς
846 684 1321 765 μεταπεμψάμενος
1335 683 1422 742 τὸν
1438 683 1660 762 ἀδελφὸν
1674 685 1980 759 ἀπελογεῖτο

423 775 557 849 μετὰ
585 773 847 851 δακρύων,
881 770 954 848 μὴ
976 769 1238 830 πιστεύειν
1265 775 1342 851 τῷ
1369 770 1462 840 τὴν
1489 769 1760 847 βασιλείαν
1778 772 1977 850 ἐπιχει·

374 912 378 917 ,
425 866 594 939 ροῧντι
619 860 1037 939 σφετερίσασθαι,
1070 859 1161 917 καὶ
1192 863 1285 929 τῆς
1316 856 1622 938 ἀμφοτέρων
1654 856 1859 928 ἡλικίας
1881 881 1978 916 κα·

421 947 851 1027 ταπεφρονηκότι·
878 949 924 1004 εἰ
948 947 991 1003 δ’
1022 946 1097 1004 ἔτι
1125 946 1375 1015 διστάζων
1407 950 1473 1025 τῇ
1502 945 1702 1023 διανοίᾳ
1731 944 1978 1025 φοὸῆται,

423 1034 856 1115 παραλαμὸἄνειν
876 1033 1030 1091 αὐτὸν
1068 1034 1304 1092 ἐκέλευσε
1334 1032 1424 1090 καὶ
1439 1033 1501 1091 τὸ
1516 1032 1745 1105 διάδημα
1770 1032 1860 1090 καὶ
1882 1033 1978 1103 τὴν

424 1123 612 1201 ἀρχήν.
639 1119 797 1199 Ταχὺ
821 1120 876 1178 δὲ
897 1126 987 1178 τοῦ
1009 1119 1279 1199 μειρακίου
1306 1119 1393 1177 τὸν
1418 1118 1636 1199 ἀδελφὸν
1667 1118 1979 1186 ἀπολύοντος

421 1215 513 1279 τῆς
542 1209 784 1289 ὑποψίας,
806 1207 1093 1287 ἀμφότεροι
1115 1204 1389 1284 βασιλικὰς
1418 1205 1764 1273 ἀναλαὸόντες
1790 1208 1978 1273 στολὰς

422 1296 632 1367 ἐξῆλθον
666 1298 739 1361 εἰς
782 1296 842 1352 τὸ
868 1298 1093 1371 πλῆθος,
1134 1292 1351 1371 φανερὸν
1398 1298 1663 1358 ποιοῦντες
1693 1301 1877 1366 πᾶσιν,
1907 1296 1978 1358 ὡς

421 1387 741 1457 ὁμονοοῦσιν.
827 1382 894 1441 Ὁ
923 1380 978 1439 δὲ
1006 1381 1267 1447 Διονύσιος
1305 1378 1585 1458 ἀποτυχὼν
1611 1383 1704 1449 τῆς
1732 1378 1979 1449 ἑπιὸολῆς

422 1471 653 1528 ἐκποδὼν
678 1468 858 1527 ἑαυτὸν
888 1468 1122 1540 ἐποίησε.
1183 1466 1290 1526 Kal
1317 1464 1377 1525 τὸ
1400 1465 1495 1543 μὲν
1519 1469 1721 1545 πρῶτον
1752 1467 1976 1543 διαπεμ-

421 1556 641 1632 πόμενος
675 1555 843 1614 ἔπειθε
872 1560 974 1614 τῶν
999 1558 1328 1636 στρατιωτῶν
1354 1554 1470 1620 τοὺς
1495 1553 1709 1619 οἰκείους
1749 1554 1978 1611 ἀποστά-

421 1667 549 1709 σεως
576 1650 836 1701 κοινωνεῖν
859 1645 963 1700 τῶν
984 1639 1225 1700 ἐλπίδων·
1251 1631 1364 1699 εἶτα
1384 1642 1454 1705 εἷς
1479 1639 1718 1699 Ἐλευσὶν
1754 1641 1820 1716 (4)
1845 1641 1975 1696 ἀνα·

420 1731 664 1810 χωρήσας
678 1728 1023 1810 προσεδέχετο
1038 1726 1154 1794 τοὺς
1180 1726 1492 1806 νεωτερίζειν
1512 1726 1973 1805 προαιρουμένους,

419 1818 508 1874 καὶ
537 1821 638 1876 τῶν
666 1817 989 1895 ταραχωδῶν
1028 1816 1361 1892 στρατιωτῶν
1408 1810 1770 1891 ἀθροισθέντας
1807 1811 1872 1888 (s)
1906 1814 1977 1877 εἰς

418 1902 876 1982 τετρακισχιλίους.
902 1900 972 1960 Ὃ
997 1900 1052 1960 δὲ
1082 1897 1325 1980 βασιλεὺς
1353 1901 1435 1957 ἐπ’
1456 1897 1637 1963 αὐτοὺς
1657 1897 1976 1979 στρατεύσας

418 1990 508 2050 καὶ
530 1991 745 2060 νικήσας
766 1987 989 2054 καὶτοὺς
1023 1987 1115 2064 μὲν
1138 1984 1331 2045 ἀνελὼν
1360 1984 1480 2051 τοὺς
1499 1982 1555 2043 δὲ
1580 1984 1785 2055 διώξας,
1811 2008 1971 2054 συνη-

419 2078 648 2154 νάγκασε
682 2077 768 2135 τὸν
809 2074 1078 2136 Διονύσιον
1109 2074 1299 2153 γυμνὸν
1329 2071 1665 2143 διανήξασθαι
1691 2071 1751 2129 τὸ
1780 2074 1973 2152 ῥεῖθρον

419 2169 506 2222 τοῦ
538 2168 798 2239 ποταμοῦ,
830 2161 921 2221 καὶ
948 2161 1043 2232 τὴν
1065 2158 1396 2240 ἀναχώρησιν
1425 2161 1496 2226 εἷς
1517 2157 1633 2226 τοὺς
1661 2152 1976 2235 Αἲγυπτίους

418 2251 772 2327 ποιησάμενον
814 2248 1071 2308 ἀνασείειν
1124 2249 1192 2307 τὰ
1251 2247 1425 2319 πλήθη
1485 2245 1610 2324 πρὸς
1656 2244 1970 2305 ἀπόστασιν.

417 2337 704 2415 Δραστικὸς
726 2335 781 2395 δὲ
803 2334 877 2394 ὢν
904 2336 993 2394 καὶ
1019 2335 1250 2414 μεγάλης
1270 2336 1532 2411 ἀποδοχῆς
1550 2331 1805 2412 τετευχὼς
1846 2336 1975 2411 παρ’

417 2425 590 2489 αὐτοῖς
613 2422 916 2499 Αἰγυπτίοις
935 2422 1072 2501 ταχὺ
1095 2420 1316 2486 πολλοὺς
1334 2420 1459 2499 ἔσχε
1478 2419 1592 2485 τοὺς
1611 2421 1972 2500 κοινοπραγεῖν

418 2510 774 2590 βουλομένους.

492 2600 598 2660 IX.
657 2596 787 2657 “Ori
840 2595 1105 2675 Ἀρταξίας
1149 2600 1178 2654 ὁ
1225 2599 1318 2666 τῆς
1364 2593 1636 2675 Ἀρμενίας
1694 2591 1938 2672 βασιλεὺς
1955 2637 1971 2664 ,

416 2684 647 2748 ἀποστὰς
692 2682 977 2760 Ἀντιόχου,
1012 2683 1165 2739 πόλιν
1213 2680 1413 2739 ἔκτισεν
1454 2679 1726 2755 ἐπώνυμον
1765 2682 1971 2752 ἑαυτοῦ,

416 2770 507 2828 καὶ
527 2770 765 2844 δυνάμεις
776 2768 939 2846 ’ἁδρὰς
961 2769 1270 2845 συνήγαγεν.
1318 2766 1387 2826 Ὁ
1417 2764 1472 2824 δὲ
1498 2766 1752 2844 Ἀντίοχος
1778 2766 1972 2845 ἰσχύων

416 2859 535 2916 κατ’
564 2857 785 2922 ἐκείνους
811 2853 928 2921 τοὺς
956 2855 1171 2933 χρόνους
1199 2857 1269 2920 ὣς
1295 2852 1459 2918 οὐδεὶς
1484 2857 1585 2911 τῶν
1614 2853 1787 2911 ἄλλων
1818 2857 1972 2931 βασι-

411 2943 563 3017 λέων,
607 2941 941 3022 ἐστράτευσεν
987 2941 1069 3000 ἐπ’
1119 2939 1296 3018 αὐτὸν,
1325 2941 1414 2998 καὶ
1449 2938 1665 3011 νικήσας
1702 2939 1968 3017 ἠνάγκασε

412 3039 577 3090 ποιεῖν
590 3029 649 3087 τὸ
670 3026 1136 3109 προσταττόμενον.

493 3121 565 3181 Χ.
593 3114 724 3176 ’Ότι
742 3115 902 3174 πάλιν
931 3115 1069 3185 ἄλλη
1088 3113 1287 3184 κίνησις
1316 3109 1537 3184 συνέστη
1566 3110 1702 3171 κατὰ
1730 3109 1825 3183 τὴν
1849 3113 1969 3183 Θη-

415 3200 605 3281 Gaison,
635 3201 960 3279 ἐμπεσούσης
988 3204 1152 3281 ὁρμῆς
1177 3202 1282 3267 τοῖς
1319 3198 1540 3270 πλήθεσι
1568 3199 1695 3279 πρὸς
1735 3197 1968 3256 ἀπόστα-

412 3315 514 3350 σιν.
600 3291 669 3351 ‘O
689 3290 743 3348 δὲ
773 3289 1015 3369 βασιλεὺς
1036 3290 1360 3364 Πτολεμαῖος
1381 3285 1656 3355 ἀναζεύξας
1682 3284 1762 3345 ἐπ’
1782 3284 1966 3352 αὐτοὺς

415 3376 551 3454 μετὰ
576 3379 771 3447 πολλῆς
800 3368 1083 3452 δυνάμεως,
1111 3376 1176 3434 τὰ
1206 3375 1301 3452 μὲν
1327 3375 1463 3433 ἄλλα
1485 3372 1618 3452 μέρη
1638 3378 1729 3444 τῆς
1753 3369 1969 3444 Officii-

411 3467 493 3530 δος
518 3462 702 3545 ῥᾳδίως
729 3461 1105 3543 προσηγάγετο·
1133 3467 1228 3533 τῆς
1256 3461 1311 3519 δὲ
1341 3462 1405 3537 (1)
1430 3460 1749 3535 καλουμένης
1778 3463 1969 3519 Πανῶν

411 3551 610 3616 πόλεως
638 3547 920 3629 βεόηκυίας
950 3549 1038 3607 ἐπί
1062 3572 1195 3616 τινος
1226 3549 1287 3625 (2)
1320 3547 1539 3628 ἀρχαίου
1566 3546 1815 3627 χώματος
1833 3590 1849 3617 ,
1876 3548 1967 3604 καὶ

410 3628 661 3700 δοκούσης
712 3630 904 3708 ὀχυρᾶς
948 3619 1078 3686 εἶναι
1134 3631 1192 3687 ἐκ
1240 3625 1582 3706 δυσπροσίτου
1599 3669 1615 3697 ,
1640 3624 1961 3704 συνέδραμον

409 3719 480 3782 εἰς
508 3712 705 3787 ταύτην
728 3717 775 3773 οἱ
805 3712 1225 3795 πρακτικώτατοι
1256 3716 1358 3771 τῶν
1387 3711 1771 3793 ἀφεστηκότων.
1815 3714 1959 3771 Πτο-

2067 519 2196 580 giam
2232 521 2516 581 potestatem
2548 522 2847 570 molirentur.
2914 523 3066 583 Cujus
3105 523 3342 573 tumultus
3377 526 3550 575 nuntio
3586 529 3638 575 in

2067 613 2227 663 aulam
2254 615 2470 677 perlato,
2502 630 2590 666 rex
2607 618 2836 666 arcessito
2866 617 3002 666 tratri
3021 630 3074 667 se
3095 619 3341 680 purgavit,
3367 622 3531 671 multis
3562 624 3635 671 la-

2068 709 2229 759 crimis
2255 723 2453 772 precans
2485 725 2548 761 ne
2573 711 2720 761 tidem
2747 711 2946 762 haberet
2977 712 3135 763 verbis
3159 712 3286 777 eim,
3312 716 3397 778 qui
3414 716 3638 779 destncta

2069 805 2610 869 utriusquejuventute,
2625 808 2716 860 sibi
2740 808 2980 858 vindicare
2998 822 3195 872 regnum
3208 811 3438 861 studeret.
3456 815 3640 871 Quodsi

2069 914 2183 951 vero
2205 906 2363 954 metus
2384 904 2544 954 adbuc
2559 907 2609 954 et
2626 904 2861 955 dubitatio
2881 905 3042 967 aliqua
3063 907 3213 955 menti
3236 907 3514 969 inboereret,
3540 910 3639 959 dia-

2068 1003 2210 1053 dema
2231 1004 2389 1066 ipsum
2419 1018 2764 1069 summumque
2783 1006 3040 1069 imperium
3060 1019 3303 1057 assumere
3322 1008 3478 1069 jussit.
3544 1010 3639 1061 Sed

2067 1101 2230 1148 statim
2264 1101 2466 1162 puerulo
2501 1114 2530 1150 a
2563 1103 2847 1165 suspicionis
2880 1104 3079 1153 crimine
3111 1105 3308 1154 fratrem
3324 1107 3601 1157 absolvente
3622 1147 3637 1170 ,

2067 1192 2211 1240 ambo
2247 1196 2379 1244 veste
2416 1196 2539 1256 regia
2560 1196 2714 1246 induti
2737 1196 2787 1246 in
2823 1200 2996 1261 vulgus
3018 1200 3274 1263 prodeunt,
3303 1215 3459 1265 eoque
3480 1205 3639 1265 palam

2067 1288 2251 1338 faciunt
2280 1290 2505 1341 omnibus
2542 1304 2594 1341 se
2634 1293 2897 1343 concordes
2931 1309 3049 1346 esse.
3117 1297 3195 1345 Sic
3223 1298 3479 1361 Dionysius
3510 1301 3642 1351 ausis

2066 1384 2165 1435 suis
2186 1386 2413 1436 excidens
2427 1391 2728 1450 econspectu
2745 1403 2798 1439 se
2819 1391 3060 1443 subducit.
3126 1398 3196 1444 Ac
3213 1395 3423 1456 primum
3442 1397 3637 1458 quidem

2068 1480 2246 1532 milites
2268 1496 2392 1546 quos
2407 1483 2469 1533 ad
2489 1496 2591 1533 rem
2611 1484 2806 1534 idoneos
2820 1499 2923 1535 esse
2945 1491 3151 1551 putaret,
3171 1491 3460 1554 arcessebat,
3487 1492 3640 1555 iisque

2066 1581 2409 1644 persuadebat,
2459 1585 2516 1632 ut
2569 1597 2851 1635 communes
2902 1585 3133 1637 haberent
3183 1602 3293 1650 spes
3339 1589 3638 1641 desectionis.

2067 1673 2247 1723 Deinde
2265 1675 2455 1724 Eleusin
2474 1687 2526 1725 se
2553 1676 2784 1740 recipiens
2798 1677 3087 1740 adjungebat
3104 1680 3195 1730 sibi
3216 1680 3454 1731 studiosos
3477 1696 3639 1731 rerum

2065 1779 2301 1816 novarum
2320 1767 2467 1829 atque
2492 1767 2664 1817 milites
2685 1744 2950 1831 seditiosos,
2970 1785 3176 1833 quorum
3195 1773 3256 1820 ad
3284 1777 3514 1837 quattuor
3531 1777 3640 1825 mil-

2065 1860 2130 1910 lia
2160 1862 2427 1924 congregati
2445 1864 2575 1913 sunt.
2641 1866 2744 1913 Rex
2765 1865 2928 1913 autem
2946 1863 3119 1914 educto
3134 1869 3301 1915 contra
3319 1880 3401 1917 eos
3423 1870 3640 1919 exercitu

2065 1955 2329 2018 proelioque
2351 1956 2526 2019 victor,
2547 1958 2687 2007 hoste
2705 1959 2878 2021 partim
2897 1959 3056 2009 occiso
3075 1961 3248 2023 partim
3271 1962 3319 2010 in
3339 1963 3498 2024 fugam
3519 1977 3639 2013 con-

2065 2063 2203 2100 verso
2217 2087 2232 2111 ,
2247 2050 2404 2113 ipsum
2421 2053 2566 2102 etiam
2582 2052 2862 2115 Dionysium
2878 2067 2936 2103 eo
2957 2053 3163 2117 redegit,
3184 2058 3239 2103 ut
3257 2057 3418 2105 Nilum
3433 2058 3639 2108 fluvium

2065 2143 2225 2194 nudus
2239 2146 2452 2195 natando
2471 2146 2715 2209 trajiceret
2736 2149 2785 2198 et
2803 2147 2852 2197 in
2866 2148 3113 2209 superiora
3125 2150 3314 2210 AEgypti
3326 2151 3639 2213 semeiperet.

2065 2237 2156 2285 Hic
2173 2250 2367 2299 quoque
2389 2237 2451 2287 ad
2475 2237 2792 2288 defectionem
2814 2240 3065 2301 Dionysius
3086 2240 3275 2303 plebem
3293 2243 3557 2304 excitavit,
3590 2249 3644 2294 et

2064 2330 2291 2392 quoniam
2312 2331 2386 2379 vir
2404 2334 2507 2381 erat
2532 2333 2758 2382 strenuus
2772 2346 3043 2395 magnaque
3061 2334 3124 2383 ab
3149 2335 3262 2396 ipsis
3295 2338 3530 2398 AEgyptiis
3557 2338 3644 2387 be·

2063 2422 2333 2474 nevolentia
2346 2423 2692 2485 excipiebatur,
2710 2423 2841 2472 brevi
2853 2424 3034 2475 multos
3050 2426 3139 2475 sibi
3156 2427 3466 2477 consiliorum
3480 2430 3647 2479 socios

2062 2519 2376 2578 comparavit.

2125 2606 2208 2651 lx.
2246 2602 2463 2651 Artaxias
2496 2604 2579 2666 qui
2614 2617 2766 2665 quum
2810 2602 2873 2651 ab
2889 2604 3123 2654 Antiocho
3150 2608 3197 2654 M
3254 2606 3519 2667 defecisset,
3550 2624 3641 2659 rex

2062 2691 2301 2739 Armeniae
2337 2691 2489 2739 sactus
2528 2693 2626 2752 est,
2671 2690 2836 2739 urbem
2871 2690 2960 2738 sibi
3004 2693 3336 2753 cognominem
3391 2695 3640 2756 condidit,

2061 2776 2338 2838 multasque
2350 2777 2512 2839 copias
2523 2777 2724 2839 collegit.
2745 2776 3008 2826 Antiochus
3027 2778 3348 2841 (Epiphanes)
3367 2795 3500 2842 vero,
3517 2786 3642 2832 tunc

2070 2861 2298 2923 temporis
2315 2860 2526 2922 potentia
2552 2859 2749 2922 reliquis
2771 2860 2960 2923 regibus
2976 2861 3202 2911 omnibus
3217 2866 3454 2926 superior,
3481 2880 3638 2929 expe·

2062 2946 2293 2996 ditionem
2318 2950 2485 2996 contra
2520 2958 2631 2996 eum
2667 2947 2877 3011 suscepit
2907 2949 3187 3012 victumque
3205 2951 3362 3001 facere
3398 2952 3638 3016 imperata

2061 3035 2232 3097 coegit.

2123 3125 2187 3173 Χ.
2220 3125 2403 3173 Rursus
2418 3122 2512 3172 alia
2531 3121 2704 3173 seditio
2720 3122 2927 3173 connata
2949 3126 3022 3174 est
3044 3126 3093 3174 in
3111 3126 3638 3182 Thebaide‚-desectio-

2059 3227 2133 3276 nis
2154 3226 2336 3288 impetu
2355 3225 2713 3275 multitudinem
2732 3227 3034 3291 corripiente.
3099 3226 3252 3290 Cujus
3270 3232 3636 3293 compescenda}

2057 3343 2228 3381 caussa
2240 3331 2405 3380 multis
2422 3343 2536 3379 cum
2552 3330 2704 3392 copus
2713 3331 2955 3392 protectus
2983 3332 3274 3383 Ptolemaeus
3289 3334 3500 3397 reliquas
3515 3336 3632 3397 qui-

2058 3430 2169 3481 dem
2183 3432 2340 3496 partes
2358 3431 2611 3482 Thebaidis
2631 3431 2753 3480 facili
2768 3432 2957 3493 negotio
2977 3432 3038 3481 ad
3062 3432 3385 3483 obedientiam
3406 3434 3521 3484 redu
3529 3436 3630 3497 xit;

2064 3526 2316 3589 Panopolis
2332 3529 2513 3587 autem,
2532 3524 2649 3574 urbs
2665 3525 2714 3575 in
2732 3538 2900 3588 aggere
2913 3508 3123 3588 quodam
3137 3528 3336 3591 antiquo
3349 3529 3458 3590 sita,
3474 3543 3632 3592 quum

2070 3624 2264 3687 propter
2281 3623 2439 3672 aditus
2455 3622 2790 3671 difficultatem
2815 3623 2936 3672 bene
2953 3624 3138 3673 munita
3159 3637 3262 3674 esse
3291 3625 3554 3686 videretur,
3575 3626 3627 3674 in

2058 3720 2182 3769 hanc
2200 3718 2511 3769 strenuissimi
2524 3718 2704 3782 quique
2717 3718 3018 3770 defectorum
3040 3733 3142 3770 sese
3159 3723 3455 3783 receperunt.
3523 3725 3628 3771 Pto-

407 3884 548 3929 σοῦτ
562 3878 640 3939 ον]
654 3880 888 3927 τοσούτων
903 3879 1007 3928 cod.
1030 3900 1087 3913 -
1104 3885 1150 3929 3.
1167 3881 1264 3928 ἀνε
1277 3882 1399 3928 λεῖν
1414 3879 1594 3941 ]ἀνελεῖ
1616 3878 1806 3927 cod.‘-
1816 3882 1866 3927 4.
1891 3879 1974 3934 εἰς
1997 3878 2258 3927 Ἐλευσὶν
2274 3877 2292 3940 ]
2307 3879 2546 3933 εἰςελεῦσιν
2564 3877 2672 3927 cod.
2695 3878 2879 3927 Eleusis
2898 3880 2971 3928 est
2987 3879 3246 3943 κωμύδριον
3269 3880 3625 3942 Ἀλεξανδρείας,

408 3952 461 3997 ut
484 3948 656 3996 suidas
674 3948 740 3997 ait
761 3962 804 3995 v.
826 3949 1142 4011 Καλλίμαχος.
1176 3949 1395 3999 Meminit
1414 3948 1504 3997 loci
1524 3950 1667 3997 etiam
1691 3947 1850 3998 Livius
1873 3951 2019 4008 XLV,
2044 3953 2135 3996 12:
2164 3946 2242 3997 Ad
2255 3948 2557 3997 Eleusinem
2575 3951 2900 4009 eransyresso
2920 3948 3189 4006 (Antiocho
3211 3950 3441 4012 Epiphani
3456 3950 3474 4012 )
3489 3987 3505 4013 ,
3531 3952 3624 4013 qui

407 4019 546 4067 [omre
564 4021 814 4080 quattuor
829 4020 1005 4069 miliia
1021 4019 1089 4067 ab
1107 4018 1431 4068 Alexandria
1447 4018 1618 4078 abest,
1640 4019 1801 4078 leyaci
1822 4021 2041 4067 Romani
2059 4021 2359 4068 occurrunt.
2393 4042 2458 4055 --
2481 4025 2529 4067 5.
2554 4017 2902 4081 ἀθροισθέντας]
2921 4019 3255 4081 ἁθροισθέντων
3273 4020 3382 4069 cod.

468 4089 547 4135 lx.
574 4089 684 4137 11'01.
714 4093 829 4148 180,
859 4092 1031 4137 17—21
1062 4101 1111 4136 v.
1131 4114 1194 4124 —
1212 4088 1257 4136 'A
1273 4087 1543 4151 ρταξίας]
1562 4087 1670 4137 eod.
1693 4087 1919 4149 Ἀρτάξης,
1939 4087 2072 4149 quod
2096 4086 2351 4135 defendere
2380 4087 2657 4148 possisloco
2679 4088 2918 4137 Plutarchi
2944 4089 2992 4136 in
3017 4086 3205 4136 Lucull.
3230 4101 3278 4136 c.
3303 4095 3381 4150 31,
3407 4088 3489 4137 ubi
3522 4088 3619 4151 'Ap-

403 4158 542 4219 τάξα,
575 4157 803 4221 Ἀρτάξαν.
828 4162 1009 4208 Verum
1038 4158 1261 4221 Ἀρταξίας
1284 4160 1356 4207 est
1382 4158 1513 4220 apud
1536 4158 1757 4207 strabon.
1789 4161 1881 4217 xl,
1913 4171 1960 4219 p.
1989 4163 2107 4216 528,
2137 4155 2333 4218 Appian.
2355 4160 2460 4217 syr.
2487 4161 2564 4205 45.
2587 4164 2669 4217 66,
2693 4160 2744 4206 et
2769 4158 3020 4218 Polybium
3052 4160 3208 4206 xxvi
3227 4193 3242 4217 ,
3276 4166 3333 4217 6,
3372 4166 3426 4207 12
3463 4167 3514 4207 et
3539 4172 3618 4220 ap.
3673 4172 3676 4175 ·

403 4226 559 4287 ipsum
576 4227 839 4276 Diodorum
856 4229 1021 4291 stagna.
1046 4231 1174 4277 xlv.
1197 4228 1433 4289 Artaxias,
1456 4228 1676 4278 Antiochi
1699 4228 1854 4288 Magni
1874 4228 1922 4276 in
1941 4228 2164 4276 Armenia
2185 4226 2460 4287 praefectus,
2484 4239 2591 4286 rege
2612 4240 2641 4273 a
2663 4227 2888 4275 Romanis
2907 4227 3035 4275 victo
3057 4229 3075 4284 (
3098 4233 3184 4276 191)
3208 4241 3253 4275 a.
3273 4231 3331 4275 G.
3349 4227 3397 4288 )‚
3416 4227 3620 4286 defecit,

401 4300 451 4344 et
474 4292 777 4358 Hannibalis,
800 4296 873 4347 eu
896 4298 1063 4347 dicut
1076 4334 1091 4360 ,
1116 4297 1313 4347 consilio
1332 4300 1561 4347 Artaxata
1588 4298 1756 4347 urbem
1774 4298 1839 4346 ad
1860 4302 2070 4347 Araxum
2090 4296 2304 4345 condidit
2325 4296 2530 4357 (Strabo
2548 4300 2599 4346 et
2624 4296 2863 4345 Plutarch.
2891 4296 2921 4344 l.
2952 4297 3039 4359 1.).
3067 4300 3237 4357 Regem
3262 4299 3344 4359 qui
3370 4299 3621 4348 Artaxiam

401 4366 634 4427 imperata
652 4368 810 4417 facere
825 4371 981 4429 coegit
996 4403 1010 4427 ,
1030 4367 1238 4430 intellige
1255 4368 1549 4417 Antiochum
1566 4367 1860 4430 Epiphauem
1874 4403 1889 4428 ,
1905 4367 1966 4416 de
1984 4381 2082 4429 quo
2102 4366 2299 4427 Appian.
2320 4370 2428 4427 Syr.
2451 4369 2530 4427 45,
2554 4380 2600 4427 p.
2628 4371 2711 4415 197
2733 4367 2811 4417 ed.
2835 4366 2994 4415 Didot.
3022 4386 3033 4414 :
3059 4366 3363 4429 Ἐστράτευσε
3377 4369 3424 4416 δὲ
3444 4370 3524 4416 καὶ
3543 4369 3618 4418 ἐπὶ

402 4434 633 4495 Ἀρταξίαν
655 4438 736 4485 τὸν
759 4437 1002 4501 Ἅρμενίων
1022 4439 1249 4501 βασιλέα,
1269 4440 1349 4487 καὶ
1369 4439 1508 4487 αὐτὸν
1532 4439 1651 4487 ἐλὼν
1674 4437 1984 4494 ἐτελεύτησεν.
2005 4436 2215 4487 CLidem
2233 4436 2298 4485 ib.
2320 4450 2364 4483 c.
2388 4442 2467 4484 66.
2487 4438 2712 4485 Ceterum
2730 4436 2791 4485 de
2814 4440 2963 4498 capto
2984 4438 3180 4485 Artaxia
3198 4437 3330 4498 apud
3353 4437 3619 4488 Diodorum

400 4504 516 4553 nihil
530 4540 547 4565 ,
569 4505 653 4553 sed
674 4506 737 4555 de
758 4509 1019 4569 imperata
1029 4508 1213 4568 facere
1230 4510 1425 4557 coacto.
1451 4507 1633 4564 Quodsi
1664 4506 1809 4567 igitar
1830 4520 1941 4557 vere
1972 4508 2140 4567 captus
2162 4507 2235 4555 est
2250 4540 2266 4566 ,
2285 4505 2396 4554 dein
2419 4504 2642 4554 dimissus
2657 4518 2762 4555 ωδε
2778 4505 2841 4553 ab
2874 4505 3112 4555 Antiocho
3143 4507 3303 4567 putari
3331 4506 3492 4556 debet.
3520 4509 3617 4557 Sed

398 4574 644 4635 ‹mmplura
667 4576 717 4623 in
739 4577 947 4638 Syriacis
967 4576 1167 4639 Appiani
1192 4590 1365 4638 parum
1380 4578 1606 4629 accurate
1625 4576 1747 4625 tradi
1767 4576 1856 4624 viri
1878 4576 2005 4627 docti
2029 4579 2314 4637 queruntur.
2337 4578 2555 4625 Mortuus
2571 4578 2645 4624 est
2665 4576 2929 4625 Antiochus
2957 4588 3084 4624 anno
3123 4580 3210 4627 149
3229 4590 3344 4626 aeroe
3371 4578 3614 4628 Seleucid.

399 4645 636 4702 (Maccab.
661 4649 713 4705 l,
738 4653 796 4707 6,
822 4637 1112 4709 nassonem..
1136 4652 1187 4695 Α.
1211 4651 1259 4697 J.
1284 4650 1403 4707 xli,
1423 4651 1485 4708 9,
1518 4649 1608 4708 2),
1630 4648 1733 4696 sive
1759 4648 1836 4695 Ol.
1874 4651 1986 4706 164,
2021 4656 2063 4697 ι.
2094 4650 2178 4696 164
2206 4660 2251 4696 a.
2273 4649 2327 4696 c.
2356 4646 2516 4707 (anno
2546 4648 2803 4706 exeunte).
2844 4645 3203 4707 Expeditionem
3234 4649 3348 4711 πρὸς
3377 4647 3484 4703 τοὺς
3513 4648 3617 4697 ἄνω

395 4716 636 4776 σατράπας
658 4717 869 4777 mnoepit
888 4731 968 4767 an.
994 4721 1079 4767 147
1102 4730 1214 4766 aeroe
1243 4717 1338 4767 Sel.
1363 4716 1609 4779 (Maccab.
1636 4720 1682 4775 l,
1702 4724 1730 4767 3
1755 4721 1830 4766 37.
1851 4717 2048 4778 ¹loseph.
2070 4720 2157 4767 xli
2180 4754 2195 4778 ‚
2219 4722 2276 4777 7,
2298 4724 2326 4765 2
2343 4719 2379 4779 ).
2404 4720 2738 4779 Fragmentum
2765 4717 3061 4779 assignamus
3082 4731 3163 4767 an.
3198 4725 3303 4768 165.
3326 4717 3398 4767 Ad
3429 4730 3617 4767 annum

402 4789 487 4833 164
508 4798 569 4833 ae
581 4785 954 4847 descendamoe,
976 4786 1240 4849 inpediunt
1259 4788 1423 4849 fragm.
1442 4786 1703 4848 sequentia.
1736 4786 2046 4837 insermidum
2065 4790 2173 4849 post
2191 4786 2273 4835 lib.
2295 4789 2450 4836 xxxl
2468 4800 2575 4848 cap.
2606 4790 2679 4836 17.

454 4857 516 4903 Χ.
540 4856 650 4905 Fae.
683 4860 798 4915 180,
837 4862 1306 4918 21υ.--181,1ι·.
1342 4882 1405 4893 -
1428 4863 1471 4904 1.
1494 4862 1596 4913 τῆς
1622 4855 1716 4917 δὲ]
1744 4860 1823 4905 καὶ
1854 4862 1937 4915 τῆς
1957 4859 2065 4905 καλ.
2100 4856 2271 4905 codex.
2291 4881 2354 4892 —
2374 4863 2417 4905 2.
2443 4859 2712 4906 Πανῶν...
2732 4855 2931 4919 τινος]
2971 4857 3141 4907 Πάνων
3174 4856 3352 4912 πόλεως
3384 4858 3612 4919 βεὸηκίαν

391 4924 539 4974 σίτινο
551 4924 705 4974 codex
719 4963 732 4986 ,
753 4926 890 4987 cuius
913 4927 960 4975 in
981 4927 1194 4989 margine
1212 4941 1331 4976 crux
1348 4927 1669 4987 corruptelam
1688 4928 1873 4976 notans.
1896 4930 2063 4977 Πανῶν
2086 4927 2217 4984 πόλις
2236 4928 2461 4977 scribitur
2478 4929 2624 4978 etiam
2642 4928 2768 4989 apud
2787 4929 3009 4978 strabon.
3031 4942 3081 4990 p.
3103 4934 3194 4979 813
3217 4943 3230 4977 :
3261 4932 3429 4978 Πανῶν
3446 4931 3581 4986 πόλις
3598 4966 3613 4990 ,

390 4998 639 5059 λινουργῶν
664 5000 745 5046 καὶ
769 4999 1019 5060 λιθουργῶν
1047 4997 1264 5047 κατοικία
1286 4997 1477 5047 παλαιά.
1502 4997 1641 5057 Apud
1674 4998 1864 5046 Diodor.
1894 5001 1947 5058 l,
1973 5004 2026 5048 18
2048 5000 2098 5047 et
2126 4998 2417 5059 Stephanum
2452 5001 2565 5059 Byz.
2599 4998 2772 5058 legitur
2804 5000 2957 5055 Πανὸς
2987 4999 3147 5058 πόλις;
3181 5011 3262 5060 ap.
3291 4999 3611 5049 Ptolemaeum

394 5066 668 5121 ΙΙανὸπολις.
696 5070 878 5116 Nomen
912 5067 1043 5115 urbis
1066 5066 1369 5129 AEgyptiurn,
1386 5080 1482 5116 sec.
1512 5066 1708 5115 Diodor.
1733 5067 1763 5114 Ι.
1789 5068 1821 5115 l.
1844 5070 2051 5129 Χεμμὼ,
2091 5067 2165 5116 vel
2191 5069 2245 5116 nt
2260 5068 2329 5117 ait
2347 5068 2618 5117 Herodotus
2639 5071 2710 5128 ll,
2735 5074 2788 5117 91
2810 5106 2826 5128 ,
2858 5069 3067 5130 Χέμμιςς
3089 5083 3219 5117 nunc
3238 5069 3483 5131 Alchenyn
3507 5071 3612 5121 sive

390 5132 636 5191 Althmim.
662 5137 731 5184 De
747 5135 841 5185 situ
859 5135 962 5196 ejus
980 5138 1027 5184 et
1046 5137 1193 5186 ruinis
1210 5135 1320 5186 vide
1336 5149 1458 5195 quos
1477 5134 1671 5184 laudant
1695 5136 1847 5185 ssaenr.
1873 5138 1931 5185 ad
1965 5138 2258 5189 llerodotum
2278 5139 2309 5188 l.
2331 5138 2386 5198 l.;
2409 5138 2650 5199 Forbigcr.
2667 5139 2769 5188 All.
2798 5142 2972 5200 Geoqr.
2997 5142 3060 5197 ll,
3081 5152 3126 5201 p.
3152 5144 3259 5189 789.
3282 5140 3471 5199 Quibus
3481 5141 3610 5191 addo
