3900 6042
1513 462 2009 571 FIJAGMENTA.

162 606 338 661 menis
367 606 522 659 inter
546 621 601 659 se
622 613 797 659 castra
820 601 1120 667 distabant,
1155 619 1187 657 e
1203 600 1534 659 stationibus
1562 598 1717 675 (στα-

162 693 341 767 Θμοίς)
366 691 717 764 computavit
737 730 753 757 ,
774 691 1004 762 Nepose
1023 688 1244 744 dierum
1266 688 1587 756 itineribus,
1608 688 1722 742 sive

162 778 320 851 quod
339 789 628 833 extremos
657 794 729 832 ex
763 777 1025 831 Eumenis
1059 775 1328 830 militibus
1355 776 1508 830 mille
1533 773 1723 829 stadiis

163 867 309 919 inter
325 881 385 918 se
412 862 650 934 sejuncti
671 880 705 915 a
729 861 1030 916 Plutarcho
1056 879 1107 917 c.
1137 859 1205 917 15
1229 861 1505 929 feruntur,
1527 878 1560 915 a
1580 860 1720 915 Dio-

164 951 309 1005 doro
356 948 376 1023 ζ
389 949 570 1017 XIX,
613 947 745 1024 34),
765 965 863 1003 sex
901 946 1123 1005 dietum
1162 948 1537 1021 itinere,sive
1564 944 1723 1018 quod

164 1037 499 1092 Plutarchus
520 1054 570 1093 c.
598 1032 666 1090 15
685 1035 1108 1107 promittentem
1129 1036 1438 1090 Eumenem
1459 1033 1591 1089 facit
1609 1032 1720 1089 ἐπι·

166 1120 373 1191 στήσειν
406 1122 516 1177 τῶν
543 1118 807 1194 πολεμίων
832 1118 894 1176 τὸ
928 1117 1123 1196 τάχος,
1149 1116 1283 1176 ὥστε
1309 1117 1474 1199 τρισὶν
1512 1117 1722 1196 ὕστερον

166 1207 381 1285 ἡμέραις
446 1204 486 1276 ἢ
534 1208 924 1285 προσδοκῶνται
974 1205 1384 1282 παραγενέσθαι,
1436 1206 1724 1262 Diodorus

169 1298 363 1370 (XIX,
390 1294 495 1367 38)
518 1305 744 1350 contra:
771 1291 1044 1368 εὑρηκέναι
1064 1291 1167 1371 γὰρ
1185 1290 1375 1370 τρόπον
1402 1292 1469 1349 δι’
1497 1283 1557 1349 οὗ
1574 1289 1725 1360 ποιή-

169 1403 243 1439 σει
278 1381 366 1439 τὸν
404 1379 692 1456 Ἀντίγονον
735 1377 946 1458 ὕστερον
981 1376 1201 1456 ἡμέραις
1240 1377 1379 1458 τρισὶ
1411 1375 1447 1448 ἢ
1481 1377 1723 1456 τέτταρσι

173 1466 557 1548 παραγενέσθαι
576 1511 593 1538 ,
630 1471 820 1542 Nepos
851 1488 903 1523 c.
932 1487 970 1543 9
1009 1486 1026 1527 ι
1064 1480 1124 1524 ue
1156 1487 1266 1524 non
1297 1473 1475 1523 minus
1498 1470 1723 1523 totidem

174 1558 232 1631 (i.
253 1576 303 1613 e.
326 1551 611 1630 quinque)
629 1557 841 1611 dierum
859 1560 1042 1629 spatio
1057 1556 1485 1610 retardarentur.
1510 1554 1721 1610 Eadem

172 1662 303 1700 vero
331 1662 457 1717 quae
480 1642 637 1716 apud
665 1643 937 1715 Nepotem
968 1641 1233 1715 leguntur
1260 1660 1309 1697 c.
1338 1660 1413 1714 9³
1447 1638 1726 1715 igne-esa-

172 1737 319 1785 cicmt
355 1748 527 1804 quam
574 1735 851 1784 maximos
883 1740 1049 1802 atque
1085 1729 1188 1784 hos
1219 1728 1465 1783 secunda
1496 1731 1721 1800 vigilia,

176 1823 437 1886 minuant,
478 1821 644 1873 tercia
680 1820 998 1889 perexigua
1032 1817 1284 1881 reddant,
1330 1814 1529 1871 eadem
1570 1814 1726 1888 apud

176 1904 409 1959 Diodor.
432 1903 583 1961 xlx
602 1941 619 1971 ,
648 1901 744 1959 33.
771 1903 951 1957 Etiam
969 1902 1323 1958 Plutarchus:
1350 1896 1554 1958 ἐκέλευε
1580 1898 1725 1977 πυρὰ

175 1986 337 2046 πολλὰ
360 1989 529 2045 καίειν
552 1988 608 2045 ἐν
636 1986 1004 2062 διαστήμασιν,
1021 1984 1201 2066 ὥσπερ
1221 1988 1269 2044 οἱ
1287 1986 1725 2066 στρατοπεδεύον-

177 2097 272 2141 τες.
299 2079 513 2133 Iterum
538 2095 677 2132 vero
706 2077 1054 2133 concordant
1085 2076 1325 2133 Diodor.
1350 2076 1527 2144 XIX,
1562 2076 1636 2132 38
1668 2088 1726 2133 et

180 2164 501 2220 Plutarchus
536 2163 610 2218 de
644 2180 836 2230 eausa,
861 2182 983 2236 quae
1011 2163 1356 2237 Antigonum
1381 2174 1446 2218 ut
1479 2163 1540 2219 in
1561 2182 1724 2219 com-

182 2250 489 2305 modiorem
520 2251 670 2305 viam
706 2250 1101 2324 regrederetur
1130 2251 1444 2323 impulerit,
1485 2250 1559 2305 de
1594 2269 1727 2307 ora-

185 2337 329 2390 tione
349 2355 462 2409 qua
481 2337 947 2409 compellaverint
971 2338 1220 2392 veterani
1247 2336 1583 2392 Macedones
1612 2341 1725 2393 An·

183 2422 349 2495 tigoni
374 2424 582 2479 milites
605 2422 622 2497 (
642 2422 878 2477 Diodor.
902 2441 955 2480 c.
979 2427 1009 2487 4
1024 2441 1071 2479 1.
1099 2423 1245 2478 Plut.
1264 2442 1315 2480 c.
1341 2418 1459 2496 16),
1480 2423 1726 2497 denique

185 2506 252 2561 de
267 2518 420 2565 aetate
441 2527 644 2565 eorum
665 2519 721 2563 et
737 2510 938 2581 peritia
955 2509 1180 2565 militari
1195 2520 1250 2564 et
1268 2509 1340 2564 de
1357 2527 1549 2583 pugna
1578 2511 1727 2565 inter

185 2604 478 2668 utrumque
522 2596 833 2651 exercitum
881 2597 1173 2652 commissa
1219 2595 1426 2670 (Diod.
1481 2602 1578 2661 [ια.
1629 2595 1723 2663 43.

185 2680 323 2736 Plnt.
356 2682 423 2737 16
465 2724 483 2740 .

263 2790 287 2815 «ι
312 2678 638 2841 Sapit-sedit
657 2767 947 2823 Diodorus
968 2769 1318 2825 orationibus
1355 2788 1421 2826 ac
1445 2771 1729 2827 sententiis

188 2852 506 2925 referendis,
552 2854 759 2926 quibus
782 2856 815 2910 J
818 2857 1030 2911 ustinus
1045 2896 1062 2926 ,
1093 2858 1280 2931 Nepos
1305 2868 1361 2913 et
1399 2858 1729 2914 Plutarchus

189 2949 481 2997 extremam
519 2942 785 2997 Eumenis
821 2944 993 2997 vitam
1030 2956 1461 3001 exornaverunt.
1500 2946 1727 3002 Conve-

191 3026 340 3080 niunt
360 3039 545 3083 autem
570 3030 719 3083 inter
735 3046 793 3082 se
810 3030 997 3102 Nepos
1017 3040 1074 3084 et
1098 3031 1453 3100 Plutarchus,
1483 3034 1581 3106 qni
1606 3052 1730 3107 quae

192 3111 531 3170 tradiderunt
554 3132 674 3168 non
696 3113 946 3170 absimile
975 3118 1094 3170 veri
1114 3128 1195 3171 est
1210 3120 1421 3190 pariter
1442 3131 1612 3193 atque
1634 3139 1728 3176 re-

193 3197 333 3271 liqua
353 3201 426 3256 ad
468 3203 807 3274 Hieronymi
845 3204 1233 3259 auctoritatem
1254 3206 1572 3263 revocanda
1594 3225 1727 3266 esse.

192 3284 269 3341 Cf.
300 3287 581 3343 Plutarch.
619 3286 688 3342 18
715 3305 731 3346 t
773 3283 933 3353 οὕτως
953 3289 1023 3353 ὡς
1060 3288 1314 3368 ἐλέφαντα
1348 3290 1385 3361 ἢ
1422 3294 1492 3357 ὡς
1517 3290 1728 3365 λέοντα,

192 3369 368 3445 Nepos
400 3394 421 3429 1
437 3394 461 3429 1
492 3392 508 3432 ε
540 3386 607 3430 ut
629 3380 953 3431 acerrimum
980 3379 1188 3435 leonem
1214 3391 1317 3433 aut
1321 3376 1731 3448 ferocissimum

192 3459 531 3532 elephantum
549 3482 572 3529 ,-
593 3480 728 3518 mox
752 3463 901 3519 inter
917 3466 1225 3520 Eumenem
1238 3476 1294 3521 et
1311 3467 1729 3525 Onomarehnm

184 3546 284 3616 -qui
308 3565 484 3604 sermo
505 3548 733 3605 habitus
761 3568 876 3607 esse
902 3550 1142 3621 dicitur;
1162 3551 1408 3626 denique
1438 3557 1731 3612 consilium

196 3629 262 3686 de
288 3634 528 3693 Eumene
554 3637 843 3706 habitum,
881 3640 1026 3712 Nep.
1063 3658 1132 3694 12
1151 3680 1168 3709 ,
1193 3641 1341 3696 Plut.
1382 3641 1470 3698 18.
1498 3646 1732 3701 Nonnisi

197 3717 264 3772 de
286 3721 396 3794 ipsa
422 3734 609 3778 morte
634 3725 898 3779 Eumenis
921 3727 1109 3798 aliqua
1129 3730 1211 3781 'est
1236 3727 1383 3783 inter
1402 3730 1547 3802 Nep.
1584 3750 1649 3785 ια
1676 3742 1733 3787 et

196 3805 332 3861 Plut.
376 3808 442 3864 18
465 3810 863 3882 discrepantia.
891 3813 976 3869 De
1002 3830 1266 3886 supremo
1298 3825 1495 3871 contra
1513 3816 1732 3875 honore

197 3891 263 3946 ab
290 3897 572 3971 Antigono
616 3899 853 3952 Eumeni
884 3898 1082 3956 habito
1122 3902 1443 3975 conspirant
1485 3905 1727 3964 Diodor.

199 3983 300 4047 44,
323 3981 465 4037 Plut.
497 4000 571 4056 ¹9
600 3994 655 4038 et
678 3985 822 4056 Nep.
854 3983 944 4040 13.

271 4088 295 4115 ι
310 4068 463 4137 iniis,
476 4070 684 4143 quaead
700 4082 942 4127 mortem
958 4090 1134 4147 usque
1142 4076 1405 4133 Eumenis
1416 4090 1566 4151 gesta
1581 4091 1728 4149 sunt,

198 4154 471 4209 narrandis
486 4158 531 4212 si
544 4156 717 4212 fidem
734 4159 1022 4216 Diodorus
1037 4163 1386 4234 potissimum
1402 4167 1733 4240 Hieronymi

197 4249 403 4295 secutus
419 4254 520 4315 est,
542 4245 605 4298 in
627 4246 824 4300 ceteris
848 4265 1078 4320 quoque
1098 4248 1281 4304 eidem
1306 4269 1364 4305 se
1383 4251 1733 4310 adstrinxisse

200 4324 425 4384 videtur.
452 4331 799 4404 Antigonum
822 4335 971 4389 enim
1007 4345 1062 4390 et
1090 4337 1437 4393 Demetrium
1458 4342 1587 4396 satis
1610 4343 1734 4397 lau-

201 4409 367 4481 davit,
397 4415 468 4471 de
494 4417 767 4473 Nabataeis
806 4430 991 4476 antem
1020 4421 1287 4498 (Diodor.
1317 4426 1487 4493 XIX,
1530 4428 1639 4501 94)
1679 4439 1734 4484 et

201 4495 267 4549 de
290 4498 409 4555 lacu
429 4504 739 4576 Asphaltite
759 4505 841 4577 (c.
868 4506 965 4579 98.
989 4508 1097 4583 99)
1122 4528 1245 4582 quae
1274 4511 1537 4582 tradidit,
1565 4515 1731 4570 dubi·

203 4585 301 4637 tari
317 4599 499 4658 potest
522 4610 657 4647 num
685 4593 761 4648 ita
786 4595 1012 4668 copiose
1034 4599 1401 4670 exposuisset,
1427 4602 1529 4655 nisi
1557 4595 1731 4658 uber-

204 4670 389 4727 rimam
433 4694 623 4732 earum
666 4697 855 4735 rerum
910 4682 1343 4756 descriptionem
1393 4688 1547 4760 apud
1591 4691 1732 4745 Hie-

203 4773 489 4830 ronymum
512 4766 835 4835 invenisset,
860 4780 926 4824 ut
948 4772 1045 4843 qui
1074 4772 1525 4844 expeditionibus
1553 4795 1582 4830 a
1614 4781 1733 4833 De-

208 4846 398 4901 metrio
422 4850 479 4903 in
494 4869 559 4906 ea
570 4852 693 4908 loca
706 4858 970 4928 susceptis
987 4859 1104 4930 ipse
1128 4860 1438 4917 interfuisse
1453 4864 1729 4920 videatur.

210 4928 522 4991 Plutarchus
553 4939 613 4992 in
640 4941 763 4995 Vita
809 4945 1083 5000 Demetrii
1122 4947 1242 5001 aliis
1288 4967 1518 5022 quoque
1566 4971 1733 5024 quam

208 5015 478 5077 Diodorus
503 5024 748 5082 fontibus
771 5046 900 5083 usus
921 5041 1029 5098 est,
1062 5051 1181 5087 non
1202 5036 1468 5091 recedens
1496 5038 1589 5092 ille
1610 5040 1734 5112 qui-

212 5098 332 5157 dem
350 5125 379 5161 a
404 5111 566 5165 solito
589 5132 746 5169 more
791 5134 894 5170 suo
915 5157 931 5184 ,
956 5136 1073 5189 quo
1097 5119 1399 5195 decerpere
1416 5142 1735 5198 usquequa—

214 5203 314 5258 que
332 5200 638 5267 consuevit,
666 5219 787 5272 quae
824 5203 897 5256 ad
930 5207 1309 5278 exornandas,
1338 5229 1473 5282 quas
1520 5213 1733 5268 exhibi-

3231 470 3346 523 ⁴59

1808 609 1967 655 turm
2006 605 2153 665 erat,
2194 595 2488 650 hominum
2527 613 2758 650 suorum
2785 594 3051 669 imagines
3074 594 3354 670 facerent,

1809 702 1926 737 non
1952 682 2153 737 desunt
2200 693 2417 749 tamen,
2455 682 2514 735 in
2550 682 2754 754 quibus
2801 683 2877 735 ita
2906 685 3189 754 conspiret
3226 702 3356 738 cum

1810 773 2100 841 Diodoro,
2141 784 2206 827 ut
2243 773 2335 826 hic
2372 790 2441 826 ex
2468 790 2583 844 quo
2616 772 2772 827 fonte
2815 770 3035 828 fluxisse
3078 773 3357 844 videatur,

1811 879 1880 915 ex
1903 860 2106 915 eodem
2129 860 2222 914 ille
2251 876 2480 931 quoque
2509 860 2718 914 rivulos
2747 877 2876 914 suos
2898 859 3191 915 deduxisse
3221 880 3359 917 cen-

1810 947 2016 1003 sendus
2052 948 2140 1000 sit.
2186 947 2280 1004 Sic
2325 944 2399 1000 de
2441 964 2632 1020 pugna
2675 938 2748 1001 ad
2777 947 2921 1003 Gaza
2960 942 3156 1002 similia
3193 949 3363 1021 plane

1812 1044 1941 1089 sunt
1958 1073 1975 1101 ,
2023 1051 2147 1105 quae
2172 1030 2326 1105 apud
2350 1042 2657 1105 utrumque
2685 1043 3001 1089 narrantur.
3035 1034 3363 1093 Plutarchus

1811 1120 1961 1174 enim
1999 1119 2157 1192 quod
2190 1121 2441 1192 quinque
2479 1121 2652 1176 millia
2692 1122 2764 1176 de
2808 1122 3077 1177 Demetrii
3114 1126 3362 1178 exercitu

1812 1204 2071 1261 cecidisse
2104 1205 2395 1277 perhibet,
2423 1206 2711 1263 Diodorus
2751 1209 2878 1281 plus
2911 1210 3251 1282 quingentis,
3277 1214 3362 1266 ni-

1811 1291 1890 1345 hil
1918 1292 2134 1364 argust,
2160 1291 2266 1344 nisi
2308 1301 2405 1344 aut
2428 1296 2700 1349 memoria
2728 1296 2940 1368 lapsum
2980 1313 3093 1350 esse
3139 1298 3362 1352 Plutar-

1813 1377 2011 1446 chum,
2038 1387 2134 1432 aut
2157 1374 2509 1442 τυντακοσίων
2550 1378 2704 1452 apud
2731 1398 2859 1435 eum
2886 1397 2995 1453 pro
3031 1401 3362 1459 πεντακιςχι-

1813 1460 1937 1519 λίων
1966 1462 2267 1537 legendum
2298 1481 2430 1520 esse.
2512 1466 2570 1520 Si
2599 1467 2723 1537 quis
2747 1467 2896 1521 enim
2927 1467 3025 1538 qui
3051 1478 3179 1521 sunt
3210 1470 3364 1541 apud

1812 1549 2130 1605 Diodorum
2156 1551 2375 1603 numeri
2404 1562 2660 1606 accurate
2681 1551 3049 1624 perpenderit
3065 1593 3081 1621 ,
3113 1551 3235 1609 fieri
3271 1557 3364 1611 vix

1812 1637 2060 1709 potuisse
2085 1637 2362 1709 inveniet,
2387 1648 2452 1691 ut
2477 1639 2583 1691 nisi
2606 1639 2733 1709 quis
2765 1639 3057 1710 copiarum
3089 1641 3364 1696 Demetrii

1812 1740 2112 1777 numerum
2131 1723 2280 1777 ultra
2296 1740 2522 1778 omnem
2548 1723 2782 1777 modum
2811 1725 3068 1792 auxisset,
3089 1735 3174 1779 tot
3189 1728 3364 1783 millia

1812 1807 2108 1863 hominum
2131 1809 2418 1865 interfecta
2446 1826 2559 1865 esse
2582 1804 2849 1864 trade'ret.
2865 1811 3060 1883 Neque
3082 1812 3261 1866 aliena
3270 1814 3364 1866 vi-

1815 1894 2022 1949 dentur
2042 1895 2351 1952 aCardiani
2377 1897 2620 1969 ratione,
2650 1915 2774 1969 quoe
2800 1906 2929 1969 post
2955 1915 3206 1971 pugnam
3232 1899 3365 1954 Plu-

1815 1982 2037 2036 tarchus
2059 2001 2110 2038 c.
2143 1979 2174 2035 5
2191 1984 2541 2038 Demetrium
2562 1984 2654 2038 vel
2673 1983 2872 2039 dixisse
2887 1985 2978 2038 vel
3001 1983 3191 2039 fecisse
3201 1984 3359 2055 dicit,

1814 2068 2101 2124 Diodorus
2125 2078 2311 2124 autem
2329 2070 2551 2125 silentio
2571 2071 2887 2125 transmisit.
2913 2070 3146 2126 Accedit
3169 2072 3253 2126 his
3277 2073 3367 2127 lo·-

1814 2156 1891 2210 cis
1911 2155 2153 2213 Diodor.
2193 2157 2371 2230 XIX,
2413 2156 2488 2230 93
2517 2167 2574 2212 et
2609 2157 2756 2213 Plut.
2799 2159 3049 2213 Demetr.
3079 2177 3132 2213 c.
3164 2158 3222 2215 6.
3252 2161 3368 2216 Ubi

1815 2259 1939 2317 quae
1963 2242 2226 2316 leguntur
2254 2243 2326 2298 de
2355 2244 2492 2299 Cille
2515 2262 2548 2299 a
2573 2245 2861 2300 Demetrio
2890 2255 3087 2317 capto,
3119 2244 3369 2303 dubitari

1820 2327 1915 2381 vix
1937 2337 2152 2400 potest,
2197 2330 2335 2401 quin
2363 2346 2433 2383 ex
2469 2329 2672 2384 eodem
2712 2331 2869 2386 sonte
2903 2335 3265 2390 manaverint.
3297 2336 3367 2390 In

1814 2413 2266 2485 expeditionibus
2290 2425 2477 2470 autem
2494 2455 2511 2483 ,
2534 2434 2671 2488 quas
2689 2418 2750 2470 in
2784 2418 3073 2473 Nabataeos
3098 2429 3156 2473 et
3176 2420 3367 2475 Seleu-

1816 2516 1944 2553 cum
1966 2502 2283 2557 Demetrins
2309 2504 2615 2574 susceperit
2631 2543 2647 2571 ‚
2690 2502 2996 2558 referendis
3022 2504 3172 2559 idem
3213 2518 3366 2562 certe

1814 2585 1968 2658 apud
1985 2597 2287 2660 utrumque
2304 2590 2633 2661 scriptorem
2647 2607 2833 2644 rerum
2851 2590 2997 2645 ordo
3011 2601 3262 2646 servatur
3280 2590 3364 2668 (¹⁹).

1816 2673 2023 2728 Contra
2054 2673 2127 2729 de
2153 2675 2537 2729 Halicarnasso
2574 2686 2897 2749 oppugnata
2919 2693 2952 2731 a
2979 2677 3279 2731 Ptolemaeo
3310 2690 3368 2733 et

1816 2760 2052 2816 liberata
2093 2761 2166 2816 ab
2205 2763 2490 2836 Antigono
2519 2761 2696 2835 (Plut.
2736 2765 2900 2819 Dent.
2944 2781 2976 2832 7
3020 2761 3195 2840 extr.)
3222 2766 3363 2819 nihil

1817 2847 1971 2919 apud
1992 2848 2310 2904 Diodorum
2348 2850 2645 2923 reperitur,
2672 2850 2770 2921 qui
2796 2851 2886 2905 vel
2912 2851 3026 2905 XX
3044 2891 3060 2918 ,
3104 2851 3176 2920 37
3207 2870 3368 2907 men·

1820 2935 2030 2989 tionem
2050 2935 2167 3006 ejus
2187 2937 2270 2990 rei
2296 2935 2475 2991 facere
2498 2945 2748 3010 poterat.

1896 3046 1922 3074 ιι
1935 3024 1980 3078 E
2000 3022 2226 3080 diversis
2245 3024 2600 3081 Plutarchum
2613 3025 2812 3099 passim
2832 3023 3081 3081 fontibus
3103 3026 3365 3096 hausisse,

1817 3119 2095 3174 nusquam
2121 3103 2350 3158 fortasse
2381 3105 2732 3160 verisimilius
2748 3114 2828 3159 est
2850 3122 3022 3176 quam
3038 3106 3098 3158 in
3125 3106 3220 3179 iis,
3242 3124 3367 3178 qun

1820 3206 1949 3243 cum
1985 3189 2416 3245 Atheniensibus
2441 3192 2759 3246 Demetrius
2785 3192 2956 3265 egisse
2988 3189 3215 3249 dicitur.
3247 3194 3368 3247 Du·

1819 3274 1975 3329 bium
2004 3277 2154 3330 enim
2170 3295 2288 3331 non
2315 3286 2427 3347 est,
2462 3279 2602 3350 quin
2619 3279 2709 3332 vel
2728 3277 2962 3351 plurimi
2988 3277 3061 3332 de
3091 3278 3177 3332 his
3202 3279 3370 3334 rebus

1821 3365 2200 3435 exposuerint.
2224 3364 2392 3419 Unde
2420 3365 2630 3420 etiamsi
2650 3366 2877 3439 gravior
2894 3366 3041 3419 inter
3062 3375 3368 3439 utrumque

1819 3458 2108 3505 auctorem
2127 3450 2390 3506 dissensio
2409 3468 2528 3506 non
2542 3463 2639 3520 est,
2659 3452 2832 3505 multa
2860 3462 3047 3507 tamen
3063 3461 3192 3506 sunt
3212 3453 3368 3526 apud

1819 3535 2177 3591 Plutarchum
2202 3536 2279 3607 (c.
2314 3535 2534 3609 8-14)
2562 3537 2849 3611 quaeapud
2864 3537 3182 3594 Diodorum
3201 3538 3363 3614 (XX,

1823 3619 1913 3686 45.
1938 3622 2045 3696 46)
2070 3622 2479 3691 desiderantur,
2501 3634 2558 3679 et
2573 3623 2646 3679 ad
2666 3626 2828 3679 aliam
2845 3642 3012 3696 quam
3035 3626 3367 3699 Hieronymi

1820 3708 2082 3765 Cardiani
2130 3712 2519 3766 auctoritatem
2555 3710 2874 3767 revocanda
2918 3711 3154 3782 fuerint,
3204 3732 3260 3768 v.
3312 3733 3365 3771 e.

1822 3813 1944 3868 quoe
1972 3796 2045 3851 de
2066 3797 2321 3869 Stilpoue
2347 3797 2673 3853 referuntur
2701 3798 3041 3872 philosopho
3063 3800 3369 3874 Megarensi

1821 3900 1870 3939 c.
1901 3901 1963 3955 9,
1983 3894 2040 3939 et
2066 3883 2138 3939 de
2160 3884 2402 3939 sordidis
2419 3885 2804 3941 adulatoribus
2822 3888 3118 3957 Demetrii,
3139 3888 3210 3943 ab
3239 3890 3371 3962 ipsis

1820 3970 2249 4025 Atheniensibus
2274 3971 2488 4026 derisis.

1900 4059 2026 4111 «De
2053 4056 2204 4111 bello
2231 4059 2395 4112 etiam
2410 4058 2618 4130 Cyprio
2636 4057 2951 4113 (Plutarch.
2988 4059 3237 4116 Demetr.
3276 4058 3366 4116 15.

1829 4140 1924 4196 16.
1975 4143 2199 4198 Diodor
2231 4144 2376 4213 XX,
2426 4142 2717 4218 47—52),
2748 4145 2849 4199 etsi
2893 4145 3075 4217 gravis
3115 4145 3370 4217 inprimis

1822 4228 2153 4301 Hieronymi
2194 4230 2494 4285 auctoritas
2531 4229 2695 4285 fuisse
2720 4229 2962 4300 videtur,
2990 4230 3227 4285 dubium
3255 4242 3366 4306 est,

1820 4332 1958 4369 num
1979 4316 2324 4372 tantumdem
2339 4317 2565 4388 utrique
2573 4317 2834 4389 scriptori
2853 4317 3105 4373 valuerit.
3128 4317 3369 4373 Diodori

1821 4403 1972 4455 enim
2000 4421 2339 4475 quamquam
2364 4403 2599 4458 uberior
2619 4405 2866 4458 narratio
2901 4414 2982 4459 est
3000 4446 3016 4472 ,
3043 4423 3162 4459 non
3189 4405 3370 4480 attigit

1822 4498 2010 4543 tamen
2035 4489 2140 4543 nisi
2165 4508 2290 4562 quae
2316 4489 2390 4545 ad
2415 4508 2536 4545 rem
2569 4490 2847 4560 facerent,
2878 4493 3069 4547 omisit
3107 4510 3370 4564 quaecun·

1823 4593 1932 4647 que
1957 4585 2170 4631 tantum
2198 4576 2270 4631 ad
2294 4586 2555 4633 ornatum
2575 4578 2940 4649 pertinerent.
2967 4580 3180 4633 Desunt
3199 4580 3371 4652 igitur

1824 4660 2037 4717 ἀπεῖλαι
2062 4657 2356 4736 κομπώδεις
2377 4661 2467 4719 καὶ
2488 4662 2717 4737 διάλογοι
2741 4681 2865 4736 quae
2900 4675 3026 4719 sunt
3046 4665 3200 4737 apud
3222 4665 3370 4723 Plut.

1823 4750 1988 4806 Dem.
2019 4767 2065 4804 c.
2115 4746 2204 4804 15.
2235 4749 2404 4823 Apud
2430 4749 2749 4805 Diodorum
2775 4750 3010 4806 navibus
3044 4752 3377 4807 Ptolemaeus

1823 4833 2074 4909 confligit
2098 4836 2465 4911 quadraginta
2492 4846 2548 4892 et
2582 4846 2803 4892 centum
2819 4877 2836 4905 ,
2863 4840 3178 4893 Demetrius
3214 4840 3372 4912 apud

1825 4920 2180 4976 Plutarchum
2206 4924 2439 4978 navibus
2461 4933 2685 4978 centum
2720 4925 3031 4999 octaginta,
3060 4925 3214 4998 apud
3234 4927 3370 4981 Dio·

1886 5088 1948 5151 (*)
1983 5089 2086 5138 Alio
2117 5092 2314 5140 auctore
2336 5103 2449 5140 usus
2466 5104 2567 5141 esse
2585 5091 2775 5141 videtur
2795 5094 3049 5143 Pausanias
3069 5097 3107 5153 1,
3127 5101 3175 5151 6,
3203 5100 3234 5143 6
3257 5108 3370 5143 nar·

1824 5172 1933 5207 rans
1955 5159 2015 5207 de
2037 5160 2203 5221 proelio
2224 5175 2254 5209 a
2279 5162 2522 5211 Demetrio
2544 5176 2653 5210 cum
2674 5162 2795 5212 cille
2818 5163 3100 5213 commisso:
3131 5166 3210 5213 καί
3245 5180 3373 5223 τινας

1823 5235 1915 5277 τῶν
1942 5230 2205 5291 Αἰγυπτίων
2231 5232 2434 5295 λοχήσας
2459 5233 2696 5296 διέφθειρεν
2714 5233 2771 5281 οὐ
2792 5234 3000 5290 πολλούς.
3069 5250 3088 5259 “
