3900 6042
1394 394 1703 454 CADMUS
1748 394 2134 452 Mitt-Istus.
3323 411 3359 457 3

218 527 407 599 plnylart.
436 527 651 580 Simoc.
679 545 735 598 p.
768 524 874 578 186
922 524 1011 578 ed.
1058 523 1263 595 Paris.)
1295 545 1305 577 :
1347 519 1496 585 Τινὲς
1529 521 1572 578 δ’
1607 525 1718 580 ἐπι-

216 610 447 685 ὅιλόμενοι
480 609 658 687 λέγειν
704 609 821 689 περὶ
863 613 964 668 τῶν
1010 608 1429 685 ἐπιζητουμένων
1467 613 1571 683 (sc.
1604 607 1721 686 περὶ

213 701 277 767 τῆς
299 696 594 763 ἄναὸάσεως
616 702 710 753 τοῦ
748 695 939 756 Νείλου
966 694 1056 753 καὶ
1078 700 1181 753 τῶν
1210 698 1394 772 πηγῶν
1419 698 1560 766 ete.)
1588 693 1721 755 πολὺ

210 787 277 853 τῆς
294 782 539 859 ,ἀληθείας
574 782 884 859 διήμαρτον.
916 783 985 839 Οἱ
1012 779 1105 855 μὲν
1128 780 1229 860 γὰρ
1256 780 1374 860 περὶ
1401 780 1488 838 τὸν
1520 779 1723 840 Ἑλλά-

184 893 313 928 -νικον
325 871 411 929 καὶ
437 870 675 945 Κάδμον,
696 868 773 927 ἔτι
791 868 837 926 δ’
855 867 1153 940 Ἑκαταῖον,
1174 866 1267 926 καὶ
1288 868 1472 932 πάντες
1495 869 1541 925 οἱ
1562 871 1724 924 τοιοῦ-

204 980 286 1026 τοι,
311 955 526 1015 παλαιοὶ
552 954 894 1013 παντάπασιν
920 952 1086 1025 ὄντες,
1106 955 1178 1020 εἷς
1198 952 1289 1019 τὰς
1316 952 1563 1029 μυθώδεις
1587 952 1720 1009 ἀπο-

204 1040 351 1120 φάσεις
371 1040 683 1100 ἀπέκλιναν.

260 1135 331 1186 Ex
348 1129 594 1186 Diodori
616 1130 748 1183 loco
760 1129 1023 1201 colligere
1042 1129 1214 1201 possis
1226 1126 1324 1183 'aut
1341 1128 1445 1181 alia
1464 1125 1717 1198 quaedam

198 1229 377 1290 praeter
411 1212 602 1273 Κτίσιν
625 1211 827 1277 Ἰωνίας
841 1214 1052 1269 Cadmo
1066 1214 1282 1271 Milesio
1296 1212 1565 1268 attributa
1577 1229 1689 1265 esse
1703 1251 1719 1277 ,

197 1316 273 1359 aut
284 1303 603 1358 Naucratim
627 1299 971 1355 Milesiorum
1001 1301 1281 1355 coloniam
1307 1298 1378 1353 de
1400 1298 1528 1351 Nilo
1549 1296 1718 1349 ‹lisse-

195 1391 327 1452 rendi
346 1389 651 1462 praebuisse
675 1387 1177 1459 opportunitatem.
1224 1383 1333 1439 Sed
1375 1383 1643 1455 quoniam
1667 1389 1722 1434 et

194 1477 372 1530 Strabo
399 1486 456 1530 et
471 1473 764 1529 Diodorus
786 1471 979 1528 Cadmi
998 1490 1116 1525 non
1134 1471 1513 1525 meminerunt
1532 1468 1633 1520 nisi
1661 1467 1731 1519 in·

191 1564 491 1615 universum
533 1559 605 1614 de
643 1558 1033 1630 antiquissimis
1074 1558 1352 1611 historicis
1394 1556 1715 1626 loquenteS,

191 1648 396 1699 minime
435 1647 613 1717 liquet
654 1662 791 1697 num
836 1643 937 1716 ipsi
970 1642 1147 1696 libros
1184 1641 1408 1708 Cadmi,
1452 1641 1551 1712 qui
1588 1652 1723 1693 tunc

190 1735 513 1801 serebanmr‚
544 1731 915 1804 inspexerint,
939 1748 1011 1784 an
1041 1730 1217 1784 solam
1251 1727 1493 1781 nominis
1521 1726 1721 1780 samam

186 1821 337 1873 secuti
360 1820 492 1875 sint.

251 1909 380 1978 Quae
416 1924 593 1979 quum
634 1904 711 1958 ita
752 1902 1023 1971 habeant,
1061 1903 1330 1975 quaeritur
1374 1918 1477 1955 nec
1516 1911 1725 1954 temere

187 1994 460 2066 quaeritur,
481 2009 621 2044 num
645 1990 876 2043 omnino
901 2008 1148 2061 unquam
1165 1987 1366 2041 vixerit
1383 1985 1623 2042 Cadmus
1638 1986 1720 2039 hi·

183 2082 433 2147 stor-iem,
464 2097 536 2133 an
560 2095 779 2131 merum
810 2077 880 2129 sit
915 2078 1229 2142 inventum,
1259 2092 1457 2149 eorum
1484 2073 1722 2140 scilicet,

182 2168 357 2238 quiex
379 2164 596 2220 Cadmo
624 2164 910 2217 literarum
932 2163 1224 2215 inventore
1255 2157 1314 2234 (Ἴ
1343 2157 1609 2214 finxerint
1634 2176 1727 2213 an·

182 2252 539 2323 tiquissimum
556 2249 908 2321 scriptorem.
926 2250 1106 2319 Quam
1121 2246 1347 2319 quidem
1366 2247 1727 2319 quaestionem

175 2337 281 2407 jam
320 2348 537 2391 veteres
568 2335 799 2407 agitasse
845 2334 996 2388 haud
1037 2334 1272 2399 obscure
1310 2334 1557 2391 innuunt
1608 2333 1727 2386 Pli-

180 2425 337 2477 niana
374 2424 475 2476 ista
513 2440 527 2475 :
559 2422 679 2475 Nec
722 2420 952 2474 Miletus
964 2416 1303 2487 fraudanda
1338 2424 1453 2472 cive
1495 2418 1723 2473 Cadmo,

178 2512 393 2563 Nomen
424 2526 559 2562 sane
594 2525 701 2579 per
728 2524 786 2560 se
822 2506 963 2560 nihil
996 2505 1166 2559 habet
1207 2502 1545 2560 offensionis.
1589 2505 1725 2559 Nam

176 2614 243 2649 ex
258 2594 557 2655 Herodoto
576 2595 838 2648 novimus
859 2592 1150 2661 Cadmum,
1164 2588 1382 2664 Scythae
1398 2589 1573 2645 filium
1585 2633 1600 2659 ,
1623 2594 1728 2647 Co·

177 2702 337 2736 orum
359 2693 658 2755 tyrannum
682 2678 771 2755 (“)
788 2701 803 2741 3
823 2699 996 2753 porro
1021 2680 1357 2733 Eut-acimum
1374 2720 1389 2747 ,
1407 2680 1727 2733 statuarium

180 2770 588 2836 Atheniensem,
611 2768 777 2823 affert
808 2766 1099 2820 Pausanias
1119 2765 1206 2829 X,
1243 2783 1341 2837 19,
1371 2771 1401 2829 ί.
1441 2763 1544 2839 (cf.
1574 2761 1732 2820 Miil-

180 2854 277 2909 ler.
306 2855 589 2909 Arclaeoeol.
625 2853 659 2927 §
693 2871 832 2920 ιη,
864 2850 935 2928 1).
968 2855 1041 2906 At
1069 2850 1478 2905 dubitationem
1500 2862 1723 2920 movet,

178 2940 334 3012 quod
357 2943 646 3001 literarum
676 2939 952 2994 inventori
977 2950 1034 2992 et
1060 2937 1440 3009 antiquissimo
1471 2939 1730 3010 scriptori

181 3027 328 3082 idem
364 3029 432 3081 sit
470 3045 711 3091 nomen,
753 3025 1061 3097 eademque
1088 3023 1394 3078 secundum
1428 3025 1733 3078 nonnullos

180 3114 345 3167 fuerit
370 3115 570 3186 patria.
592 3113 745 3167 Nihil
774 3111 920 3166 enim
949 3120 1029 3164 est
1064 3128 1166 3164 cur
1189 3108 1417 3164 Suidam
1459 3111 1609 3183 turpi
1639 3111 1727 3165 la-

181 3217 339 3270 psum
368 3219 561 3255 errore
579 3209 841 3272 putemus
870 3196 1140 3253 Cadmum
1167 3192 1253 3250 τὸν
1281 3197 1382 3251 τῶν
1405 3193 1731 3274 γραμμάτων

183 3284 391 3363 εὑρετὴν
409 3289 698 3342 Milesium
719 3285 918 3339 dixisse
938 3302 1046 3357 pro
1066 3280 1349 3337 Phoenice.
1372 3284 1508 3356 Nam
1531 3282 1733 3338 eodem

182 3373 358 3430 modo
390 3374 698 3429 Scholiasta
723 3370 795 3426 ad
822 3369 1054 3443 Dionys.
1078 3369 1288 3441 Thrac.
1321 3370 1380 3425 in
1405 3369 1583 3424 Bekk.
1619 3374 1728 3425 An.

183 3476 240 3529 p.
269 3460 405 3527 781,
436 3460 512 3514 30
547 3458 657 3514 :Oi
685 3453 797 3531 μὲν,
837 3458 942 3523 ait,
984 3451 1267 3531 Προμηθέα
1299 3450 1503 3529 λέγουσι
1537 3450 1733 3511 τούτων

188 3543 286 3614 (sc.
325 3547 429 3601 τῶν
458 3538 813 3621 γραμμάτων)
839 3537 1070 3616 εὑρετὴν,
1103 3538 1253 3596 ἄλλοι
1285 3537 1339 3596 δὲ
1380 3536 1606 3598 Φοίνικα
1645 3536 1732 3595 τὸν

182 3634 270 3686 τοῦ
292 3630 569 3709 Ἀχιλλέως
606 3625 961 3704 παιδαγωγὸν,
998 3624 1147 3683 ἄλλοι
1188 3623 1243 3682 δὲ
1273 3623 1376 3682 τὸν
1408 3624 1732 3695 Μιλήσιον

186 3715 402 3793 Κάδμον
425 3718 542 3776 κτλ.
584 3718 685 3773 ubi
718 3734 893 3790 quum
923 3715 993 3770 de
1011 3714 1212 3770 Graecis
1234 3714 1519 3769 literarum
1544 3715 1734 3768 inven-

182 3807 401 3861 toribus
424 3822 609 3861 sermo
636 3807 735 3871 sit,
766 3820 934 3858 nemo
969 3801 1391 3875 grammaticum
1416 3801 1624 3855 erroris
1648 3801 1731 3853 in·

181 3895 473 3949 cusaverit.
504 3893 774 3948 Similiter
795 3887 948 3961 apud
971 3886 1213 3942 eundem
1240 3888 1415 3941 schol.
1442 3906 1502 3960 p.
1532 3885 1639 3955 784
1664 3887 1734 3939 li-

183 3988 311 4033 terae
330 3979 625 4034 Phoeniciae
645 3996 677 4032 a
698 3977 963 4031 Phoenice
980 3975 1111 4029 loco
1134 3991 1316 4046 prope
1334 3974 1609 4048 Ephesum
1628 3973 1735 4027 sito

180 4083 391 4120 nomen
410 4066 621 4119 habere
639 4063 926 4117 dicuntur.
948 4059 1225 4114 Nimirum
1240 4060 1522 4113 literarum
1540 4059 1732 4132 cogni·

180 4152 261 4205 tio
284 4153 614 4207 Phoem‘cum
630 4148 981 4205 commerciis
993 4147 1238 4220 primum
1257 4146 1408 4200 venit
1426 4145 1497 4200 ad
1515 4146 1737 4201 Graecos

180 4241 327 4295 Asiae
352 4239 613 4306 Minoris;
654 4239 803 4292 inter
827 4238 993 4291 Iones
1027 4235 1194 4307 primi
1216 4235 1546 4289 exstiterunt
1578 4234 1734 4288 Grae-

177 4344 385 4381 eorum
406 4328 732 4399 scriptores3
752 4321 870 4393 jam
896 4322 992 4393 qui
1018 4320 1188 4391 primi
1215 4319 1536 4374 Graecomm
1562 4337 1736 4373 exco-

182 4412 343 4466 tuere
382 4414 584 4479 literas,
614 4410 781 4464 etiam
826 4407 1095 4461 invenisse
1118 4406 1341 4479 gloriati
1376 4417 1521 4459 sunt.
1554 4406 1739 4476 Quare

182 4500 414 4572 antiqua
454 4516 601 4553 verae
655 4496 889 4569 originis
931 4493 1201 4547 memoria
1246 4510 1374 4546 cum
1422 4492 1736 4546 recentiore

184 4597 510 4641 commento
532 4581 687 4658 apud
709 4581 1029 4654 complures
1050 4580 1124 4633 ita
1147 4578 1384 4646 coaluit,
1407 4589 1469 4631 ut
1485 4595 1554 4632 ex
1574 4579 1740 4632 1³12oe-

248 4771 311 4830 (·)
344 4774 415 4820 De
437 4770 653 4832 mythico
685 4767 778 4816 hoc
798 4765 983 4814 Cadmo
1001 4765 1244 4815 literarum
1257 4763 1531 4823 inventore,
1551 4766 1605 4811 ut
1622 4763 1742 4812 alios

190 4838 406 4899 mittam,
422 4839 529 4888 vide
552 4840 764 4887 Movere.
794 4834 844 4882 in
871 4833 1055 4895 egregio
1081 4832 1234 4892 libro,
1254 4831 1337 4893 qui
1358 4831 1629 4881 inscribitur
1648 4835 1740 4881 Re·

192 4906 353 4966 “aion
381 4907 432 4958 d.
459 4908 775 4964 Plioenizier,
795 4906 947 4954 Bona.
974 4906 1117 4960 1841,
1136 4915 1185 4963 p.
1216 4905 1304 4950 518
1325 4914 1431 4962 sqq.

254 4976 339 5035 (”)
370 4979 432 5024 V.
459 4974 693 5025 Herodot.
716 4975 830 5029 vn,
848 4978 907 5020 63
926 4970 1038 5020 coli.
1064 4972 1147 5030 Vt,
1173 4976 1230 5018 23
1250 4982 1343 5030 ιαμ
1364 4968 1534 5019 suidas
1547 4983 1594 5019 v,
1615 4970 1740 5019 Ἐπί-

198 5060 404 5107 χαρμος
423 5046 702 5108 Hippocrat.
731 5041 880 5104 Epist.
905 5044 951 5090 7.
982 5044 1049 5089 De
1066 5040 1360 5101 temporibus
1377 5040 1480 5101 ejus
1496 5041 1545 5089 et
1565 5041 1741 5090 familia

204 5126 247 5163 v.
280 5117 459 5166 mulier.
486 5116 673 5175 Doni,
699 5116 807 5170 ¹705
840 5112 907 5171 ΙΙ,
938 5114 1247 5170 147,1;353,
1279 5115 1458 5170 13509,
1480 5116 1556 5159 ³6.

1810 525 1933 578 nice
1975 522 2235 577 evaderet
2298 523 2528 576 Phoenix
2585 524 2738 576 locus
2787 526 3090 596 Ephesium
3138 526 3186 600 (⁶
3205 528 3244 602 ),
3301 543 3364 584 ut

1810 611 2040 665 Phoenix
2052 608 2289 665 Cadmus
2303 609 2481 663 abiret
2494 611 2548 663 in
2560 610 2828 665 Cadmum
2845 612 3131 668 Milesium.
3147 616 3364 670 Deinde

1806 697 2039 751 ulterius
2057 697 2256 751 harum
2283 714 2472 750 rerum
2502 696 2643 751 fabri
2664 699 2942 771 progressi
2964 710 3110 752 sunt.
3145 701 3360 756 Etenim

1807 784 1905 855 qui
1919 783 2133 855 primus
2150 783 2363 836 invenit
2380 784 2592 851 literas,
2614 801 2733 836 non
2745 784 2934 855 potuit
2956 774 3363 858 nonscripsisse

1808 886 2003 940 opera.
2038 868 2127 923 Sic
2165 868 2257 942 (ut
2289 887 2468 922 unum
2507 879 2728 941 tangam
2757 866 2828 923 ex'
2853 870 3366 943 mythologumenis

1805 948 2049 1008 historiae
2096 950 2384 1030 literariae)
2427 955 2690 1023 Phoenix,
2737 956 3011 1029 Agenoris
3053 954 3223 1025 filius,
3270 959 3362 1013 cui

1808 1040 1949 1112 Lydi
1970 1052 2026 1095 et
2047 1043 2213 1095 Iones
2237 1039 2546 1095 secuudum
2568 1043 2925 1114 Apostolium
2952 1040 3097 1117 (XX
3112 1083 3128 1110 ,
3159 1044 3264 1119 ²9)
3292 1046 3360 1098 li·

1811 1137 2054 1182 terarum
2089 1129 2469 1182 inventionem
2510 1129 2794 1197 tribuunt,
2835 1129 3153 1192 Φοινικικοῖς
3180 1128 3362 1207 γράμ-

1809 1233 1940 1284 μασι
1967 1209 2061 1281 τὴν
2104 1210 2445 1290 ἀριθμητικὴν
2474 1214 2777 1291 φιλοσοφίαν
2810 1211 3191 1291 συνεγράψατο,
3227 1227 3362 1271 teste

1806 1298 2062 1354 Cedreno
2085 1319 2142 1373 p.
2180 1318 2270 1373 ¹9·
2301 1300 2386 1355 Ad
2421 1301 2663 1355 eundem
2691 1301 2924 1355 modum
2949 1303 3116 1356 etiam
3144 1303 3358 1357 Cadmo

1806 1397 2001 1441 nostro
2045 1378 2260 1441 Milesio
2287 1405 2430 1459 opus
2462 1386 2694 1458 aliquod
2725 1387 3138 1460 assignaverint.
3166 1390 3362 1460 Neque

1808 1469 1949 1527 illud
1980 1470 2166 1528 Snidae
2193 1473 2393 1549 πρῶτος
2422 1470 2723 1549 συγγραφὴν
2762 1469 2955 1549 ἔγραψε
2997 1473 3361 1546 καταλογάδην

1808 1559 2013 1635 μικρῷ
2041 1555 2225 1612 ver-'ire
2241 1579 2344 1634 ρος
2369 1555 2644 1636 Ὀρφέως
2666 1561 3015 1633 negligentia!
3037 1561 3124 1613 vel
3156 1562 3361 1615 acrisiae

1805 1645 2150 1716 grammatici
2208 1646 2594 1717 imputaverim
2612 1687 2627 1712 ‚
2676 1647 2773 1718 qui
2818 1664 2888 1699 eo
2947 1647 3138 1718 potius
3182 1647 3360 1702 aliena

1801 1728 2045 1799 junxisse
2063 1732 2199 1785 mihi
2218 1730 2462 1798 videtur,
2491 1732 2648 1804 quod
2675 1727 2865 1788 Κτίσι
2880 1753 2905 1784 ν
2925 1728 3219 1800 Μιλήτου
3238 1732 3357 1791 κτλ.

1810 1828 2073 1888 tanquam
2107 1835 2250 1889 opus
2275 1836 2306 1871 a
2341 1818 2553 1873 Cadmo
2590 1818 2800 1890 Orphei
2845 1817 2961 1872 sere
2986 1820 3181 1890 aequali
3220 1838 3362 1891 pro-

1809 1903 2014 1957 fectum
2037 1906 2305 1976 posuerit.
2337 1901 2404 1959 ld
2424 1906 2571 1958 enim
2594 1905 2665 1958 ab
2689 1906 2755 1958 iis
2776 1904 3002 1958 demum
3028 1904 3240 1959 Cadmo
3261 1905 3362 1960 da-

1811 2000 1927 2043 tum
1947 2008 2060 2045 esse
2073 2002 2214 2063 puto
2229 2032 2244 2057 ,
2264 1992 2361 2062 qui
2381 2010 2556 2062 quum
2577 1991 2954 2063 Pherecydem
2971 2002 3029 2045 et
3045 1993 3361 2048 Hecataeum

1810 2078 2025 2148 primos
2051 2076 2321 2149 pedestris
2348 2078 2617 2131 orationis
2641 2079 2944 2149 scriptores
2969 2078 3141 2150 vulgo
3170 2078 3361 2133 haberi

1810 2162 2096 2231 viderent,
2121 2161 2266 2216 istud
2286 2163 2358 2218 de
2381 2163 2593 2218 Cadmo
2616 2175 2996 2218 commentum
3018 2161 3090 2217 ad
3109 2182 3251 2218 verae
3273 2166 3363 2219 hi-

1811 2250 1994 2303 storiae
2018 2260 2075 2303 et
2101 2249 2482 2323 chronologiae
2500 2249 2920 2304 similitudinem
2944 2268 3209 2304 revocare
3233 2253 3362 2306 alla·

1811 2335 2185 2402 boraverunt,
2212 2336 2454 2408 ideoque
2481 2338 2795 2410 principem
2820 2320 2965 2390 inter
2990 2337 3366 2410 logographos

1814 2422 2001 2476 locum
2019 2420 2230 2476 Milesio
2249 2441 2349 2477 suo
2371 2423 2636 2478 tribuere.
2657 2425 2739 2478 Ex
2753 2422 2954 2479 eodem
2974 2422 3161 2477 studio
3179 2427 3364 2497 expli-

1814 2509 2124 2580 caudaquae
2141 2510 2770 2582 legunturinVilloison.
2788 2512 2894 2564 An.
2909 2511 3007 2565 Gr.
3030 2506 3108 2576 11,
3127 2528 3186 2582 p.
3213 2511 3315 2580 187
3342 2533 3355 2566 ε

1813 2593 1896 2650 Οὐ
1922 2593 2215 2669 γράμματα
2243 2583 2384 2671 εἶχον
2406 2595 2455 2650 οἱ
2472 2590 2758 2664 ‘'Eu-nnc,
2781 2592 2917 2650 ἀλλὰ
2939 2592 3030 2658 διὰ
3056 2594 3363 2652 Φοινικείων

1814 2677 2142 2757 γραμμάτων
2170 2677 2391 2759 ἔγραφον
2426 2677 2494 2736 τὰ
2535 2682 2702 2737 αὑτῶν
2736 2677 3025 2750 Ἑλληνικὰ
3048 2678 3357 2756 γράμματα·

1814 2763 1903 2820 καὶ
1930 2762 2032 2841 γὰρ
2064 2763 2197 2821 αὐτὰ
2227 2762 2294 2820 τὰ
2335 2764 2609 2824 Φοινίκεια
2638 2765 2743 2831 τοῖς
2772 2762 3039 2840 ὀνόμασιν,
3075 2766 3146 2830 ὥς
3174 2764 3263 2823 καὶ
3297 2766 3364 2823 τὰ

1817 2846 2080 2926 Ἐὕραϊκὰ
2096 2892 2114 2923 ,
2141 2848 2278 2907 κατὰ
2303 2849 2523 2926 μίμησιν
2550 2853 2650 2908 τῶν
2693 2849 2977 2926 Ἑὸραίων,
3001 2856 3108 2917 τοῖς
3133 2850 3362 2920 Φοίνιξιν

1817 2934 2014 3014 εὑρέθη.
2056 2936 2385 3011 Παλαμήδης
2412 2936 2457 2994 δ’
2489 2935 2699 3014 ὕστερον
2739 2934 2920 3007 ἐλθὼν,
2952 2935 3233 3014 ἀρξάμενος
3261 2936 3366 2995 ἀπὸ

1815 3028 1904 3078 τοῦ
1934 3022 2073 3099 ἄλφα
2088 3065 2103 3090 ,
2127 3020 2255 3079 δέκα
2275 3020 2331 3089 ἓξ
2356 3021 2489 3098 μόνα
2516 3022 2620 3089 τοῖς
2636 3020 2895 3092 Ἕλλησιν
2923 3012 3037 3100 εἶρε
3069 3028 3364 3101 στοιχεῖα...

1820 3106 2121 3186 Προσίθηκε
2157 3106 2212 3166 δὲ
2254 3109 2426 3175 αὐτοῖς
2470 3109 2682 3186 Κάδμος
2712 3112 2741 3166 ὁ
2783 3106 3036 3177 Μιλήσιος
3076 3109 3365 3188 γράμματα

1816 3193 1964 3272 τρία,
1985 3199 2032 3264 θ,
2056 3217 2123 3275 φ,
2152 3216 2254 3273 χ...
2280 3195 2434 3254 Μετὰ
2460 3200 2624 3254 ταῦτα
2652 3194 2944 3271 Σιμωνίδης
2971 3199 2999 3252 δ
3025 3198 3179 3262 Κεῖος
3206 3196 3369 3254 ἐλθὼν

1817 3280 2106 3360 προσέθηκε
2133 3280 2253 3356 δύο,
2276 3306 2309 3351 η
2338 3282 2428 3340 καὶ
2456 3306 2529 3355 ω,
2556 3281 2885 3361 Ἐπίχαρμος
2900 3281 2954 3339 δὲ
2975 3284 3002 3338 ὁ
3018 3281 3369 3361 Συρακούσιος

1817 3365 1963 3448 τρία,
1988 3372 2043 3438 ζ,
2072 3367 2127 3439 ξ,
2159 3372 2218 3447 ψ.
2253 3369 2359 3429 Καὶ
2383 3367 2544 3435 οὕτως
2571 3367 2948 3448 ἕπληρώθησαν
2964 3367 3031 3425 τὰ
3058 3368 3220 3427 εἴκοσι
3242 3368 3367 3427 τέσ-

1818 3476 1976 3533 σαρα.
2004 3459 2161 3512 Patet
2183 3458 2453 3513 Cadmum
2492 3458 2768 3513 Milesium
2790 3456 2849 3512 h.
2879 3459 2915 3511 l.
2946 3476 2980 3513 a
3015 3459 3369 3533 logographo

1819 3561 1937 3596 non
1959 3543 2237 3598 diversum
2263 3563 2374 3599 esse
2393 3585 2409 3612 ,
2429 3562 2613 3617 neque
2639 3545 2880 3599 alienum
2896 3545 2967 3598 ab
2987 3544 3278 3600 inventore
3298 3546 3369 3598 li-

1821 3639 2064 3684 terarum
2079 3673 2096 3699 ‚
2115 3632 2217 3684 nisi
2243 3630 2400 3701 quod
2417 3632 2624 3685 inventi
2647 3631 3031 3704 magnitudine
3047 3642 3200 3686 tanto
3224 3632 3371 3687 inse-

1820 3716 1938 3770 rior
1967 3728 2076 3783 est,
2108 3731 2320 3789 quanto
2350 3729 2507 3772 aetate
2536 3730 2616 3773 est
2635 3717 2849 3788 junior.
2879 3721 2962 3773 Ae
2990 3720 3176 3774 noecio
3199 3738 3270 3774 an
3299 3721 3371 3773 si-

1818 3802 2124 3856 milimodo
2153 3803 2513 3876 explicandus
2525 3805 2592 3858 sit
2612 3803 2807 3874 junior
2835 3805 2930 3859 ille
2943 3803 3184 3860 Cadmus
3213 3806 3371 3859 Mile-

1818 3888 1928 3941 sius
1966 3888 2289 3955 historicus,
2315 3907 2483 3961 quem
2507 3889 2704 3950 Snidas
2729 3885 2891 3947 Λύσιν
2914 3889 3170 3967 ἐρωτικῶν
3193 3892 3371 3946 παθῶν

1819 3973 1872 4028 ἐν
1893 3969 2108 4049 βιὸλίοις
2124 3970 2166 4029 δ’
2189 3976 2463 4047 scripsisse
2482 3974 2639 4030 dicit.
2661 3977 2770 4047 Qui
2796 3976 3022 4049 quidem
3047 3978 3235 4031 titulus
3257 3988 3371 4030 tum

1819 4078 1924 4132 per
1944 4078 2001 4115 se
2023 4073 2306 4132 suspectus
2327 4056 2664 4135 est(”),tum
2684 4063 2827 4117 male
2859 4062 3098 4134 quadrat
3131 4080 3258 4118 cum
3283 4064 3375 4117 Hi-

1862 4312 1867 4319 .
1890 4268 1950 4326 (Ἴ
1987 4267 2237 4327 Nonnulli,
2279 4266 2351 4315 uti
2377 4269 2639 4316 Homerum
2667 4267 3002 4316 Atheniensem
3034 4266 3280 4325 feceruut,
3304 4267 3374 4315 sic

1827 4335 2090 4385 Pbo‘nicias
2113 4336 2343 4385 literas‘iu
2360 4336 2517 4384 Attica
2530 4336 2593 4385 ab
2606 4340 2833 4385 Actaeone
2850 4336 3066 4385 inventas
3082 4338 3130 4385 et
3147 4335 3208 4384 de
3231 4336 3372 4385 Plue-

1822 4406 1927 4454 nice
1944 4406 2049 4466 ejus
2062 4405 2160 4454 fllia
2188 4405 2456 4454 nominatas
2477 4406 2717 4454 dixerunt.
2746 4408 2808 4456 V.
2843 4406 3142 4454 scammonia
3165 4408 3276 4469 Περὶ
3301 4409 3373 4455 εὑ·

1826 4475 2047 4538 ρημάτων
2072 4475 2132 4525 st.
2167 4481 2212 4524 2.
2253 4474 2454 4537 Reliqua
2482 4477 2756 4524 commenta
2781 4488 3024 4524 recensere
3054 4473 3116 4524 ad
3149 4488 3229 4524 me
3259 4476 3374 4525 nihii

1827 4544 2020 4593 attinet.

1885 4614 1983 4673 (**).
2008 4632 2032 4653 «
2067 4613 2253 4661 Vellem
2284 4611 2607 4671 Gaist'ordius)
2632 4615 2912 4675 argumenta
2930 4612 3128 4662 istorum
3145 4612 3376 4663 librorum

1827 4683 1973 4732 verbo
2000 4681 2254 4741 tetigisset3
2277 4694 2391 4730 nam
2413 4682 2544 4743 quod
2573 4683 2621 4730 in
2653 4683 2833 4732 latinis
2850 4684 2953 4731 erat
2973 4686 3184 4745 scripsit
3211 4696 3376 4732 reme-

1826 4753 1917 4801 dia
1939 4753 2162 4808 amoris,
2195 4750 2319 4798 alius
2352 4750 2608 4799 crediderit
2629 4752 2692 4801 ab
2715 4752 2905 4800 homine
2929 4754 3098 4801 Groeeo
3128 4751 3244 4800 talia
3273 4766 3379 4814 pro·

1826 4820 2025 4869 venisse.
2051 4819 2273 4881 Suspicor
2300 4832 2401 4868 esse
2425 4820 2749 4882 reponendum
2769 4823 2997 4882 Συλλογὴν
3019 4821 3249 4883 ἐρωτικῶν
3272 4820 3327 4880 δ’,
3351 4843 3374 4864 1.

1828 4893 2139 4939 Bruanium.
2157 4887 2356 4937 codices
2367 4889 2483 4937 nihil
2496 4890 2801 4952 suppeditant
2815 4910 2825 4938 :
2838 4892 2882 4939 λ.
2900 4892 2964 4953 ἐρ.
2985 4890 3176 4953 βιὸλίων
3189 4889 3226 4938 δ’
3242 4891 3367 4939 codd

1827 4962 1864 5008 B
1881 4960 1947 5017 ῦς
1967 4960 2012 5006 λ.
2027 4957 2093 5018 ἐρ.
2115 4956 2304 5018 βιὸλίων
2324 4955 2380 5006 ιδ’
2397 4957 2473 5006 ed.
2497 4958 2702 5016 Medion
2725 4960 2769 5008 λ.
2790 4959 2829 5006 ἐ.
2847 4961 3007 5007 παθῶν
3025 4959 3126 5007 sine
3150 4958 3381 5008 librorum

1828 5031 1942 5076 neta
1978 5028 2085 5074 cod.
2125 5029 2199 5087 V3
2221 5028 2263 5073 λ.
2286 5027 2325 5074 ε.
2346 5028 2507 5075 παθῶν
2529 5028 2576 5076 ἐν
2598 5028 2722 5089 βιὸλ.
2755 5028 2964 5089 τέτταρσι
2992 5027 3100 5076 cod.
3133 5033 3200 5085 Α;
3241 5028 3383 5088 vulgo

1830 5100 1873 5145 ὶ.
1892 5100 1931 5145 ἑ.
1954 5099 2112 5145 παθῶν
2135 5097 2180 5144 ἐν
2203 5096 2395 5158 βιῶίοις
2419 5095 2488 5145 ιδ’.
3335 5136 3342 5143 .
