3900 6042
708 455 774 497 u·
1880 431 2305 493 PRAEFATIO.

711 571 837 665 qui
880 594 962 639 ex
1012 570 1241 663 prisca
1291 566 1736 637 beatitudine
1775 569 2184 664 Hesperiam
2235 591 2510 638 servare
2551 568 2912 639 somniant
2969 570 3360 644 immensos
3411 588 3483 645 et

712 688 1171 761 inexhaustos
1233 712 1613 784 graecarum
1676 688 2043 759 literarum
2101 679 2511 772 thesauros;
2581 711 2765 783 quos
2812 687 3036 758 turbae
3085 689 3479 779 intestinae,

710 810 1109 906 ignorantia
1133 825 1203 881 et
1232 808 1529 898 invidia,
1559 810 1819 906 triceps
1852 811 2237 899 Cerberus,
2268 835 2308 881 a
2334 810 2496 881 luce
2522 809 2954 905 prohibeant
2988 810 3232 882 {haud
3257 837 3478 909 pauca

713 947 947 1002 tamen
991 956 1075 1001 ex
1120 930 1375 1002 ultimo
1417 930 1559 1003 hoc
1612 955 1889 1001 recessu
1938 930 2258 1026 protrahi
2303 943 2610 1025 possunt
2646 943 2800 999 tum
2848 953 3031 999 nova
3085 945 3241 1001 tum
3287 932 3477 1002 notis

714 1054 1023 1124 meliora.
1078 1056 1403 1139 Quorum
1462 1054 1536 1122 in
1599 1077 1900 1123 numero
1961 1051 2185 1122 codex
2236 1052 2503 1121 eminet
2564 1049 2909 1121 mausolei
2971 1053 3480 1141 ScorialensiS,

712 1176 914 1269 cujus
957 1175 1180 1246 libros
1238 1175 1761 1269 manuscriptos
1797 1189 1879 1243 ut
1924 1199 2072 1244 non
2139 1173 2365 1245 oculis
2407 1187 2686 1242 tantum
2722 1196 3061 1267 usurpare
3102 1173 3229 1243 sed
3273 1198 3485 1269 quos-

711 1319 1019 1391 cumque
1050 1294 1392 1365 vellemus
1424 1294 1827 1364 describere
1860 1296 2072 1364 etiam
2101 1295 2410 1381 daretur,
2443 1318 2722 1364 summa
2757 1294 2992 1364 effecit
3019 1298 3481 1378 szvnnoms

711 1432 781 1486 et
810 1424 1224 1503 δωρειαῖς,
1267 1414 1722 1485 bibliotheca}
1762 1416 2296 1510 praefectorum,
2342 1414 2415 1484 in
2449 1438 2586 1483 nos
2627 1413 3032 1483 humanitas
3066 1430 3136 1483 et
3166 1415 3478 1486 benevo-

710 1528 947 1607 lentia.
972 1539 1263 1632 Agimus
1290 1538 1460 1607 viris
1480 1538 1554 1606 in
1582 1538 1827 1633 paucis
1856 1536 2291 1609 doctissimis
2321 1560 2404 1605 ex
2430 1536 2673 1605 animo
2697 1536 2971 1630 gratias,
3001 1539 3224 1629 Igitur
3253 1536 3470 1607 codex

710 1659 855 1745 ille,
909 1659 1110 1753 cujus
1176 1661 1618 1729 mentionem
1682 1659 1926 1752 injeci,
1979 1659 2396 1729 chartaceus
2441 1671 2548 1725 est
2594 1654 2855 1743 in-fol.‚
2901 1681 3037 1725 sec.
3083 1661 3280 1743 XVI,
3325 1682 3473 1726 non

709 1780 955 1850 eadem
988 1794 1180 1851 totus
1214 1804 1427 1849 manu
1479 1794 1820 1850 exaratus.
1857 1779 2198 1849 Continet
2225 1803 2390 1854 vero
2425 1792 2590 1872 post
2625 1777 2881 1847 AEliani
2921 1778 3301 1847 Historiam
3350 1782 3479 1849 Va-

708 1904 882 1972 riam
927 1929 941 1970 z
989 1905 1127 1996 Περὶ
1180 1899 1506 1971 ἐπιὲουλῶν
1558 1904 1715 1970 κατὰ
1764 1905 2053 1989 βασιλέων
2106 1912 2416 1995 γεγονυιῶν
2476 1902 2726 1994 ἐκλογάς
2778 1897 2935 1991 (fol.
2999 1900 3157 1994 74),
3213 1898 3480 1994 quibus

710 2024 1138 2094 exhibentur
1171 2039 1497 2119 excerpta
1556 2027 1865 2095 Νικολάου
1924 2028 2359 2117 Δαμασκηνοῦ,
2395 2019 2645 2089 Ῐωοίννου
2696 1995 3030 2116 Ᾱντιοχέως
3082 2019 3238 2112 (fol.
3282 2044 3408 2114 107
3427 2021 3476 2114 ),

712 2150 1001 2243 Γεωργίου
1037 2159 1298 2241 μοναχοῢ
1341 2145 1498 2238 (fol.
1568 2145 1761 2243 169),
1807 2142 2101 2240 Διοδώρου
2128 2151 2485 2212 Σικελιώτου
2529 2142 2688 2235 (fol.
2730 2141 2926 2237 176),
2974 2145 3282 2212 Διονυσίου
3333 2142 3482 2211 Ᾱλι-

710 2271 1082 2360 καρνασσέως
1122 2266 1278 2360 (fol.
1347 2267 1537 2358 188).
1590 2268 1943 2361 Deinceps
1999 2264 2132 2335 alia
2187 2279 2585 2359 sequuntur
2633 2263 3014 2359 opuscula,
3075 2289 3230 2359 quae
3283 2287 3479 2334 nunc

714 2388 901 2459 nihil
922 2413 1272 2459 curamus.
1300 2392 1640 2485 Excerpta
1672 2388 1861 2458 tituli
1891 2384 2464 2458 Constantiniani
2493 2408 2532 2452 e
2563 2384 2808 2454 codice
2833 2383 3190 2453 fluxerunt
3226 2384 3300 2453 in
3332 2408 3478 2479 quo

712 2508 897 2578 ordo
948 2507 1283 2579 foliorum
1320 2507 1691 2601 (similiter
1746 2522 1958 2602 atque
2019 2505 2092 2573 in
2143 2506 2536 2574 Turinense
2582 2504 2742 2574 cod.
2794 2505 2981 2574 tituli
3033 2508 3175 2600 Περὶ
3221 2505 3478 2600 ἀρετῆς)

713 2626 1024 2697 subinde
1053 2626 1509 2721 perturbatus
1534 2641 1702 2697 erat.
1734 2626 1948 2710 Quod
1974 2650 2124 2697 non
2141 2625 2710 2696 animadvertens
2736 2625 2998 2713 scriba,
3031 2627 3250 2697 homo
3266 2624 3479 2721 plane

712 2748 953 2836 rudiS,
1004 2749 1078 2816 in
1124 2747 1443 2817 medium
1491 2748 1813 2841 Dionysii
1870 2748 2343 2843 fragmentum
2387 2747 2628 2818 locum
2690 2746 2964 2841 Polybii
3032 2746 3479 2843 peramplum

711 2869 1005 2939 infarsit.
1047 2868 1335 2962 Egregio
1359 2868 1500 2938 hoc
1528 2867 1797 2939 librarii
1831 2884 2123 2965 stupore
2160 2866 2505 2938 docemur
2566 2867 2890 2937 codicem
2931 2892 3016 2937 ex
3051 2893 3197 2963 quo
3239 2883 3480 2938 nostra

712 2989 926 3059 ducta
979 3004 1180 3076 sunt,
1218 2988 1428 3058 etiam
1477 2988 1752 3083 Polybii
1788 3006 1859 3060 et
1908 2990 2200 3061 fortasse
2239 2989 2543 3060 aliorum
2576 2988 3084 3060 historicorum
3133 2993 3479 3084 Excerpta

713 3110 1160 3180 continuisse
1204 3108 1313 3179 vel
1359 3126 1606 3205 postea
1650 3135 1691 3179 a
1747 3110 2111 3183 volumine
2162 3112 2432 3200 avulsa,
2484 3110 2594 3181 vel
2646 3110 2735 3181 de
2777 3110 3127 3181 industria
3167 3136 3206 3180 a
3244 3112 3476 3183 scriba

713 3230 996 3299 omissa.
1047 3232 1218 3314 Quze
1259 3228 1553 3324 quidem
1594 3229 1866 3323 jactura
1908 3246 2108 3303 tanto
2158 3235 2378 3328 magis
2425 3232 2735 3303 dolenda
2776 3248 2908 3318 est,
2954 3232 3152 3328 quod
3193 3234 3480 3327 Eclogas

716 3350 869 3421 illas
921 3352 996 3420 in
1043 3352 1317 3421 intimis
1359 3347 1673 3422 historiae
1711 3352 2199 3447 penetralibus
2244 3353 2504 3422 versari
2549 3367 2702 3421 tum
2749 3376 2834 3421 ex
2877 3352 3035 3448 ipso
3084 3351 3294 3421 titulo
3337 3354 3477 3446 Περὶ

712 3470 1045 3542 ἐπιδουλῶν
1085 3471 1499 3565 conjicitur,
1552 3488 1704 3541 tum
1755 3487 1954 3567 parte
1999 3474 2376 3569 superstite
2411 3473 2811 3543 luculenter
2855 3472 3247 3544 admodum
3291 3498 3466 3544 con-

713 3592 1057 3663 firmatur.
1100 3598 1433 3664 Ceterum
1476 3592 1642 3663 libri
1678 3593 2138 3686 Scorialensis
2165 3595 2309 3664 hoc
2347 3593 2505 3664 loco
2539 3572 2916 3690 propterea
2944 3594 3248 3664 maxime
3273 3618 3474 3663 men-

697 3714 984 3784 tionem
1043 3712 1367 3801 fecimus,
1415 3713 1614 3809 quod
1663 3712 2050 3808 fragmenta
2086 3739 2125 3784 e
2175 3719 2508 3786 Dionono
2560 3730 2631 3785 et
2673 3722 2986 3786 Pom-nto
3049 3715 3474 3812 deprompta

717 3850 1075 3929 tamquam
1114 3834 1692 3929 supplementum
1726 3836 1817 3906 ad
1853 3836 2271 3907 Didotianas
2310 3837 2571 3908 horum
2614 3838 3046 3933 scriptorum
3089 3836 3478 3923 editioneS‚

715 3955 1107 4051 praefationi
1132 3971 1391 4026 nostrae
1424 3956 1798 4027 subtexere
1839 3957 2127 4052 placuit.
2167 3958 2597 4030 Addidimus
2619 3962 2827 4030 etiam
2859 3964 3274 4053 Fragmenta
3307 3964 3475 4029 Dio-

716 4102 929 4165 nysu,
960 4101 1125 4147 cum
1153 4077 1291 4147 illis
1309 4077 1673 4172 jungenda
1692 4131 1710 4166 ,
1735 4103 1891 4173 quae
1920 4103 2150 4176 nuper
2178 4106 2218 4149 e
2249 4082 2457 4151 titulo
2481 4086 2622 4177 Περὶ
2652 4083 3173 4177 στρατηγημάτων
3216 4082 3301 4149 ad
3343 4082 3477 4151 cal·

712 4192 867 4269 cem
905 4199 1194 4294 Josephi
1225 4200 1502 4269 edenda
1532 4201 1955 4270 curavimus,
1985 4200 2187 4289 Vale,
2221 4201 2462 4290 lector,
2504 4184 2818 4297 faveque.

868 4375 1117 4445 ParisiiS‚
1140 4394 1325 4431 mense
1354 4378 1555 4431 martio
1586 4395 1975 4431 uncccxwm.

2153 4562 2550 4629 CAROLUS
2601 4559 3138 4629 MUELLERUS.
