3900 6042
510 466 619 514 484

507 585 670 664 φυλῆς
696 571 827 639 εἶναι
858 578 1117 655 ἀνάθημα.
1146 606 1170 633 s
1256 579 1359 640 Καὶ
1389 578 1541 643 αὐτὸς
1570 577 1861 648 Ἀνδοκίδης
1896 580 1949 637 ἐν
1987 581 2062 660 τῷ

511 670 642 747 Περὶ
670 672 770 727 τῶν
801 668 1097 747 μυστηρίων
1123 664 1203 725 ὅτι
1227 671 1320 738 τῆς
1351 667 1594 743 Αἰγηίδος
1618 666 1699 737 εἴη
1728 668 1786 725 τὸ
1816 666 2062 743 ἀνάθημα

509 757 556 815 εί
623 778 730 827 κεν,
770 754 902 813 ὥστε
927 758 954 813 6
980 759 1163 833 Δοῦρις
1192 753 1577 832 αὐτοσχεδιάζει
1606 754 1895 813 Ἀνδοκίδου
1938 753 2066 812 norb

514 780 646 901 είζάι
668 841 856 920 λέγων.

847 975 946 1034 63.
982 974 1111 1051 (01.
1146 994 1245 1050 91,
1274 995 1342 1047 23
1370 995 1421 1031 a.
1453 977 1514 1033 C.
1548 974 1724 1050 415.)

589 1115 867 1171 Plutarch.
908 1115 1112 1188 Agesil.
1158 1131 1208 1171 c.
1254 1113 1287 1169 3
1322 1131 1337 1171 :
1389 1110 1754 1177 Βασιλεύοντος
1783 1112 1827 1170 δ’
1863 1109 2067 1189 Ἄγιδος

516 1194 641 1270 ἧκεν
670 1199 996 1269 Ἀλκιὸιάδης
1027 1202 1085 1257 ἐκ
1112 1198 1355 1265 Σικελίας
1382 1199 1544 1278 φυγὰς
1571 1201 1640 1264 εἷς
1664 1199 2062 1274 Λακεδαίμονα·

512 1285 602 1344 καὶ
629 1284 813 1364 χρόνον
838 1284 981 1343 οὔπω
1008 1283 1169 1343 πολὺν
1190 1288 1241 1343 ἐν
1270 1289 1336 1364 τῇ
1359 1287 1507 1344 πόλει
1535 1285 1726 1363 διάγων
1748 1285 1917 1343 αἰτίαν
1944 1285 2066 1363 ἔσχε

512 1378 578 1453 τῇ
605 1373 811 1451 γυναικὶ
848 1378 936 1431 τοῦ
987 1372 1241 1450 βασιλέως
1280 1373 1489 1453 Τιμαίᾳ
1528 1382 1771 1433 συνεῖναι.
1858 1373 1966 1433 Καὶ
2008 1372 2066 1430 τὸ

509 1458 745 1536 γεννηθὲν
767 1459 818 1527 ἐξ
845 1461 999 1529 αὐτῆς
1018 1458 1286 1537 παιδάριον
1311 1461 1405 1517 οὐκ
1427 1458 1523 1537 ἔφη
1545 1458 1815 1534 γινώσκειν
1832 1463 1860 1518 6
1877 1451 2024 1535 1Ἆγις
2041 1502 2056 1529 ,

512 1548 626 1604 ἀλλ’
658 1546 710 1614 ἐξ
737 1545 1065 1605 Ἀλκιὸιάδου
1096 1545 1381 1622 γεγονέναι.
1411 1550 1582 1606 Τοῦτο
1604 1546 1660 1604 δὲ
1690 1548 1748 1605 οὗ
1777 1546 1912 1604 πάνυ
1940 1547 2066 1604 δυσ·

510 1633 672 1697 κόλως
703 1632 794 1704 τὴν
834 1634 1067 1710 Τιμαίαν
1106 1635 1325 1710 ἐνεγκεῖν
1367 1632 1494 1710 φησὶ
1534 1637 1751 1710 Δοῦρις,
1796 1632 1929 1690 ἀλλὰ
1974 1632 2064 1690 καὶ

507 1720 868 1800 ψιθυρίζουσαν
913 1721 1043 1780 οἴκοι
1073 1721 1200 1797 πρὸς
1228 1719 1319 1787 τὰς
1356 1719 1619 1785 εἱλωτίδας
1642 1719 1975 1789 Ἀλκιὸιάδην
2005 1717 2062 1778 τὸ

506 1808 732 1879 παιδίον,
759 1811 817 1867 οὗ
853 1808 1208 1886 Λεωτυχίδην,
1238 1809 1435 1866 καλεῖν.
1521 1806 1627 1866 Καὶ
1656 1805 1830 1881 μέντοι
1858 1806 1947 1864 καὶ
1975 1808 2060 1864 τὸν

508 1894 840 1965 Ἀλκιὸιάδην
886 1894 1038 1951 αὐτὸν
1087 1895 1144 1950 οὐ
1186 1893 1311 1971 πρὸς
1352 1892 1497 1972 ὔὸριν
1540 1894 1699 1971 φάναι
1743 1897 1807 1971 τῇ
1853 1892 2061 1974 Τιμαίᾳ

507 1982 829 2050 πλησιάζειν,
854 1980 992 2037 ἀλλὰ
1026 1978 1448 2056 φιλοτιμούμενον
1482 1976 1845 2055 βασιλεύεσθαι
1875 1982 2059 2058 Σπαρ-

508 2067 686 2130 τιάτας
713 2064 812 2123 ὑπὸ
840 2069 941 2122 τῶν
971 2064 1021 2131 ἐξ
1045 2068 1230 2122 ἑαυτοῦ
1258 2064 1560 2141 γεγονότων.
1590 2067 1752 2124 Conf.
1778 2069 2060 2126 Plutarch.

506 2157 592 2210 De
618 2156 788 2210 anim.
821 2164 1002 2226 tranq.
1030 2173 1091 2227 p.
1121 2153 1255 2222 467,
1288 2153 1557 2226 Lysandr.
1582 2172 1632 2211 c.
1658 2172 1752 2221 αα,
1778 2153 2058 2214 Alcibiad.

510 2241 604 2299 23.
626 2242 893 2314 Xenoph.
920 2243 1142 2297 Hellen.
1180 2241 1302 2309 111,
1340 2242 1372 2296 3
1393 2282 1409 2309 ‚
1449 2262 1495 2298 1.
1527 2272 1605 2284 --
1633 2237 1933 2318 εἱλωτίδας]
1964 2242 2052 2300 Cf.

508 2329 729 2386 Mfiller.
766 2330 891 2384 Dor.
924 2329 1006 2396 ll,
1032 2334 1126 2393 41.

844 2487 942 2553 64.
992 2486 1117 2562 (01.
1147 2490 1253 2560 93,
1293 2505 1355 2557 13
1384 2505 1437 2545 a.
1464 2488 1527 2543 C.
1557 2487 1717 2563 408.)

583 2626 860 2683 Plutarch.
892 2626 1076 2682 Alcib.
1110 2644 1161 2683 c.
1198 2625 1270 2681 32
1300 2643 1313 2683 :
1361 2622 1430 2683 ‘O
1457 2622 1501 2680 δ’
1530 2621 1889 2695 Ἀλκιὸιάδης,
1934 2622 2056 2679 ἰδεῖν

504 2734 561 2769 τε
585 2715 755 2769 ποθῶν
787 2711 886 2781 ἤδη
916 2710 982 2767 τὰ
1011 2710 1138 2768 οἴκοι
1168 2710 1258 2768 καὶ
1293 2709 1369 2768 ἔτι
1396 2711 1594 2786 μᾶλλον
1630 2712 1847 2784 ὀφθῆναι
1878 2709 2062 2788 βουλό·

505 2812 653 2864 μενος
674 2791 779 2855 τοῖς
806 2790 1039 2854 πολίταις
1061 2787 1338 2860 νενικηκὼς
1363 2790 1479 2855 τοὺς
1497 2788 1776 2865 πολεμίους
1798 2787 2057 2846 τοσαυτά-

505 2899 583 2942 κις
622 2877 822 2955 ἀνήχθη
842 2921 860 2951 ,
886 2878 1102 2942 πολλαῖς
1143 2876 1238 2951 μὲν
1274 2877 1459 2934 ἀσπίσι
1482 2876 1572 2933 καὶ
1608 2877 1855 2957 λαφύροις
1880 2876 2057 2955 κύκλῳ

507 2963 913 3040 κεκοσμημένων
938 2967 1041 3021 τῶν
1072 2962 1312 3021 Ἀττικῶν
1349 2962 1593 3042 τριήρων,
1622 2963 1816 3027 πολλὰς
1846 2962 1891 3019 δ’
1911 2964 2059 3041 ἐφελ·

504 3050 715 3123 κόμενος
740 3048 1122 3127 αἰχμαλώτους,
1145 3048 1221 3106 ἔτι
1243 3049 1296 3106 δὲ
1316 3050 1481 3107 πλείω
1503 3049 1726 3123 κομίζων
1751 3049 2059 3128 ἀκροστόλια

504 3140 606 3194 τῶν
632 3136 1017 3215 διεφθαρμένων
1043 3135 1130 3192 ὑπ’
1151 3138 1309 3192 αὐτοῦ
1330 3134 1419 3194 καὶ
1434 3133 1855 3213 κεκρατημένων.
1881 3126 2059 3195 Ἦσαν

505 3225 606 3303 γὰρ
654 3226 746 3281 οὐκ
789 3222 1029 3288 ἐλάττους
1075 3222 1464 3302 συναμφότεραι
1516 3221 1812 3282 διακοσίων.
1896 3220 1959 3281 Ἃ
2003 3221 2058 3280 δὲ

507 3314 689 3389 Δοῦρις
710 3314 737 3368 6
768 3309 998 3384 Σάμιος,
1029 3309 1357 3368 Ἀλκιὸιάδου
1384 3309 1596 3391 φάσκων
1624 3309 1870 3386 ἀπόγονος
1889 3300 2021 3367 εἶναι
2039 3353 2054 3380 ,

503 3491 606 3528 esse
624 3478 877 3528 Andocidis
906 3478 990 3527 sed
1012 3478 1216 3540 AEgeidis
1234 3478 1389 3528 tribus
1407 3478 1675 3528 donarium.
1701 3499 1725 3523 n
1749 3482 1805 3529 st
1824 3479 1927 3541 ipse
1957 3484 2058 3529 An·

502 3553 697 3604 decides
714 3556 764 3605 in
782 3554 998 3604 oratione
1018 3559 1086 3605 De
1103 3557 1340 3619 mysteriis
1360 3556 1478 3606 dicit
1494 3569 1597 3606 esse
1613 3570 1726 3607 eum
1751 3556 1955 3618 AEgeidis
1973 3557 2059 3606 do-

504 3632 711 3681 narium.
752 3632 1026 3681 Hariolatur
1046 3634 1191 3693 igitur
1216 3633 1385 3694 Duris,
1413 3637 1497 3696 qui
1533 3648 1647 3684 eum
1671 3635 1927 3685 Andocidis
1959 3648 2062 3685 esse

501 3711 587 3760 ait.

1239 3801 1326 3852 63.

569 3912 717 3977 Agide
739 3916 965 3976 regnante
992 3915 1257 3966 Alcibiades
1273 3929 1336 3966 ex
1354 3916 1512 3968 Sicilia
1530 3917 1644 3967 exul
1668 3918 2061 3968 Lacedaemonem

502 3992 636 4042 venit.
648 4029 664 4054 ,
679 4005 835 4054 neque
850 3993 935 4042 diu
958 3992 1024 4042 ibi
1060 3994 1150 4043 fnit
1164 4027 1181 4055 ,
1212 4006 1365 4056 quum
1384 4007 1552 4044 rumor
1570 3995 1785 4054 exstitit,
1808 4008 1925 4045 eum
1941 4009 2052 4045 cum

503 4083 656 4121 uxore
686 4071 844 4134 Agidis
864 4084 964 4121 rem
985 4071 1177 4122 babere.
1199 4073 1372 4123 Filium
1392 4072 1588 4135 quidem
1611 4087 1672 4123 ex
1694 4087 1751 4123 ea
1776 4076 1943 4123 natum
1972 4088 2057 4125 rex

502 4160 600 4199 non
620 4149 812 4209 agnovit
830 4161 972 4198 suum
1000 4162 1103 4199 esse
1117 4186 1131 4208 ,
1154 4149 1238 4199 sed
1275 4150 1527 4199 Alcibiadis
1550 4164 1653 4201 esse
1668 4150 1815 4212 dixit3
1839 4164 1995 4214 neque
2012 4151 2058 4201 id

504 4226 702 4276 moleste
722 4226 982 4276 admodum
1014 4229 1247 4278 Timaeam
1266 4229 1432 4279 tulisse
1456 4228 1593 4279 Duris
1610 4229 1803 4290 scribit,
1833 4230 2061 4291 domique

503 4302 689 4352 ancillis
714 4317 889 4353 nomen
922 4304 1057 4367 pueri
1092 4318 1190 4353 non
1236 4306 1573 4368 Leotychidem
1589 4342 1604 4367 ,
1641 4307 1723 4356 sed
1765 4306 2059 4356 Alcibiadem

503 4380 824 4441 insusurasse3
848 4380 1138 4431 Alcibiadem
1157 4395 1351 4445 quoque
1364 4381 1556 4444 dixisse,
1576 4396 1673 4431 non
1692 4382 1899 4432 libidinis
1912 4396 2060 4433 causa

504 4468 556 4505 se
582 4468 694 4505 cum
713 4456 894 4505 Timaea
912 4457 1104 4520 coiisse,
1127 4470 1297 4507 verum
1328 4459 1377 4507 id
1397 4458 1704 4509 affectantem
1717 4495 1733 4520 ,
1766 4462 1821 4509 ut
1841 4459 2058 4521 Spartani

503 4533 567 4583 ab
586 4533 733 4595 ipsius
750 4534 885 4595 prole
903 4537 1198 4595 regerentur.

1230 4637 1317 4686 64.

564 4765 829 4817 Alcibiades
854 4768 905 4816 et
940 4766 1098 4816 videre
1123 4768 1224 4828 jam
1260 4767 1534 4819 desiderans
1556 4769 1760 4831 patriam
1777 4806 1792 4830 ‚
1827 4773 1877 4819 et
1905 4769 2056 4833 magis

504 4844 648 4894 etiam
670 4842 818 4893 videri
851 4856 903 4893 se
924 4844 1121 4906 cupiens
1143 4856 1173 4893 a
1200 4844 1387 4895 civibus
1415 4845 1540 4907 suis,
1576 4845 1753 4908 quibus
1786 4847 1861 4895 tot
1886 4849 2054 4896 contra

503 4920 663 4970 hostes
717 4921 973 4982 peperisset
1015 4920 1267 4981 victorias,
1318 4921 1527 4971 Athenas
1564 4925 1782 4972 revectus
1827 4927 1901 4973 est
1941 4937 2055 4974 cum

505 4991 683 5051 classe3
711 4992 846 5039 erant
859 4994 1020 5039 autem
1040 5004 1190 5053 quum
1219 4991 1385 5041 multis
1402 4992 1578 5054 clypeis
1599 4995 1648 5041 et
1664 4993 1823 5054 spoliis
1841 4994 2053 5056 undique

504 5069 746 5115 exornatae
780 5067 950 5116 Atticae
981 5067 1229 5126 triremeS,
1249 5072 1357 5117 tum
1395 5080 1619 5130 mgnum
1652 5071 1758 5130 post
1779 5084 1831 5118 se
1853 5071 2056 5132 captiva·

504 5156 613 5190 rum
635 5154 889 5191 numerum
912 5143 1159 5205 trahebat,
1196 5148 1444 5206 rostraque
1463 5158 1492 5193 a
1517 5158 1570 5193 se
1599 5145 1837 5195 victarum
1875 5150 1924 5196 et
1956 5160 2054 5208 pes-

504 5218 832 5269 sumdaturum
850 5221 1045 5269 navium
1064 5222 1192 5271 baud
1216 5222 1497 5285 pauciorum
1516 5222 1735 5274 ducentis
1756 5238 1917 5274 secum
1939 5226 2057 5275 infe·

1856 450 2165 514 Dumms
2206 445 2419 513 saun

2153 579 2458 659 προστίθησι
2477 577 2705 654 τούτοις,
2735 579 2908 637 αὐλεῖν
2933 572 3027 655 μὲν
3049 578 3274 657 εἰρεσίαν
3305 582 3414 645 τοῖς
3443 579 3724 641 ἐλαύνουσι

2155 667 2478 746 Χρυσόγονον
2512 665 2599 723 τὸν
2629 665 2962 739 Πυθιονίκην,
2993 665 3222 724 κελεύειν
3251 665 3307 724 δὲ
3339 669 3724 741 Καλλιππίδην

2154 754 2241 811 τὸν
2275 756 2378 811 τῶν
2413 754 2716 832 τραγῳδιῶν
2767 751 3068 833 δποκριτὴν,
3115 752 3306 810 στατὸν
3361 754 3457 812 καὶ
3505 753 3722 822 Eucti&

2154 839 2243 898 καὶ
2271 838 2358 896 τὸν
2390 839 2546 897 ἄλλον
2592 838 2865 917 ἐναγώνιον
2895 838 3264 918 ἀμπεχόμενον
3301 838 3531 917 κόσμον,
3570 844 3726 925 ἱστίῳ

2155 927 2200 984 δ’
2227 926 2462 1005 ἁλουργῷ
2487 925 2583 997 τὴν
2616 926 2907 1006 ναυαρχίδα
2937 925 3320 1007 προσφέρεσθαι
3345 936 3456 992 τοῖς
3483 931 3722 1005 λιμέσιν,

2155 1011 2330 1092 ὥσπερ
2357 1014 2416 1070 ἐκ
2446 1012 2602 1086 μέθης
2640 1014 3086 1089 ἐπικωμάζοντος,
3114 1012 3232 1072 οὗτε
3257 1013 3589 1089 Θεόπομπος
3615 1016 3726 1075 οὔτ’

2153 1098 2377 1178 Ἔφορος
2401 1098 2517 1157 οὕτε
2535 1166 2538 1173 .
2557 1099 2802 1178 Ξενοφῶν
2829 1100 3105 1179 γέγραφεν·
3133 1098 3242 1157 οὔτ’
3272 1101 3410 1165 εἰκὸς
3437 1092 3504 1173 ἦν
3554 1101 3722 1169 οὕτως

2155 1189 2466 1267 ἐντρυφῆσαι
2515 1188 2620 1253 τοῖς
2657 1185 2942 1255 Ἀθηναίοις
2975 1185 3110 1264 μετὰ
3159 1184 3326 1265 φυγὴν
3366 1188 3467 1245 καὶ
3514 1213 3728 1271 συμφο-

2156 1273 2246 1352 ρὰς
2292 1273 2550 1340 τοσαύτας
2597 1274 2999 1352 κατερχόμενον.
3046 1278 3128 1332 Ex
3177 1278 3402 1333 Dur-ide
3466 1279 3726 1337 hauserit

2153 1365 2449 1419 Athenaeus
2467 1360 2595 1432 ΧΠ,
2619 1382 2675 1436 p.
2709 1361 2849 1433 535,
2875 1365 2934 1420 C.
2960 1364 3046 1421 Cf.
3062 1364 3312 1421 Diodor.
3343 1365 3526 1435 XIII,
3551 1368 3652 1438 68,
3663 1381 3730 1422 ut

2152 1451 2367 1504 mittam
2395 1451 2642 1523 reliquos
2663 1452 2723 1505 in
2748 1469 2811 1507 re
2833 1452 3136 1507 notissima.
3153 1450 3600 1510 -Ἀλκι6ιάδοιι
3625 1455 3724 1531 φά-

2153 1558 2290 1592 σκων
2316 1536 2563 1609 ἀπόγονος
2574 1525 3081 1613 s'fvm]«Reputanti
3101 1541 3284 1612 patria
3309 1548 3608 1596 extorrem
3627 1542 3726 1597 diu

2155 1625 2212 1678 in
2235 1627 2400 1680 Samo
2426 1624 2770 1680 Alcibiadem
2793 1627 2964 1699 egisse
2984 1670 3001 1698 ,
3031 1636 3207 1681 castra
3224 1627 3400 1681 etiam
3419 1627 3722 1699 hahuisse,

2151 1712 2459 1765 attendenti
2485 1712 2725 1765 maxime
2747 1713 2963 1785 generis
2993 1714 3488 1795 propinquitatem
3507 1758 3524 1783 ,
3553 1734 3727 1791 quam

2152 1797 2356 1851 Duridi
2386 1799 2590 1851 scimus
2626 1816 2754 1851 cum
2795 1796 3087 1853 Alcibiade
3131 1799 3540 1870 intercessisse,
3586 1806 3728 1859 mihi

2151 1903 2267 1938 non
2291 1884 2563 1938 absonum
2580 1886 2762 1938 visum
2785 1884 2895 1952 est,
2920 1884 3020 1939 sed
3043 1884 3355 1940 admodum
3379 1888 3717 1961 probabile,

2152 1973 2212 2025 in
2249 1971 2562 2027 Same‘orum
2609 1972 2928 2025 Annalibus
2967 1973 3247 2045 prolixius
3293 1973 3370 2029 de
3414 1972 3729 2031 Alcibiade

2152 2057 2315 2143 fuisse
2341 2069 2627 2115 narratum
2658 2082 2681 2105 ν
2717 2059 3033 2117 Hulleman.

2489 2139 2589 2233 255.
2636 2178 2757 2251 (Ol.
2790 2186 2863 2252 94
2885 2220 2902 2248 ‚
2939 2199 2992 2248 13
3023 2199 3076 2235 a.
3107 2180 3169 2237 C.
3200 2177 3363 2257 404.)

2123 2324 2126 2327 2
2228 2297 2509 2354 Plutarch.
2542 2299 2672 2371 LyS.
2712 2317 2764 2352 c.
2803 2297 2871 2352 18
2904 2313 2919 2354 ε
2959 2295 3096 2356 Τότε
3144 2304 3308 2373 (post
3351 2318 3614 2374 pugnam
3655 2298 3725 2357 ad

2151 2388 2581 2461 AEgospotamos
2610 2383 2950 2459 pugnatam)
2991 2383 3034 2440 δ’
3062 2377 3149 2440 οὗν
3187 2387 3215 2441 6
3261 2383 3580 2463 Λύσανδρος
3603 2384 3726 2443 ὅσον

2151 2473 2312 2536 οὐδεὶς
2330 2474 2432 2528 τῶν
2448 2470 2666 2551 πρόσθεν
2689 2470 2961 2539 Ἑλλήνιον
2979 2470 3208 2541 δυνηθεὶς
3229 2472 3399 2529 ἐδόκει
3419 2472 3726 2552 φρονήματι

2150 2558 2238 2616 καὶ
2273 2557 2415 2638 ὄγκῳ
2457 2557 2649 2633 μείζονι
2684 2561 2971 2635 κεχρῆσθαι
3001 2560 3093 2627 τῆς
3125 2556 3413 2630 δυνάμεως.
3501 2558 3728 2637 Πρῶτον

2151 2642 2246 2721 μὲν
2272 2644 2393 2723 γὰρ,
2425 2650 2494 2710 ὡς
2530 2647 2722 2722 ἱστορεῖ
2746 2649 2951 2723 Δοῦρις,
2981 2642 3247 2713 Ἑλλήνων
3272 2645 3464 2724 ἐκείνῳ
3493 2646 3590 2702 καὶ
3621 2650 3727 2724 βω-

2151 2731 2275 2807 μοὺς
2311 2735 2366 2790 αἱ
2403 2733 2576 2798 πόλεις
2609 2730 2900 2801 ἀνέστησαν
2931 2735 3001 2797 ὣς
3026 2734 3126 2810 θεῷ
3153 2730 3243 2789 καὶ
3278 2732 3465 2795 θυσίας
3509 2732 3722 2803 ἔθυσαν,

2150 2821 2220 2886 εἷς
2256 2818 2310 2877 δὲ
2346 2823 2550 2897 πρῶτον
2583 2826 2796 2885 παιᾶνες
2832 2818 3084 2898 ᾔσθησαν,
3120 2809 3190 2877 ὧν
3227 2818 3340 2886 ἐνὸς
3375 2818 3558 2899 ἅρχὴν
3595 2823 3724 2877 ἄπο-

2151 2906 2530 2985 μνημονεύουσι
2557 2906 2776 2964 τοιάνδε·

2335 3030 2428 3080 Τὸν
2450 3029 2662 3084 Ἑλλάδος
2681 3029 2905 3089 ἀγαθέας,

2333 3100 2591 3162 στραταγὸν
2609 3099 2690 3146 ἀπ’
2714 3097 2963 3162 εὐρυχόρου

2337 3169 2857 3296 zssmtg'fflffffv’
2888 3168 2947 3229 5’

2151 3308 2345 3385 Σάμιοι
2383 3306 2435 3367 δὲ
2472 3308 2538 3366 τὰ
2573 3308 2696 3386 παρ’
2742 3311 2912 3395 αυτοῖς
2947 3307 3142 3385 Ἡραῖα
3181 3306 3490 3385 Λυσάνδριι
3535 3310 3723 3368 καλεῖν

2156 3478 2444 3528 Alcibiadem
2479 3480 2726 3527 auctorem
2760 3478 2935 3538 refert,
2979 3477 3338 3540 Chrysogonum
3373 3476 3720 3538 Pythionim

2145 3555 2266 3603 tibia
2299 3555 2567 3617 praecinisse
2615 3554 2871 3616 remigibus
2908 3553 3126 3603 nauticos
3161 3552 3356 3612 modos,
3385 3553 3718 3617 Calliwiden

2143 3633 2483 3695 tragoediarum
2520 3633 2797 3682 histrionem
2814 3668 2830 3695 ,
2863 3635 2990 3683 stato
3032 3635 3086 3682 et.
3111 3631 3296 3694 xysude
3325 3634 3606 3694 ceteroque
3638 3634 3720 3682 lu·

2145 3709 2252 3759 bitu
2290 3708 2608 3772 instructum,
2647 3724 2746 3773 quo
2776 3710 2848 3761 uti
2881 3710 3037 3759 solent
3073 3710 3156 3770 qni
3182 3708 3408 3758 docendis
3439 3709 3640 3761 §ahaua
3671 3711 3718 3759 in

2146 3787 2333 3836 theatro
2352 3789 2566 3848 certant,
2590 3787 2822 3849 remigum
2851 3786 2995 3836 luisse
3026 3786 3317 3835 hortatorem
3334 3822 3350 3847 ,
3383 3799 3579 3837 navem
3599 3801 3718 3850 με·

2145 3865 2320 3913 toriam
2354 3865 2591 3927 explicato
2621 3865 2728 3914 velo
2756 3876 2995 3926 purpureo
3027 3863 3076 3912 in
3104 3866 3296 3926 portum
3318 3864 3560 3926 subiisse,
3579 3878 3716 3928 quan

2143 3940 2226 3991 ille
2243 3941 2451 4004 crapulis
2482 3943 2653 4004 plenus
2682 3955 2740 3990 ex
2784 3940 3127 3989 comessatione
3159 3940 3350 3990 rediret.
3391 3945 3516 3992 Raee
3557 3956 3714 4005 neque

2147 4019 2365 4080 Ephorus
2378 4031 2534 4080 neque
2550 4017 2885 4080 Theopompus
2916 4029 3074 4078 neque
3107 4017 3370 4080 Xenophon
3407 4031 3712 4068 commemo·

2148 4097 2281 4155 rant,
2306 4107 2460 4156 neque
2481 4107 2597 4143 vero
2614 4093 2860 4156 probabile
2881 4097 2954 4143 est
2973 4092 3260 4143 Alcibiadem
3280 4094 3399 4143 adeo
3413 4108 3502 4157 per
3536 4094 3709 4145 luxum

2145 4173 2349 4243 voluisse
2366 4172 2732 4222 Atheniensibus
2754 4171 3001 4233 insultare,
3021 4171 3084 4221 ab
3110 4170 3252 4222 exilio
3273 4173 3519 4236 tantisque
3545 4186 3710 4225 rever·

2146 4263 2252 4298 sum
2275 4262 2491 4299 miserus.

2875 4333 2961 4382 65.

2210 4420 2448 4484 Lysander
2469 4435 2621 4484 quum
2655 4424 2775 4472 tunc
2805 4421 2865 4472 ad
2890 4423 3121 4485 maiorem
3156 4436 3299 4485 quam
3335 4422 3465 4473 ullus
3484 4437 3706 4488 unquam

2146 4503 2342 4551 Graecus
2364 4501 2509 4550 homo
2530 4500 2792 4563 potentiam
2815 4500 3136 4564 pervenisset,
3170 4502 3292 4552 fastu
3315 4505 3478 4551 tamen
3505 4502 3706 4553 videtur

2144 4576 2331 4639 majori,
2353 4590 2497 4639 quam
2522 4590 2608 4640 pro
2626 4591 2713 4627 sua
2737 4579 2966 4641 potentia,
2977 4578 3131 4629 elatus
3147 4579 3305 4628 luisse.
3325 4580 3489 4629 Primo
3504 4581 3640 4629 enim
3659 4578 3702 4628 ei

2144 4656 2425 4703 Graecorum
2443 4656 2492 4703 et
2513 4665 2610 4704 arae
2642 4658 2754 4704 sunt
2789 4667 2818 4704 a
2840 4655 3118 4705 civitatibus
3141 4654 3331 4718 posim,
3351 4658 3407 4705 ut
3435 4657 3584 4707 Duris
3601 4660 3701 4705 tn-

2140 4729 2239 4790 dit,
2261 4732 2493 4792 tanquam
2506 4731 2625 4793 deo,
2658 4731 2707 4780 et
2742 4731 2974 4780 sacrificia
3009 4736 3205 4794 peracta
3223 4730 3273 4781 in
3294 4733 3397 4794 eius
3423 4732 3658 4782 bonorem
3683 4754 3696 4779 :

2142 4806 2295 4877 primo
2330 4810 2545 4857 omnium
2580 4812 2858 4860 Graecorum
2887 4823 3079 4873 poeanes
3094 4815 3210 4862 sunt
3244 4811 3448 4873 cantati,
3487 4824 3696 4876 quoin

2143 4884 2283 4933 unius
2304 4884 2397 4934 boc
2418 4885 2606 4935 initium
2629 4890 3068 4938 commemoratur:

2244 5005 2575 5050 celebrabimus
2592 5006 2775 5052 inclutae

2247 5075 2432 5118 Graeclae
2454 5073 2770 5120 Lacedaemone

2247 5145 2512 5197 prognatum
2532 5143 2695 5188 ducem
2709 5143 2765 5187 ab
2783 5143 2958 5201 amplae

2354 5214 2403 5255 lo
2428 5215 2591 5255 Paean!

507 5299 657 5348 rebat.
680 5298 823 5349 Addit
844 5299 916 5347 his
928 5300 1152 5350 omnibus
1171 5302 1313 5352 Duris
1327 5302 1516 5352 Samius
1530 5338 1545 5363 ‚
1571 5302 1655 5365 qui
1672 5316 1821 5365 genus
1838 5317 1980 5354 stium
1996 5307 2056 5356 ad
2145 5306 2288 5355 Samii
2310 5307 2480 5356 t'aetum
2505 5308 2708 5357 sunonis
2752 5320 2893 5358 suum
2912 5308 3173 5371 Lysandria
3215 5306 3477 5357 vocandum
3509 5317 3683 5357 unxe-
