3900 6042
1533 484 2032 568 FRAGMENTA.

3303 492 3374 541 75

195 624 364 697 syriae,
395 622 491 694 qui
533 620 592 673 in
621 620 836 692 Tigrim
880 613 1094 682 influit,
1137 615 1211 668 cf.
1247 615 1515 687 Xenoph.
1549 614 1729 670 Anah.
1825 631 1970 680 νους,
2000 607 2089 666 καὶ
2122 606 2338 667 Κόνωνα
2375 606 2534 666 πάλιν
2572 606 2923 682 &pensitam
2949 606 3042 674 τὰς
3074 607 3287 679 Ἀθήνας
3314 611 3384 676 εἰς

193 714 264 780 11,
296 716 350 776 4,
381 707 475 763 25.
516 711 604 761 De
632 706 848 778 l‘hysco
875 702 1219 758 Macedoniae
1247 701 1321 756 cs.
1354 713 1475 758 not.
1509 702 1584 757 ad
1618 703 1737 756 An-

194 797 378 873 tigenis
411 795 479 850 fr.
505 813 538 848 α
567 794 631 848 in
658 794 936 865 Scriptor.
963 792 1099 847 Rer.
1126 790 1288 844 Alex.
1322 805 1381 861 p.
1424 788 1552 859 157.

263 1005 418 1062 Idem
444 1023 458 1057 :
489 999 789 1078 Καρδοῦχοι
808 1042 824 1072 ‚
854 998 992 1063 ἔθνος
1020 995 1254 1066 Μηδίας,
1293 997 1361 1060 ὡς
1404 996 1649 1073 Ξενοφῶν
1686 997 1739 1052 ἐν

189 1087 502 1151 Ἀναὸἄσεως
522 1085 569 1159 γ’
600 1095 674 1155 (c.
695 1085 752 1154 Γ),
774 1085 833 1160 9)
848 1106 862 1119 ·
884 1111 909 1134 ι
931 1082 1019 1150 Ἐς
1040 1080 1374 1161 Καρδούχους
1392 1080 1525 1159 ἄγει.
1548 1109 1572 1132 ¹·
1593 1084 1644 1140 Τ
1645 1078 1738 1138 ού-

185 1201 299 1241 τους
321 1175 376 1234 δὲ
398 1174 595 1254 ἔφασαν
622 1174 781 1230 οἰκεῖν
810 1170 911 1227 ἀνὰ
930 1170 995 1228 τὰ
1023 1169 1120 1248 ὄρη
1148 1168 1239 1226 καὶ
1264 1166 1577 1244 πολεμικοὺς
1608 1158 1742 1225 εἶναι

185 1263 273 1321 καὶ
309 1259 563 1339 βασιλέως
597 1260 693 1317 οὐκ
718 1255 945 1315 ἀκούειν.
977 1258 1087 1317 Καὶ
1125 1254 1436 1337 Σοφαίνετος
1474 1257 1527 1314 ἐν
1566 1255 1740 1336 Κύρου

185 1347 438 1407 ἄναὸάσει
461 1345 589 1428 φησὶ
608 1344 733 1422 περὶ
758 1347 949 1404 αὐτῶν.

265 1547 422 1604 Idem
450 1567 464 1602 :
494 1545 727 1622 Τάοχοι,
762 1541 901 1609 ἔθνος
921 1542 1168 1621 ἐνδοτέρω
1204 1547 1294 1600 τοῦ
1317 1541 1538 1601 Πόντου.
1574 1541 1678 1601 Καὶ
1706 1546 1740 1612 ἡ

182 1634 332 1712 χώρα
351 1632 502 1692 οὕτω.
517 1632 744 1697 Τούτους
759 1629 888 1696 τινὶς
916 1629 1089 1695 Τᾶους
1106 1631 1382 1700 καλοῦσιν,
1400 1631 1469 1695 ὡς
1491 1627 1740 1708 Σοφαίνε·

182 1725 342 1786 τοςέν
370 1725 432 1798 τῇ
459 1717 733 1777 Ἀναὸάσει
762 1716 911 1797 φησί.
940 1720 1025 1776 Cf.
1057 1720 1390 1794 Xenophon
1417 1718 1601 1775 Anah.
1631 1721 1704 1776 lv
1722 1759 1739 1788 ,

189 1818 256 1876 4,
299 1811 400 1877 ιδ;
442 1811 508 1878 6,
537 1808 602 1879 53
632 1827 700 1879 72
736 1828 803 1877 25
831 1811 911 1878 V,
943 1806 1009 1876 5,
1039 1826 1138 1881 ,17·

751 2092 1172 2148 CRATIPPUS.

265 2222 556 2294 Cratippus
574 2237 785 2292 suppar
808 2217 969 2273 fuisse
989 2218 1197 2273 dicitnr
1209 2218 1526 2292 Thucydidi
1541 2260 1556 2287 ‚
1575 2238 1743 2294 opus-

189 2325 301 2379 que
326 2307 596 2379 scripsisse
623 2324 689 2361 ea
727 2306 1106 2379 complectens
1132 2323 1255 2377 quae
1303 2305 1660 2378 Thucydides
1687 2308 1744 2360 in

188 2395 301 2448 suis
313 2394 720 2448 commentariis
734 2393 1015 2447 omiserat.
1034 2393 1081 2450 Κ
1091 2390 1347 2468 ράτιππος
1364 2393 1392 2449 ὁ
1407 2390 1745 2467 συνακμάσας

192 2479 337 2556 αὐτῷ
378 2477 465 2536 καὶ
508 2477 574 2535 τὰ
609 2475 1030 2556 παραλειφθέντα
1072 2479 1231 2535 αὐτοῦ
1276 2475 1604 2556 συναγαγών.
1651 2479 1743 2537 Sic

193 2568 484 2640 Dionysius
501 2567 626 2623 Hal.
647 2570 733 2622 De
755 2567 932 2623 Thuc.
963 2585 1016 2623 c.
1048 2565 1114 2621 16
1130 2608 1146 2636 ‚
1170 2586 1231 2640 p.
1265 2566 1401 2637 847.
1433 2569 1518 2623 De
1541 2568 1744 2624 eodcm

195 2654 458 2726 Cratippo
483 2655 640 2708 locus
661 2664 743 2708 est
770 2652 1047 2707 Plutarchi
1073 2654 1158 2707 De
1187 2654 1333 2726 glor.
1362 2655 1567 2709 Athen.
1603 2673 1654 2709 c.
1690 2675 1741 2724 1,
1805 2689 1810 2692 ψ

197 2756 256 2808 p.
283 2738 348 2804 34
358 2738 413 2808 5,
433 2741 501 2808 E,
519 2740 617 2793 ubi
641 2739 761 2793 haec
786 2733 911 2794 εἊν
928 2735 1030 2815 γὰρ
1054 2737 1238 2814 ἀνέλῃς
1256 2736 1375 2803 τοὺς
1393 2737 1743 2816 πράττοντας,

195 2825 293 2900 οὐχ
313 2822 437 2890 ἕξεις
459 2821 573 2890 τοὺς
599 2821 908 2903 γράφοντας.
933 2819 1112 2883 Ἀνελε
1136 2822 1231 2894 τὴν
1253 2823 1565 2904 Περικλέους
1593 2827 1742 2884 πολι·

197 2910 363 2982 τείαν,
384 2909 472 2968 καὶ
498 2910 564 2968 τὰ
582 2909 836 2989 ναύμαχα
853 2908 981 2990 πρὸς
1006 2908 1143 2990 Ῥίῳ
1167 2910 1477 2990 Φορμίωνος
1498 2911 1766 2992 τρόπαια,-

199 2996 290 3053 mi
315 2997 407 3064 τὰς
427 2997 549 3076 περὶ
575 2996 793 3076 Κύθηρα
817 2997 907 3055 καὶ
931 2997 1155 3076 Μέγαρα
1178 2998 1267 3056 καὶ
1293 2998 1540 3077 Κόρινθον
1562 3003 1758 3081 ἄνδρα-.

194 3084 372 3160 γαθίας
395 3085 608 3155 Νικίου,
636 3085 730 3142 καὶ
753 3082 848 3154 τὴν
875 3084 1232 3161 Δημοσθένους
1272 3086 1476 3158 Πύλον,
1504 3087 1595 3145 καὶ
1630 3087 1745 3154 τοὺς

201 3173 430 3237 Κλέωνος
472 3169 831 3251 τετρακοσίους
887 3172 1282 3251 αἰχμαλώτους,
1325 3174 1414 3232 καὶ
1469 3175 1737 3249 Τολμίδαν

201 3256 588 3328 Πελοπόννησον
627 3257 1002 3336 περιπλέοντα,
1040 3260 1130 3317 καὶ
1169 3259 1480 3339 Μυρωνίδην
1520 3263 1741 3319 νικῶντα

202 3341 447 3408 Βοιωτοὺς
469 3345 522 3401 ἐν
543 3343 875 3424 Οἰνοφύτοις·
897 3343 988 3401 καὶ
1005 3344 1330 3416 Θουκυδίδης
1364 3368 1446 3404 σοι
1479 3346 1745 3426 διαγέγρα·

198 3443 338 3479 πται.
371 3418 551 3480 Ἄνελε
589 3421 658 3481 τὰ
681 3426 801 3500 περὶ
827 3421 1217 3493 Ἑλλήσποντον
1261 3423 1586 3483 Ἀλκιὸιοίδου
1626 3449 1744 3485 νεα-

195 3507 443 3585 νιεύματα
462 3553 481 3585 ,
524 3509 615 3567 καὶ
652 3509 720 3567 τὰ
746 3508 875 3586 πρὸς
911 3509 1114 3569 Λέσὸον
1155 3511 1499 3590 Θρασύλλου,
1531 3513 1621 3570 καὶ
1648 3512 1742 3584 τὴν

193 3596 290 3654 ὑπὸ
315 3596 666 3676 Θηραμένους
692 3601 785 3668 τῆς
806 3599 1112 3678 ὀλιγαρχίας
1137 3600 1450 3669 κατάλυσιν,
1481 3601 1570 3659 καὶ
1596 3604 1744 3682 Θρα-

192 3683 440 3744 &finales
460 3685 552 3743 καὶ
590 3685 822 3764 Ἀρχῖνον
851 3687 913 3760 (Ἴ
931 3730 950 3759 ,
977 3685 1068 3743 καὶ
1094 3685 1207 3752 τοὺς
1229 3688 1336 3744 ἀπὸ
1373 3686 1562 3758 Φύλης
1593 3689 1739 3747 ὶὸδο·

190 3771 426 3846 μήκοντα
465 3771 606 3830 κατὰ
639 3777 731 3843 τῆς
772 3775 1118 3853 Σπαρτιατῶν
1144 3774 1424 3852 ἡγεμονίας
1456 3776 1743 3854 ἀνισταμέ-

251 3938 314 3998 (Ἲ
348 3936 550 4000 Ἀρχῖνον
576 3949 670 3998 pro
703 3937 898 4000 vulgato
921 3937 1167 4000 Ἄρχιππον
1190 3939 1400 4001 reposuit
1439 3942 1638 4000 Krilger.
1669 3942 1749 3991 lli-

191 4007 411 4069 stotiogr.
432 4008 577 4058 Dion.
598 4006 706 4057 nal.
724 4020 774 4069 p.
803 4014 917 4068 102,
939 4007 1141 4056 laudam
1158 4011 1255 4058 vlt.
1277 4011 1381 4058 dec.
1401 4012 1533 4059 Orat.
1557 4023 1604 4072 p.
1628 4017 1718 4060 8³5
1733 4050 1746 4073 ,

192 4077 256 4192 ξ,
277 4075 492 4193 Ᾱξῡοὶιιιι.
510 4079 563 4125 C.
584 4076 798 4138 ctesiph.
820 4089 868 4139 p.
888 4084 975 4139 62,
995 4081 1024 4126 8
1039 4075 1118 4125 ed.
1146 4079 1290 4127 Bekk.
1306 4114 1322 4140 ‚
1341 4080 1534 4127 lsocrat.
1558 4083 1613 4128 C.
1637 4082 1749 4130 Cal-

230 4157 297 4192 m.
324 4158 392 4193 nn
417 4183 430 4192 .

949 4306 1002 4355 3.

260 4396 494 4446 Cuduslii
507 4433 524 4458 ‚
553 4395 726 4447 htediae
743 4395 962 4457 populus.
984 4398 1302 4459 Sophaenetus
1317 4412 1510 4461 qnoque
1527 4401 1588 4450 de
1607 4401 1663 4450 iis·
1686 4403 1754 4451 lo-

203 4473 378 4534 quitur.

951 4554 984 4603 4

250 4645 475 4770 mbos
498 4644 719 4694 nonnulli
736 4646 860 4693 'lhos
876 4644 1116 4704 qvpellsnt
1130 4682 1146 4707 ‚
1159 4646 1227 4696 uti
1247 4649 1560 4710 Sopliaenetus
1577 4650 1624 4698 in
1645 4653 1756 4713 cyri

213 4727 246 4771 Α
389 4722 419 4771 ’.

765 4966 857 5026 CR
867 4969 988 5028 AT!
999 4969 1140 5029 PPU
1149 4971 1207 5028 S.

272 5097 318 5147 si
334 5098 488 5148 desint
507 5097 600 5161 qui
619 5110 700 5146 res
716 5102 906 5163 gerant,
926 5102 1087 5152 nullus
1103 5103 1193 5152 erit
1207 5103 1416 5152 liistorioe
1432 5104 1650 5166 scriptor.
1670 5111 1760 5155 Αιι-

218 5176 284 5225 fer
293 5175 479 5224 Periclis
489 5173 955 5226 administrationem
972 5179 1259 5241 reipublicae,
1274 5179 1398 5228 etde
1413 5181 1598 5230 navalis
1611 5183 1758 5244 praelii

1826 696 1920 767 τὴν
1947 695 2245 754 θάλατταν·
2273 693 2366 753 καὶ
2397 693 2706 773 Κράτιππος
2733 693 3022 774 ἀνῄρηται.

1899 788 2081 862 Igitur
2106 805 2224 842 non
2255 786 2438 840 solum
2454 787 2821 859 praetermissa
2848 804 2881 840 a
2899 784 3228 858 Thucydide
3254 787 3401 842 Cra·'

1830 873 2019 945 lippus
2043 873 2351 946 supplevit,
2376 869 2473 925 sed
2490 890 2635 944 opus
2660 871 2776 942 ejus
2803 872 2971 925 etiam
2994 872 3344 926 continuavit
3364 913 3380 940 ‚

1830 976 2016 1031 neque
2054 959 2297 1013 substitit
2333 959 2393 1012 in
2422 956 2535 1013 fine
2575 957 2709 1012 belli
2755 957 3246 1030 Peloponnesiaci,
3286 959 3389 1014 sed

1829 1045 2098 1100 ulteriora
2141 1046 2309 1099 etiam
2342 1054 2668 1117 persecutus
2695 1053 2775 1097 est
2818 1043 2891 1098 ad
2921 1061 2985 1098 ea
3012 1062 3193 1117 usque
3233 1055 3381 1098 tem-

1828 1151 2002 1204 pora,
2050 1132 2257 1206 quibus
2281 1131 2645 1188 Athenienses
2679 1140 3013 1204 potestatem
3054 1133 3390 1186 maritimam

1830 1219 2080 1274 Cononis
2113 1236 2289 1292 opera
2323 1228 2757 1291 recuperarunt,
2787 1229 2843 1273 et
2882 1229 3011 1291 post
3036 1229 3213 1274 tantas
3237 1220 3389 1273 cala-

1830 1306 2049 1360 mitates
2076 1305 2265 1360 denuo
2294 1322 2485 1359 rerum
2515 1305 2865 1377 aliquatenus
2885 1307 3053 1378 potiti
3075 1317 3226 1360 sunt.
3259 1305 3392 1377 Ejus

1831 1392 2210 1448 conversionis
2234 1402 2585 1447 momentum
2627 1392 2688 1444 in
2729 1393 2935 1464 proelio
2976 1394 3247 1465 positum,
3276 1411 3392 1465 quo

1831 1478 1903 1533 ad
1926 1480 2167 1535 Cnidum
2189 1479 2368 1534 classis
2392 1477 2949 1534 Lacedaemoniorum
2969 1479 3150 1534 deleta
3169 1491 3250 1534 est
3271 1481 3387 1552 (Ol.

1834 1565 1931 1638 96,
1972 1564 2036 1632 3;
2067 1583 2118 1621 a.
2166 1565 2227 1621 C.
2258 1564 2419 1639 394).
2456 1567 2754 1638 Cratippus
2799 1567 2971 1640 igitur
3010 1567 3257 1620 historiis
3282 1568 3393 1620 suis

1832 1652 2265 1725 comprehendit
2312 1652 2455 1707 illud
2497 1651 2894 1725 septemdecim
2943 1671 3221 1708 annorum
3260 1671 3391 1725 spa-

1833 1738 2004 1806 tium,
2047 1737 2206 1810 quod
2256 1739 2662 1810 Theopompus
2711 1756 2941 1811 quoque
2986 1739 3047 1792 in
3091 1739 3395 1793 Hellenicis

1834 1824 2184 1880 tractandum
2211 1824 2313 1880 sibi
2337 1827 2571 1898 sumpsit
2600 1823 2698 1902 (V.
2730 1826 2953 1899 Fragm.
2986 1827 3128 1880 Hist.
3158 1837 3297 1880 tom.
3334 1828 3389 1892 l,

1831 1930 1892 1984 p.
1923 1911 2218 1985 LXVIII).
2257 1907 2375 1980 Τὴν
2423 1909 2524 1967 ὑπὸ
2567 1908 2913 1987 Θηραμένους
2950 1913 3042 1980 τῆς
3083 1908 3391 1987 ὀλιγαρχίας

1835 1995 2126 2054 κατάλυσιν
2156 1997 2280 2072 (01.
2311 2017 2418 2071 92,
2447 2017 2516 2067 23
2547 2017 2599 2053 a.
2632 1999 2697 2053 C.
2729 2003 2795 2062 [ιι
2814 1997 2871 2073 ι)
2896 2001 3013 2072 ipse
3039 1998 3394 2070 Thucydides

1829 2083 1945 2155 jam
1978 2097 2314 2158 exposuerat
2341 2086 2438 2140 lib.
2466 2087 2604 2140 VIII
2621 2126 2638 2158 ,
2680 2084 2755 2158 89
2778 2104 2902 2158 sqq.
2945 2085 3154 2140 Eadem
3176 2096 3389 2152 aestate,

1834 2190 1947 2244 qua
1982 2172 2289 2246 oligarchia
2315 2172 2549 2228 Athenis
2591 2172 2878 2244 antiquata
2918 2184 3025 2243 est,
3074 2183 3225 2247 gesta
3264 2183 3395 2226 sunt

1834 2277 1960 2330 qnae
2008 2259 2082 2315 ad
2107 2261 2415 2332 Mytilenen
2460 2271 2518 2315 ct
2551 2269 2750 2314 contra
2797 2262 3028 2315 Eresum
3069 2262 3181 2332 egit
3211 2261 3393 2315 Thra-

1833 2348 2025 2419 syllus.
2067 2349 2203 2418 Quae
2236 2364 2412 2419 quum
2453 2349 2650 2420 paucis
2693 2347 3049 2420 Thucydides
3089 2346 3395 2402 absolverit

1837 2429 2037 2508 (VIII,
2093 2433 2265 2507 ιοο),
2296 2434 2527 2489 uberius
2562 2437 2881 2507 exposuisse
2908 2435 3135 2489 videtur
3176 2437 3393 2508 Cratip-

1834 2540 1971 2593 pus,
2010 2522 2240 2577 fortasse
2264 2541 2333 2577 ex
2362 2523 2547 2578 Lesbo
2589 2523 2897 2593 oriundus;
2928 2533 3079 2577 certe
3123 2526 3219 2596 qui
3250 2529 3394 2578 unus

1833 2619 2038 2681 praeter
2067 2610 2331 2663 Nostrum
2359 2609 2496 2663 mihi
2528 2610 2776 2664 innotuit
2802 2610 3133 2682 Cratippus»,
3164 2612 3387 2683 Mytile-

1836 2713 1986 2748 naeus
2024 2705 2105 2749 est
2138 2696 2505 2768 philosophus
2542 2697 2821 2769 Pompeio
2863 2698 3173 2752 carissimus
3216 2696 3387 2774 (Plu-

1839 2781 2018 2838 tarch.
2065 2783 2265 2855 Pomp.
2308 2780 2412 2851 75,
2449 2784 2607 2837 Brut.
2655 2803 2707 2841 c.
2750 2783 2845 2852 28,
2886 2786 3084 2839 Cicero
3124 2784 3195 2839 fr.
3247 2787 3387 2841 Tim.

1835 2886 1886 2922 c.
1927 2887 1982 2936 1,
2012 2869 2217 2924 AElian.
2246 2870 2312 2923 V.
2349 2872 2423 2925 Η.
2456 2872 2592 2938 vll,
2621 2869 2744 2944 αι).
2779 2902 2857 2913 —
2883 2867 2967 2928 Τὰ
3003 2869 3123 2947 περὶ
3158 2868 3390 2939 Ἑλλήσ·

1837 2974 2025 3011 ποντον
2074 2951 2403 3034 Ἀλκιὸιοίδου
2441 2953 2821 3032 νεανιεύματα,
2859 2976 2983 3030 quae
3022 2960 3211 3031 primo
3262 2961 3393 3013 loco

1835 3054 2115 3099 memorat
2141 3040 2502 3110 Plutarchus,
2533 3044 2605 3099 ad
2634 3063 2698 3100 ea
2722 3064 2845 3118 quae
2871 3045 3230 3118 Thucydides
3256 3065 3389 3102 nar-

1835 3142 1923 3186 rat
1948 3133 2107 3200 VIII,
2138 3130 2211 3196 [05
2234 3150 2360 3204 sqq.
2394 3130 2591 3187 referri
2614 3134 2710 3187 vix
2728 3145 2977 3206 possunt.
3010 3136 3195 3204 Quare
3222 3133 3393 3188 chro-

1836 3219 2161 3290 nologicum
2198 3237 2390 3273 rerum
2435 3218 2697 3274 ordinem
2734 3222 2794 3274 in
2825 3220 3220 3275 enumerandis
3259 3222 3396 3275 locis

1837 3305 2082 3359 historiae
2129 3324 2249 3361 non
2277 3305 2631 3361 observatum
2659 3326 2772 3362 esse
2798 3309 2962 3363 statui
2986 3306 3183 3375 debet,
3222 3308 3395 3380 idque

1844 3391 2180 3448 confirmant
2203 3414 2327 3467 quae
2349 3394 2700 3466 Thucydidei
2724 3396 2913 3467 operis
2939 3396 3122 3467 capita
3146 3397 3205 3451 in
3228 3407 3395 3450 ante-

1835 3487 2162 3542 cedentibus
2189 3500 2567 3544 recensentur.
2596 3490 2727 3544 Alio
2748 3501 2933 3545 autem
2959 3492 3239 3546 Plutarchi
3258 3493 3389 3545 loco

1835 3573 2109 3629 docemur
2134 3577 2459 3648 Cratippum
2491 3577 2577 3629 vel
2629 3578 2824 3644 exiis,
2875 3595 2999 3649 quse
3046 3579 3192 3636 libro
3230 3589 3388 3632 sexto

1836 3655 1989 3732 (cap.
2022 3679 2092 3730 27
2136 3662 2295 3736 sqq.)
2337 3661 2694 3734 Thucydides
2726 3676 3080 3732 narraverat,
3122 3666 3393 3720 nonnulla

1835 3757 2174 3802 retractasse.

2599 3874 2644 3909 1.

1916 3970 2135 4024 Etenim
2154 3971 2479 4027 Plutarchus
2490 3973 2600 4028 vit.
2623 3973 2781 4028 Orat.
2804 3975 2860 4028 11
2877 4014 2893 4041 ,
2920 3993 2969 4040 1,
2985 3992 3045 4046 p.
3063 3973 3171 4039 834
3203 3995 3216 4028 ε
3247 3974 3396 4032 Μετὰ

1841 4050 1895 4109 δὲ
1920 4057 2090 4111 ταῦτα
2119 4055 2365 4121 αἰτιαθεὶς
2395 4056 2748 4135 (Ἀνδοκίδης)
2782 4058 3015 4129 ἇσεόεἶν,
3037 4063 3107 4124 ὡς
3128 4058 3219 4115 καὶ
3249 4058 3401 4123 αὐτὸς

1840 4135 1955 4204 τοὺς
1984 4137 2191 4217 Ἑρμᾶς
2217 4141 2501 4221 περικόψας
2524 4143 2615 4201 καὶ
2639 4146 2710 4209 εἰς
2726 4142 2793 4201 τὰ
2815 4147 2906 4213 τῆς
2927 4143 3205 4224 Δήμητρος
3227 4146 3395 4221 ἁμαρ·

1843 4300 1991 4350 Niciae
2010 4303 2135 4364 apud
2157 4305 2368 4366 cythera
2398 4309 2448 4355 et
2479 4309 2668 4368 Megara
2688 4309 2738 4356 et
2765 4308 3049 4356 corinthum
3073 4309 3259 4370 egregia
3278 4309 3395 4357 fari-

1843 4392 1987 4441 nora‚
2008 4382 2180 4442 Pylum
2201 4385 2559 4446 Demosthenis,
2580 4387 2772 4434 Cleonis
2784 4387 2998 4448 captivos
3010 4386 3396 4449 quadringmtos,

1842 4459 1892 4505 et
1908 4457 2179 4508 Tolmidam
2192 4461 2275 4522 qui
2290 4462 2472 4510 circum
2488 4462 2864 4523 Peloponnesum
2885 4464 3094 4525 naviget,
3104 4462 3399 4524 Hymnidem

1842 4534 1926 4596 qui
1949 4536 2143 4585 Boeotos
2162 4537 2324 4587 vincat
2346 4538 2476 4600 apud
2496 4540 2773 4602 OEnoflssiyta
2800 4558 2812 4590 ε
2832 4539 2934 4602 jam
2960 4541 3190 4590 deleveris
3205 4541 3397 4603 Thucy-

1843 4609 2021 4660 didem.
2033 4613 2641 4665 TolleAlcibiadisconatus
2650 4617 2856 4666 {imbues
2877 4618 3005 4680 apud
3022 4619 3398 4680 Hellespontum,

1842 4689 2073 4751 Thrasylli
2092 4690 2151 4738 ad
2176 4692 2381 4741 Lesbum
2393 4728 2408 4752 ,
2426 4697 2477 4742 et
2493 4708 2708 4744 eversam
2726 4696 3063 4745 aTheramene
3078 4709 3340 4758 paucorum
3355 4698 3405 4744 in

1846 4767 2087 4829 republica
2123 4771 2437 4833 potestatem,
2459 4772 2814 4835 Thrasybulum
2840 4777 2890 4823 et
2911 4775 3202 4834 Archimun,
3230 4787 3289 4824 sc
3325 4789 3399 4823 se·

1845 4844 2092 4904 ptuaginta
2106 4845 2222 4895 istos
2232 4846 2315 4909 qui
2331 4860 2361 4895 a
2376 4848 2524 4910 Phyla
2536 4850 2738 4912 protecti
2752 4853 2919 4899 contra
2933 4851 3250 4914 principatum
3264 4855 3402 4912 Spar-

1845 4922 2783 4988 tanoruminsurrexerunt‚etcononem
2812 4927 3331 4978 Atheniensesrursuni
3354 4929 3405 4980 in
3522 4918 3531 4926 ’

1851 5010 1982 5046 unare
2010 4997 2327 5050 deducentem
2353 5020 2365 5050 :
2398 5003 2645 5054 sustuleris
2674 5004 2975 5067 Cratippum.

2610 5116 2652 5164 1.

1913 5188 2171 5238 Postmodo
2191 5191 2381 5241 violata:
2411 5167 2648 5254 religionis
2684 5194 2953 5257 [ustulatus
2977 5196 3105 5259 quod
3141 5199 3190 5244 et
3227 5197 3324 5257 ipse
3345 5197 3406 5242 ιιι·

222 5253 403 5303 victoria
440 5252 504 5303 ad
529 5253 720 5302 Rhium
749 5265 780 5301 a
809 5255 1090 5306 Phormione
1117 5260 1326 5308 erec-lum
1360 5259 1621 5321 tropaeum,
1652 5261 1756 5308 tum
1851 5275 2017 5313 eorum
2039 5269 2161 5315 esset
2188 5280 2362 5328 censu,
2389 5270 2471 5331 qui
2494 5273 2677 5320 statuas
2694 5272 2915 5322 Mercurii
2938 5274 3232 5322 truncassent
3256 5275 3305 5322 et
3327 5287 3403 5319 ar·-
