3900 6042
556 436 666 484 330

555 552 700 612 Λέων
726 556 909 611 omiu·
943 559 1145 629 potuit.
1190 558 1446 628 Epitomc
1473 556 1634 609 habet
1667 575 1678 608 :
1713 554 1857 611 Λέων
1877 555 1922 611 δ’
1950 558 1979 610 ὁ
2012 558 2105 612 Βυ-

552 642 750 709 ζάντιος
778 642 948 719 παχὺς
989 640 1059 698 ὧν
1084 641 1141 698 τὸ
1165 645 1321 716 σῶμα
1339 641 1442 705 τοῖς
1464 639 1700 706 πολίταις
1729 641 1852 698 ποτὲ
1882 642 2103 699 στασιά·

553 735 693 795 ζουσι
721 730 847 810 πρὸς
877 729 1157 799 ἀλλήλους,
1194 751 1252 785 π.
1284 730 1323 785 ἐ.
1367 750 1447 806 cp„
1484 727 1655 803 ἔλεγεν
1698 731 1813 787 κτλ.
1844 732 2103 786 Ceterum

552 822 804 894 suspicor
825 822 981 874 istam
1012 818 1448 891 Byzantinorum
1466 817 1844 873 dissidentiam
1865 818 1939 872 ad
1965 819 2103 873 illud

553 909 833 979 pertinere
874 917 1131 977 tempus,
1175 924 1291 977 quo
1327 905 1754 959 Atheniensium·
1788 906 1968 959 classis
2002 906 2104 960 sub

557 996 839 1049 Phocione
865 993 1009 1048 duce
1033 994 1358 1064 Byzantium
1391 993 1561 1046 venit.
1589 994 1710 1046 Jam
1740 1004 1899 1046 antea
1929 994 2095 1046 Athe

554 1084 767 1136 uienscs
791 1080 895 1134 sub
918 1080 1154 1133 Charete
1173 1080 1418 1133 ‘classem
1446 1081 1710 1133 miserant
1738 1080 2099 1146 auxiliarem;

552 1180 604 1223 at
631 1186 748 1221 non
773 1177 1102 1239 receperant
1129 1184 1250 1221 eam
1285 1167 1527 1238 Byzantii
1574 1164 1892 1221 diffidentes
1934 1166 2103 1236 (Plu-

553 1255 726 1308 tarch.
775 1253 1047 1307 Phocion.
1105 1248 1237 1325 14).
1288 1253 1493 1306 Similis
1537 1251 1847 1307 diffidentia
1890 1254 2105 1307 animos

551 1341 909 1415 occupaverit
931 1340 1156 1405 civium,
1173 1356 1346 1410 quum
1367 1338 1571 1393 deinde
1595 1339 1846 1394 Phocion
1856 1340 2100 1407 advenit,

551 1446 718 1499 quem
749 1428 918 1480 altera
952 1443 1113 1498 pars»,
1143 1437 1282 1498 puto
1301 1466 1317 1491 ‚
1355 1426 1414 1479 in
1450 1425 1652 1479 urbem
1679 1426 2065 1498 recipiendum
2088 1467 2103 1494 ‚

555 1516 728 1569 altera
755 1532 893 1568 vero
929 1524 1127 1567 contra
1152 1513 1421 1586 putabat,
1461 1511 1643 1567 ‹lonec
1664 1515 1933 1567 sententia
1966 1516 2104 1568 Leo·

554 1603 637 1655 nis
656 1644 672 1671 ‚
710 1603 807 1673 qui
836 1601 1176 1674 probitatem
1207 1600 1505 1655 Phocionis
1535 1610 1797 1663 noverat,
1840 1602 2098 1673 pervicit.

555 1688 570 1754 (
597 1685 769 1753 Λέων,
819 1683 947 1762 ἀνὴρ
977 1683 1277 1751 Βυζαντίων
1319 1686 1517 1762 πρῶτος
1546 1686 1706 1762 ἀρετῇ
1735 1684 1825 1740 καὶ
1869 1688 1944 1762 τῷ
1972 1685 2100 1742 Φω-

553 1771 698 1827 κίωνι
735 1770 957 1849 γεγονὼς
993 1773 1045 1828 ἐν
1081 1770 1374 1848 Ἀκαδημίᾳ
1419 1769 1667 1840 συνήθης,
1712 1769 1983 1837 ἀνεδέξατο
2009 1769 2102 1841 τὴν

551 1858 725 1915 πίστιν
765 1859 894 1935 ὑπὲρ
932 1860 1092 1916 αὐτοῦ
1125 1857 1251 1935 πρὸς
1289 1855 1382 1926 τὴν
1414 1857 1584 1914 πόλιν.
1617 1860 1894 1914 Plutarch.
1936 1862 1973 1914 l.
2026 1862 2099 1935 l.)

555 1950 682 2001 ilaec
707 1949 879 2019 igitur
896 1948 1285 2019 Byzantiorum
1313 1947 1544 2013 seditio,
1571 1947 1726 2016 cujus
1745 1965 1904 2001 eausa
1931 1948 2104 2002 Athe-

551 2036 764 2087 nienses
779 2034 1020 2101 suerunt,
1039 2033 1244 2088 deinde
1265 2034 1320 2086 in
1340 2035 1754 2087 Atheniensium
1772 2034 2103 2089 seditionem

552 2119 704 2191 apud
746 2121 884 2173 alios
922 2110 1179 2175 auctores
1222 2120 1417 2174 abiisse
1462 2120 1706 2175 videtur.
1756 2123 1881 2191 Quo
1921 2122 2098 2194 ἕποιο,

555 2209 610 2259 in
657 2219 926 2279 promptu
972 2219 1092 2261 crat
1135 2209 1335 2263 Leonti
1383 2207 1716 2264 substituere
1767 2210 2099 2280 Pythonem.

550 2296 809 2347 Ceterum
877 2293 1186 2349 admodum
1234 2293 1545 2365 probabilis
1610 2305 1689 2348 est
1755 2296 2104 2369 Bernhardyi

552 2381 850 2447 sententia,
908 2399 974 2435 cx
1028 2400 1136 2453 qua
1186 2385 1346 2437 Leon
1396 2381 1488 2434 ille
1545 2380 1692 2435 idem
1725 2393 1806 2437 est
1857 2384 1954 2454 qui
1993 2385 2102 2438 alio

569 2467 799 2522 tthenaei
830 2469 965 2522 loco·
1001 2469 1277 2522 Leonidas
1312 2468 1645 2539 appellatur.
1677 2470 1758 2523 Eo
1796 2487 1933 2523 vero
1974 2471 2102 2526 loco

549 2563 837 2607 auctorem
889 2555 1185 2609 Athenaeus
1228 2553 1421 2609 laudat
1465 2555 1734 2611 Damonis
1777 2575 1920 2630 opus
1970 2557 2104 2635 Περὶ

555 2638 873 2713 Βυζαντίους
934 2642 1092 2714 quod
1150 2660 1326 2714 quum
1368 2641 1499 2695 alias
1545 2660 1817 2715 nusquam
1875 2663 2103 2699 memo-

551 2735 732 2781 ratum
757 2726 993 2793 videam,
1023 2729 1209 2782 nescio
1226 2747 1296 2783 an
1317 2728 1580 2785 ΔΑΜΩΝ
1597 2742 1924 2802 corruptum
1947 2733 2016 2786 sit
2033 2751 2101 2787 ex

555 2812 777 2871 imm.

1107 2968 1538 3027 ΒΟΙΩΤΙΑΚΑ.

1298 3128 1351 3163 2.

633 3248 913 3306 Plutarch.
963 3251 1046 3303 De
1081 3245 1213 3302 fluv.
1255 3266 1287 3301 α
1309 3288 1325 3314 ,
1363 3265 1396 3303 2
1439 3264 1453 3304 :
1499 3245 1826 3324 Παράκειται
1868 3251 1915 3305 δ’
1961 3252 2101 3331 αὐτῷ

557 3335 648 3412 (tif)
672 3331 928 3410 Ἰσμηνῷ)
951 3330 1210 3411 Κιθαιρὼν
1229 3331 1360 3411 ὄρος,
1382 3334 1758 3409 ὀνομαζόμενον
1779 3334 1832 3392 δὲ
1853 3336 2100 3416 πρότερον

557 3419 839 3499 Ἀστέριον,
875 3418 942 3477 δι’
964 3420 1134 3477 αἰτίαν
1157 3420 1417 3491 τοιαύτην.
1450 3423 1679 3479 Βοιωτοῦ
1707 3428 1795 3480 τοῦ
1829 3426 2100 3484 Ποσειδῶ-

555 3529 634 3572 νος
673 3508 731 3563 ἐκ
761 3509 898 3564 δυοῖν
925 3510 1183 3584 γυναικῶν
1211 3510 1314 3565 τῶν
1355 3506 1629 3585 ἐπισήμων
1675 3509 1904 3578 θέλοντος
1932 3516 2101 3589 γῆμαι

553 3590 647 3660 τὴν
669 3592 1070 3670 ὠφελιμωτέραν
1085 3638 1101 3667 ,
1121 3593 1211 3651 καὶ
1236 3596 1288 3652 ἐν
1311 3597 1425 3659 ταῖς
1456 3595 1765 3674 ἀκρωρείαις
1787 3596 1947 3677 λόφου
1969 3600 2102 3665 τινὸς

555 3678 822 3753 ανωνύμου
865 3679 1043 3746 νυκτὸς
1078 3679 1433 3759 περιμένοντος
1485 3683 1810 3762 ἀμφοτέρας,
1859 3686 2102 3765 αἰφνίδιος

554 3764 604 3830 ἐξ
631 3767 848 3845 οὐρανοῦ
877 3769 1196 3846 κατενεχθεὶς
1225 3763 1389 3846 ἀστὴρ
1415 3767 1565 3826 ἔπεσε
1589 3777 1693 3836 τοῖς
1715 3772 2101 3849 Εὐρυθεμίστης

551 3850 745 3927 ὤμοις,
772 3853 861 3911 καὶ
887 3852 1085 3933 ἀφανὴς
1113 3853 1330 3932 ἐγένετο.
1360 3854 1582 3922 Βοιωτὸς
1606 3855 1659 3915 δὲ
1691 3857 1751 3916 τὸ
1779 3857 2101 3935 σημαινόμε-

1844 426 1987 483 LEO
2032 423 2469 483 BYZANTIUS.

2197 552 2450 631 Ἀστέριον
2499 552 2600 611 ἀπὸ
2629 560 2716 611 τοῦ
2746 555 3161 635 συγκυρήματος.
3192 556 3454 638 ’Ὕστερον
3490 562 3543 619 δ’
3574 565 3751 634 ἐκλήθη

2201 638 2460 716 Κιθαιρὼν
2503 641 2569 695 δι’
2619 640 2790 699 αἰτίαν
2833 643 3102 714 τοιαύτην.
3205 648 3469 727 Τισιφόνη
3514 649 3619 724 μία
3654 656 3745 709 ab

2198 724 2501 803 Ἐριννύων,
2546 728 2618 791 εἷς
2669 728 2944 803 ἐπιθυμίαν
2995 732 3294 807 ἐμπεσοῦσα
3336 735 3535 802 παιδὸς
3582 740 3749 816 thape-

2194 817 2319 878 ποῦς
2336 858 2352 884 ,
2372 805 2700 892 ’Κιθαιρῶνος
2730 815 2955 891 τοῦνομα
2973 865 2988 889 ,
3016 819 3105 876 καὶ
3134 819 3210 894 μὴ
3232 819 3492 899 στέγουσα
3524 824 3626 894 τὴν
3644 826 3747 882 ἐπί·

2195 913 2344 949 τασιν
2369 895 2469 949 τῶν
2490 892 2716 971 ἐρώτων,
2744 893 2925 969 λόγους
2954 899 3096 975 αὐτῷ
3122 899 3240 975 περὶ
3266 901 3504 959 συνόδιόν
3526 904 3750 962 ἀπίστει·

2194 979 2278 1035 λεν
2293 1001 2306 1014 ·
2326 982 2353 1036 ὁ
2373 978 2427 1037 δὲ
2450 980 2509 1037 τὸ
2526 981 2951 1051 καταπληκτικὸν
2970 987 3062 1053 τῆς
3088 986 3464 1064 προειρημένης
3484 990 3749 1068 φοὸηθεὶς,

2197 1062 2306 1123 οὐδ’
2334 1067 2651 1146 ἀποκρίσεως
2674 1066 2836 1139 αὐτὴν
2863 1069 3083 1139 ἠξίωσεν
3101 1094 3115 1108 ·
3143 1077 3178 1143 ἡ
3211 1074 3255 1131 δ’
3294 1077 3648 1155 ἀποτυχοῦσι
3672 1084 3749 1149 τῆς

2194 1151 2571 1233 προαιρέσεως,
2603 1157 2660 1213 ἐκ
2696 1158 2799 1213 τῶν
2844 1156 3134 1232 πλοκάμων
3174 1158 3265 1217 ἕνα
3307 1164 3411 1221 τῶν
3458 1165 3745 1241 δρακόντων

2194 1239 2526 1314 ἀπέσπασεν,
2555 1242 2645 1300 καὶ
2678 1243 2763 1301 ἐπὶ
2800 1244 2890 1302 τὸν
2918 1245 3243 1325 ὓπερήφανον
3272 1248 3490 1307 ἔὸαλεν·
3518 1256 3556 1307 ὁ
3580 1253 3629 1309 δ’
3650 1254 3748 1331 ὄφις

2193 1327 2297 1393 τοῖς
2341 1328 2553 1395 κόλποις
2609 1330 2946 1410 περισφίγξας
2997 1334 3152 1391 αὐτὸν
3213 1335 3438 1410 ἀνεῖλεν,
3488 1336 3746 1415 Ἀστερίου

2193 1414 2554 1491 ποιμαίνοντος
2596 1419 2648 1474 ἐν
2692 1421 2806 1484 ταῖς
2844 1420 3169 1499 ἀκρωρείαις.
3214 1422 3366 1481 Κατὰ
3408 1422 3464 1480 δὲ
3504 1425 3744 1503 πρόνοιαν

2195 1503 2321 1557 θεῶν
2335 1547 2350 1571 ,
2370 1501 2429 1560 τὸ
2448 1502 2563 1580 ὄρος
2585 1506 2677 1562 ἀπ’
2702 1508 2861 1564 αὐτοῦ
2880 1507 3258 1583 μετωνομάσθη
3298 1512 3567 1588 Κιθαιρὼν
3584 1559 3604 1587 ,
3626 1516 3743 1572 καθὸ

2194 1590 2388 1666 ἱστορεῖ
2415 1589 2561 1649 Λέων
2584 1595 2612 1648 δ
2642 1593 2917 1661 Βυζάντιος
2945 1596 2998 1653 ἑν
3021 1596 3127 1661 τοῖς
3156 1599 3509 1664 Βοιωτιακοῖς.

2272 1681 2555 1736 Boeotiaca
2577 1682 2694 1738 haec
2735 1686 2964 1740 Leontis
2995 1685 3281 1756 cujusdam
3312 1689 3606 1760 Byzantini
3632 1712 3738 1745 non

2194 1767 2479 1838 peculiare
2508 1787 2651 1840 opus
2676 1770 2773 1825 sed
2809 1783 2977 1846 caput
3001 1772 3211 1827 fuerint
3238 1777 3427 1846 operis
3452 1779 3538 1831 De
3566 1776 3740 1832 fluviis

2196 1854 2351 1925 quod
2376 1855 2577 1911 eodem
2592 1857 2768 1912 modo
2785 1878 2900 1930 quo
2922 1861 3313 1915 Plutarcheum
3327 1860 3497 1917 fuerit
3516 1864 3741 1919 adorm-
3836 1914 3837 1929 ,

2196 1950 2333 1994 tum.
2374 1941 2555 2013 quue
2582 1941 2654 1997 de
2688 1945 2809 1998 aliis
2841 1943 3113 2001 similibus
3146 1948 3319 2001 titulis
3364 1968 3738 2023 saepenumero

2198 2029 2382 2083 valere
2402 2030 2536 2083 mihi
2564 2048 2887 2101 persuasum
2911 2044 3013 2088 est.
3036 2064 3117 2077 -
3148 2035 3312 2107 Apud
3348 2037 3596 2093 eundem
3624 2041 3740 2093 Piu-

2196 2116 2447 2169 tarchum
2478 2114 2495 2188 (
2522 2119 2605 2172 De
2638 2115 2773 2176 fluv.
2815 2139 2835 2173 ι
2855 2139 2877 2174 1
2897 2161 2914 2188 ,
2951 2119 3023 2193 2)
3056 2122 3318 2195 leguntur
3348 2124 3466 2178 liaec
3500 2144 3515 2179 2
3550 2126 3735 2183 Γεννᾶ·

2195 2221 2281 2256 ται
2300 2199 2344 2256 δ’
2362 2201 2413 2257 ἐν
2435 2202 2577 2279 αὐτῷ
2601 2204 2693 2281 (τῷ
2713 2204 3022 2281 Στρυμῶνι)
3045 2206 3180 2271 λίθος
3201 2206 3544 2276 Παυσίλυπος
3565 2210 3736 2269 καλού-

2195 2306 2378 2358 μενος·
2399 2283 2456 2342 ὃν
2482 2285 2571 2343 ἐὰν
2587 2285 2711 2367 εὕρῃ
2732 2311 2808 2354 τις
2825 2293 3040 2361 πενθῶν,
3064 2291 3288 2349 παύεται
3307 2300 3642 2374 παραχρῆμα
3658 2303 3737 2369 τῆς

2194 2371 2514 2449 κατεχούσης
2559 2375 2712 2432 αὐτὸν
2755 2385 3047 2456 συμφορᾶς,
3102 2377 3272 2446 καθὼς
3320 2383 3521 2461 ἱστορεῖ
3563 2385 3733 2443 Ἰάσων

2194 2460 2221 2514 ὁ
2250 2458 2529 2526 Βυζάντιος
2544 2462 2597 2517 ἐν
2611 2465 2716 2527 τοῖς
2730 2467 3015 2541 Θρακικοῒς
3034 2468 3051 2540 (
3068 2487 3177 2541 vgo
3196 2468 3248 2525 T
3251 2471 3503 2545 ραγικοῖς,
3523 2475 3728 2529 emend.

2192 2547 2223 2601 J
2229 2549 2413 2602 onsius
2450 2551 2522 2606 H.
2560 2550 2698 2622 phil.
2749 2553 2865 2619 111,
2907 2571 2939 2606 α
2956 2595 2972 2622 ,
3016 2554 3102 2628 a).
3144 2556 3309 2610 lason
3358 2559 3588 2614 aliunde
3630 2581 3731 2615 non

2192 2645 2375 2689 notus.
2404 2638 2549 2691 Num
2572 2639 2932 2694 scribendum
2958 2641 3155 2716 ἱστορεῖ
3182 2642 3384 2701 AEQN
3407 2646 3430 2698 Ρ

2656 2768 2835 2827 ΠΕΡΙ
2880 2771 3279 2831 ΠΟΤΑΜΩΝ.

2656 2902 2701 2954 E
2740 2901 2955 2958 LIBRO
2995 2905 3281 2961 TERTIO.

2946 3022 2996 3078 3.

2273 3129 2552 3187 Plutarch.
2588 3134 2671 3187 De
2699 3130 2838 3189 fluv.
2875 3141 2943 3199 24
2963 3177 2981 3209 ,
3015 3157 3070 3204 a,
3094 3137 3164 3190 dc
3188 3140 3339 3211 Tigri
3367 3140 3426 3198 fl.
3459 3164 3471 3195 :
3502 3143 3725 3199 Γεννᾶται

2197 3211 2239 3268 δ’
2267 3214 2319 3270 ἐν
2349 3215 2491 3293 αὐτῷ
2530 3215 2696 3288 λίθος,
2740 3218 2958 3277 Μυνδὰν
2988 3221 3331 3298 καλούμενος,
3371 3226 3509 3283 πάνυ
3538 3226 3723 3291 λευκός·

2194 3298 2249 3356 ὃν
2279 3299 2368 3355 ἐὰν
2397 3300 2597 3379 κατέχῃ
2626 3326 2728 3375 τις,
2754 3302 2896 3362 οὐδὲν
2921 3305 3019 3362 ὑπὸ
3049 3307 3238 3387 θηρίων
3267 3310 3547 3373 ἀδικεῖται-
3576 3311 3725 3375 καθὼς

2195 3387 2390 3465 ἱστορεῖ
2416 3388 2560 3446 Λέων
2597 3392 2623 3446 ὁ
2653 3390 2927 3459 Βυζάντιος
2950 3395 3003 3449 ἐν
3031 3397 3079 3471 γ’
3115 3395 3247 3473 Περὶ
3268 3404 3521 3475 ποταμῶν

2829 3684 2853 3703 0
2943 3637 2993 3691 4·

2693 3746 3193 3823 (ιιΕΡιΠΑοΥΣ.
3220 3754 3237 3827 )

2270 3866 2456 3923 Scliol.
2488 3870 2674 3940 Apoll.
2707 3872 2815 3926 Rh.
2843 3873 2926 3939 11,
2962 3891 3072 3945 ²97
3110 3894 3123 3927 :
3156 3868 3317 3932 Ἔστι
3345 3874 3447 3953 γὰρ
3476 3878 3561 3934 καὶ
3589 3869 3719 3935 Αἶνος

555 3963 635 3995 νον
664 3939 882 4016 νοήσας,
902 3940 996 4012 τὴν
1018 3941 1113 4016 μὲν
1137 3940 1294 4020 κόρην
1317 3941 1480 4019 ἔγημε
1496 3987 1510 4013 ,
1538 3944 1598 4001 τὸ
1623 3943 1667 4000 δ’
1687 3943 1801 4023 ὅρος
1828 3945 2097 4018 ὠνόμασεν
2190 3946 2304 4025 ὄρος
2331 3956 2420 4018 τῆς
2453 3953 2843 4031 Κεφαλληνίας,
2864 3955 2993 4013 ὅπου
3018 3958 3266 4029 Αἶνησίου
3289 3962 3495 4036 (scrib.
3530 3966 3719 4031 Αίνηὲου

569 4058 3719 4093 mmm—*m

1139 4110 1521 4171 BOEOTICA.

1309 4237 1359 4285 2.

617 4330 810 4391 Adiacet
832 4335 1021 4381 lsmeno
1042 4332 1286 4382 Cithaeron
1312 4346 1449 4382 mons
1466 4370 1481 4395 ‚
1506 4334 1638 4396 prius
1656 4334 1868 4384 Asterius
1893 4335 1999 4384 ideo
2024 4350 2105 4384 vo·

553 4409 718 4466 ratus,
749 4408 877 4470 quod
892 4444 907 4469 ,
934 4422 1085 4470 quum
1110 4412 1302 4459 Boeotus
1315 4411 1518 4471 Neptuni
1546 4411 1670 4459 tilius
1686 4424 1748 4460 ex
1765 4411 1953 4461 duabus
1978 4413 2104 4462 nobi·

556 4484 678 4531 tibus
705 4485 983 4534 mulieribus
1012 4498 1118 4535 eam
1137 4522 1152 4546 ‚
1176 4500 1286 4549 quae
1317 4486 1406 4535 sibi
1436 4487 1597 4536 utilior
1630 4487 1903 4548 videbatur,
1926 4489 2105 4539 ducere

557 4563 725 4623 veliet,
752 4564 800 4613 et
836 4564 886 4612 in
918 4566 1169 4613 cacumine
1197 4565 1333 4613 collis
1360 4565 1610 4626 cujusdam
1647 4567 1929 4616 innominati
1963 4572 2104 4617 nocte

554 4644 808 4701 utramque
821 4643 1145 4702 exspectaret,
1165 4642 1419 4703 derepente
1438 4643 1572 4692 steila
1590 4643 1651 4692 de
1665 4645 1787 4692 coelo
1801 4644 1960 4693 delata
1979 4646 2103 4694 ceei-

552 4717 623 4766 dit
647 4716 694 4765 in
722 4717 947 4766 humeros
969 4719 1346 4779 Eurythemistes
1366 4721 1413 4766 et
1431 4720 1623 4767 evanuit
1651 4720 1828 4768 statim.
1862 4721 2005 4777 Quod
2039 4725 2104 4769 si·
2149 4740 2155 4781 μ

552 4808 697 4855 gnum
715 4797 938 4856 reputans
951 4809 1112 4845 secum
1130 4799 1322 4846 Boeotus
1336 4797 1457 4845 hauc
1472 4798 1678 4858 puellam
1695 4813 1892 4848 uxorem
1907 4800 2045 4848 duxit
2059 4802 2107 4849 et

554 4875 767 4923 montem
787 4874 1023 4923 Asterium
1039 4875 1100 4923 ab
1119 4875 1200 4923 ilio
1214 4890 1325 4924 casu
1346 4876 1685 4936 denominavit,
1703 4891 1846 4939 quem
1867 4879 2105 4940 postremo

554 4950 873 4999 Cithaeronem
895 4955 1128 5000 vocarunt
1151 4953 1214 5000 ob
1238 4953 1360 5000 haue
1387 4967 1596 5001 causam.
1638 4959 1799 5011 Quum
1822 4944 2103 5016 'tisiphone,

558 5029 805 5077 Furiarum
845 5042 968 5090 una,
992 5030 1275 5079 Cithaeronis
1308 5031 1612 5093 pulcherrimi
1651 5033 1782 5093 pueri
1813 5047 1977 5083 amore
2007 5049 2104 5082 cor·

2190 4128 2391 4177 exosus,
2412 4130 2473 4166 ue
2489 4118 2710 4179 dignatus
2728 4122 2799 4168 est
2830 4122 3027 4183 quidem
3059 4125 3102 4172 ei
3134 4138 3414 4188 responsum
3445 4130 3559 4177 dare
3582 4150 3594 4178 ;
3614 4128 3719 4176 unde

2194 4205 2315 4240 vana
2344 4206 2427 4255 spe
2460 4194 2624 4244 delusa
2650 4211 2677 4245 e
2703 4196 2913 4246 crinibus
2938 4204 3210 4261 serpentum
3233 4217 3385 4253 uuum
3409 4206 3602 4265 avulsit,
3620 4206 3717 4253 etin

2194 4271 2453 4330 superbum
2488 4270 2711 4330 juvenem
2744 4275 2973 4335 projecit,
3007 4290 3149 4338 quem
3187 4293 3383 4341 sequtus
3409 4283 3604 4331 nexibus
3630 4284 3714 4329 sui<

2192 4348 2515 4409 constringens
2534 4349 2770 4399 interemit
2789 4351 2835 4398 in
2856 4353 3025 4401 Asterii
3042 4354 3218 4403 montis
3236 4358 3564 4407 cacuminibm
3579 4372 3717 4419 καττῶ

2200 4424 2317 4471 tune
2336 4425 2561 4486 temporis
2578 4430 2868 4487 pascentem.
2894 4430 2993 4479 Diis
3010 4434 3172 4480 autem
3197 4433 3263 4480 ita
3288 4436 3580 4495 volentibus,
3601 4450 3715 4483 mom

2193 4499 2270 4547 ille
2288 4500 2350 4548 ab
2368 4514 2425 4549 eo
2444 4505 2643 4551 vocatus
2660 4507 2730 4552 est
2749 4504 2993 4554 citha-ron
3006 4543 3020 4567 ‚
3036 4510 3086 4555 ut
3107 4512 3275 4557 auctor
3290 4514 3361 4559 est
3385 4514 3477 4560 imo
3495 4512 3714 4574 Byzantia<

2148 4598 2156 4673 Ι
2194 4576 2387 4625 inlibris
2406 4580 2584 4627 Rerum
2609 4580 2941 4630 Boeotifflrum.

2724 4696 2822 4753 DE
2866 4696 3196 4758 Fulvus.

2631 4816 2671 4872 Ε
2716 4816 2937 4876 Lumo
2980 4818 3289 4877 TERTlO.

2938 4942 2989 4990 3.

2258 5034 2472 5082 Nascitur
2502 5035 2547 5082 in
2570 5033 2752 5094 Tigride.
2787 5036 2899 5097 iapis
2914 5075 2926 5097 ,
2950 5040 2993 5086 Μ
2999 5038 3155 5098 >udan
3176 5040 3369 5088 nomine
3385 5078 3398 5099 ‚
3422 5040 3529 5088 albo
3546 5048 3709 5101 prom

557 5107 689 5166 repta
722 5108 871 5163 esset,
907 5107 954 5152 ct
983 5120 1095 5154 cum
1130 5108 1371 5156 occultare
1410 5109 1543 5156 nulio
1582 5109 1723 5156 modo
1763 5114 1942 5171 posset,
1979 5111 2103 5159 iltius
2195 5112 2380 5170 soture,
2410 5125 2553 5171 quem
2586 5112 2666 5171 qui
2691 5114 2844 5171 tonet,
2881 5114 2918 5162 is
2950 5128 2975 5161 a
3015 5116 3173 5163 hostiis
3209 5117 3325 5164 nihii
3360 5116 3560 5175 laeditur,
3592 5111 3707 5163 sicuti

557 5194 830 5241 congressus
854 5195 965 5229 ausa
991 5184 1059 5229 ost
1094 5184 1266 5243 petere.
1307 5187 1365 5232 At
1406 5184 1647 5232 Cithwrou
1684 5189 1716 5233 F
1722 5188 1837 5233 uria·
1862 5188 2106 5236 horrorem
2195 5192 2352 5236 narrat
2384 5193 2507 5237 Leon
2531 5192 2780 5250 {tyrannus
2806 5192 2925 5240 libro
2944 5195 3082 5241 tentio
3114 5199 3178 5242 ns·
3204 5194 3505 5243 fluminibus?
