3900 6042
603 445 717 494 270

1730 431 2185 493 Ams‘roxENl
2228 433 2651 496 TARENTINI

607 557 716 610 hoc
751 556 933 609 Suidae
970 544 1130 622 loro,
1181 566 1297 609 tum
1336 574 1402 609 ex
1446 556 1721 610 Cicerone
1762 563 2010 621 constat,
2052 555 2152 627 qui
2247 554 2313 607 13
2340 571 2355 612 ε
2382 552 2605 628 Λέγουσι
2630 553 2683 611 δὲ
2712 553 2802 611 καὶ
2826 552 3174 634 Ἀριστόξενον
3206 556 3284 634 τῷ
3312 554 3495 632 γέλωτι
3518 556 3603 612 ἀνὰ
3624 558 3724 635 ²?4·

609 644 1004 696 Aristoxenum
1031 642 1351 695 Dicoeaoelai
1377 644 1802 715 eondioeIpulum
1829 652 2011 697 vocat.
2048 642 2153 695 Di-

607 730 802 782 sertius
831 730 999 782 etiam
1017 728 1125 782 hoc
1148 729 1315 782 docet
1331 732 1399 785 A.
1421 728 1630 784 Gellius
1650 730 1718 785 N.
1747 731 1817 783 A.
1839 730 1937 796 IV,
1963 746 2014 782 c.
2050 746 2073 781 1
2089 746 2111 782 1
2134 744 2149 785 ε

608 814 724 868 Sed
743 818 1100 869 Aristoxenus
1119 815 1366 869 Musica-s·
1384 818 1689 870 Aristotelis
1701 815 2033 889 philosophi
2049 834 2151 868 au·

609 901 770 955 ditor.
816 902 1014 974 Operae
1058 910 1248 956 tamen
1285 902 1535 974 pretium
1589 912 1671 956 est
1713 902 1823 955 hoc
1866 902 2152 973 aliquanto

583 987 838 1042 ‘uberius
860 988 1161 1060 explicare.
1193 989 1382 1058 Quum
1409 986 1748 1056 Alexander,
1778 989 1965 1043 occiso
1994 998 2154 1060 patre

613 1074 909 1146 Philippo,
937 1074 1085 1129 circa
1114 1075 1337 1147 Olymp.
1376 1092 1438 1127 ιι
1455 1091 1478 1128 1
1514 1091 1706 1128 rerum
1740 1074 1956 1146 potitus
1978 1083 2147 1142 esset,

611 1169 779 1232 atque
800 1162 1153 1232 Aristoteles,
1176 1162 1275 1233 qui
1294 1161 1476 1233 ipsum
1501 1161 1719 1233 aliquot
1740 1178 1917 1215 anuos
1939 1159 2155 1215 docue-

611 1257 723 1314 rat,
746 1249 916 1301 vitam
944 1247 1392 1319 tranquilliorem
1420 1255 1730 1318 quereret,
1764 1245 2024 1301 deserere
2048 1262 2152 1300 re-

610 1350 736 1404 gem
758 1333 863 1387 sibi
889 1335 1216 1406 proposuit,
1242 1333 1440 1387 relicto
1464 1331 1616 1405 apud
1637 1349 1766 1386 eum
1790 1332 2151 1401 Callisthene,

499 1458 502 1461 .
611 1430 851 1491 cognato
874 1437 976 1473 suo
991 1459 1006 1487 ‚
1042 1418 1397 1491 Athenasque
1423 1417 1590 1487 abiit,
1620 1435 1821 1490 quum,
1840 1418 2154 1490 Speusippo

610 1504 890 1577 ipsiusque
921 1504 1206 1560 decessore
1233 1505 1464 1581 Platone
1478 1504 1594 1575 jam
1621 1506 1885 1571 mortuis,
1920 1505 1979 1557 in
2005 1507 2155 1559 Aca-

607 1591 794 1647 demia
818 1592 1052 1648 doceret
1078 1593 1425 1647 Xenocrates
1470 1608 1485 1648 t
1529 1590 1602 1646 ad
1646 1591 1804 1663 cujus
1837 1591 2154 1663 exemplum

611 1681 931 1734 Aristoteles
968 1679 1216 1733 scholam
1258 1679 1477 1751 aperuit
1503 1679 1563 1731 in
1602 1680 1788 1750 Lyceo
1833 1678 2142 1750 gyruuasio,

605 1784 780 1838 quam
825 1766 929 1840 'per
961 1767 1076 1821 XII
1115 1776 1212 1821 aut
1258 1767 1400 1821 xm
1437 1763 1701 1836 deinceps
1732 1782 1910 1819 annos
1945 1765 2150 1831 tenuit,

611 1852 671 1905 id
699 1863 808 1921 est,
839 1854 910 1907 ab
932 1853 1157 1924 Olymp.
1194 1870 1296 1906 ιιι
1319 1891 1335 1920 ,
1364 1850 1418 1907 3.
1443 1849 1551 1913 334
1581 1850 1655 1905 ad
1673 1851 1897 1922 Olymp.
1932 1856 2069 1917 114,
2098 1847 2152 1905 3.

614 1937 747 1993 322.
766 1941 1130 1993 Aristoxenus
1141 1939 1312 2011 igitur
1326 1939 1472 1991 intra
1486 1938 1599 1991 hoc
1618 1938 1884 2010 temporis
1907 1936 2146 2009 spatiuin

612 2023 826 2077 audivit
847 2024 1199 2079 Aristotelem
1213 2064 1229 2090 ,
1250 2035 1308 2077 et
1328 2022 1556 2094 quidem
1572 2063 1592 2095 ,
1611 2033 1675 2075 ut
1695 2022 1934 2091 videtur,
1957 2039 2151 2094 quam·

609 2108 712 2162 diu
750 2111 797 2164 is
823 2111 1055 2164 Athenis
1082 2109 1216 2178 suit,
1245 2109 1458 2181 quippe
1484 2109 1688 2163 scholae
1717 2126 2002 2164 successor
2030 2106 2153 2164 fieri

609 2195 887 2267 sperabat.
918 2197 1190 2249 Praeterea
1214 2211 1334 2248 non
1360 2212 1536 2249 unum
1557 2205 1653 2249 aut
1677 2194 1795 2249 duo
1823 2213 2001 2249 annos
2025 2195 2151 2250 Ari-

609 2280 820 2336 stotelis
864 2281 1167 2354 discipulus
1209 2281 1371 2336 fuisse
1411 2281 1659 2349 videtur,
1705 2274 1808 2337 sed
1856 2281 1957 2336 diu
1997 2281 2150 2355 apud

611 2370 792 2440 ipsum
835 2367 1078 2442 degisse,
1124 2369 1255 2441 quia
1297 2368 1493 2423 habuit
1520 2366 1754 2443 μεγάλην
1779 2364 1927 2434 δόξαν
1969 2368 2023 2424 ἐν
2050 2367 2153 2432 τοῖς

615 2456 894 2530 ἀκροαταῖς
938 2457 1028 2509 τοῦ
1082 2451 1482 2530 Ἀριστοτέλους.
1533 2457 1592 2512 Si
1637 2457 1811 2530 igitur
1857 2457 2150 2518 Aristoxe-⁴

608 2560 746 2596 num
767 2543 929 2597 XXV
956 2560 1132 2598 annos
1161 2554 1355 2597 nutum
1377 2543 1436 2596 in
1466 2543 1775 2599 Aristotelis
1805 2542 2149 2615 disciplinam

608 2630 850 2698 venisse,
889 2630 947 2682 in
987 2646 1162 2701 eaque
1203 2631 1275 2685 VI
1316 2640 1412 2684 aut
1448 2632 1582 2685 VIII
1609 2646 1787 2684 annos
1826 2629 2151 2683 contrivisse

609 2715 871 2769 faciamus
910 2733 924 2768 :
966 2726 1084 2769 tum
1127 2715 1336 2770 incidet
1375 2715 1492 2786 ejus
1529 2716 1782 2770 nativitas
1822 2717 1884 2769 in
1921 2714 2146 2787 Olymp.

617 2800 723 2855 105
754 2813 851 2856 aut
885 2801 1011 2856 106.
1043 2803 1248 2856 Utrum
1273 2820 1411 2856 vero
1440 2804 1567 2874 quis
1595 2802 1741 2857 hauc
1768 2802 2151 2873 conjecturam

607 2889 813 2960 probet
830 2931 846 2954 ,
871 2905 1075 2956 necne,
1099 2889 1237 2942 nihil
1265 2906 1606 2962 magnopere
1627 2888 1819 2943 refert.

689 2999 714 3025 ι
736 2977 958 3029 Mortuo
981 2978 1294 3041 Aristotele,
1328 2977 1513 3048 pergit
1527 2974 1743 3044 Suidas,
1767 2994 1931 3047 quum
1970 2975 2149 3030 Theo-

601 3062 894 3135 phrastum
939 3062 1148 3115 schola·
1189 3080 1542 3115 successorem
1597 3063 1819 3127 videret
1864 3064 2138 3130 relictum‘,

606 3154 846 3203 convitiis·
897 3154 1189 3202 insectatus
1226 3160 1311 3203 est
1350 3152 1695 3219 magiarum.
1735 3148 1972 3202 Videtur
2016 3150 2148 3220 qui-

609 3235 741 3290 dem
766 3237 1130 3291 Aristoxenus
1166 3233 1567 3288 maledicentiae
1594 3233 1908 3303 indulsisse,
1940 3237 2150 3308 quippe

608 3320 725 3392 ejus
751 3322 856 3376 alia
890 3338 991 3376 suo
1033 3321 1159 3375 loco
1203 3320 1534 3376 habebimus
1570 3320 1779 3375 indicia
1808 3340 1821 3374 :
1847 3333 2147 3394 propterea

608 3418 795 3464 tamen
823 3418 974 3464 tauta
1014 3426 1133 3461 non
1157 3407 1327 3462 debet
1357 3424 1471 3461 esse
1496 3406 1678 3461 Suidae
1714 3409 2048 3477 auctoritas,
2086 3421 2151 3464 ut

609 3495 777 3567 ipsius
798 3493 946 3549 dicta
973 3494 1182 3548 oraculi
1210 3494 1382 3547 instar
1400 3493 1719 3550 babeamus.
1749 3494 1942 3549 Obstat
1969 3496 2022 3549 ei
2039 3496 2150 3551 hoc

609 3583 737 3634 loco
755 3581 1052 3635 Aristocles
1065 3578 1150 3656 (¹⁶),
1176 3579 1262 3651 cuj
1268 3598 1330 3634 us
1340 3580 1514 3635 bacin
1527 3598 1588 3635 re
1599 3579 1704 3651 maj
1711 3581 1824 3635 oris
1832 3581 2149 3637 aestimanda

607 3678 687 3722 est
708 3667 1033 3737 auctoritas,
1057 3668 1268 3738 quique
1287 3666 1490 3721 diserte
1507 3665 1701 3740 prodit
1715 3707 1730 3735 ‚
1754 3670 2148 3723 Aristoxenum

605 3760 888 3827 nunquam
924 3758 1034 3807 nisi
1045 3753 1451 3825 perhonorifice
1484 3757 1797 3808 Aristotelis
1818 3761 2146 3811 mentionem

592 3837 807 3909 jecisse
842 3839 943 3912 (fir.
984 3839 1114 3911 35).
1160 3839 1419 3898 Ceterum
1453 3841 1591 3895 mihi
1631 3843 1996 3902 Aristoxenus
2030 3861 2148 3898 non

604 3926 830 3983 videtur
870 3945 939 3982 ex
984 3927 1234 3981 instituto
1275 3926 1673 3982 maledicentiae
1707 3927 2007 3997 studuisse,
2048 3929 2148 3984 sed

606 4016 714 4070 hoc
741 4016 929 4088 potius
950 4032 1020 4069 ex
1046 4015 1218 4087 ipsips
1241 4015 1489 4069 moribus
1514 4024 1570 4068 et
1594 4014 1821 4089 ingenio
1846 4032 1959 4070 esse
1984 4033 2146 4089 repe-

602 4101 836 4157 tendum
869 4120 882 4154 :
914 4109 977 4154 ut
994 4112 1146 4156 recte
1168 4099 1239 4155 de
1262 4101 1384 4173 ipso
1406 4100 1742 4171 judicaverit
1758 4100 2026 4156 Adrastus
2049 4122 2142 4176 ap.

606 4190 789 4245 Procl.
827 4190 886 4243 iu
921 4189 1060 4244 Plat.
1089 4189 1232 4243 Tim.
1264 4190 1370 4262 111,
1402 4206 1461 4261 p.
1501 4205 1605 4259 19²
1629 4205 1643 4245 z
1671 4182 1801 4245 'Ort
1826 4186 1886 4243 οὗ
1922 4185 2060 4244 πάνυ
2087 4187 2147 4246 τὸ

604 4268 734 4339 εἶδος
778 4272 908 4351 ἀνὴρ
954 4272 1141 4337 ἐκεῖνος
1182 4271 1455 4349 μουσικὸς,
1494 4271 1610 4329 ἀλλ’
1651 4271 1790 4337 ὅπως
1829 4269 1892 4329 ἂν
1930 4271 2051 4350 δόξῃ
2093 4297 2144 4331 τι

602 4359 777 4418 καινὸν
800 4358 969 4435 λέγειν
1003 4358 1348 4438 πεφροντικώς
1363 4379 1378 4395 ·
1424 4379 1535 4416 non
1572 4362 1867 4416 admodum
1895 4362 2147 4418 moribus

603 4452 760 4505 illum
778 4454 962 4502 virum
984 4466 1101 4502 esse
1117 4453 1379 4501 musicum
1393 4489 1408 4514 ‚
1440 4448 1543 4502 sed
1564 4449 1731 4501 talem
1751 4486 1768 4515 ,
1794 4451 1887 4519 qui
1907 4466 2145 4520 quocun-

601 4554 704 4610 que
731 4537 887 4590 modo
910 4540 1035 4590 novi
1060 4536 1281 4608 ahquid
1301 4536 1485 4589 dicere
1502 4545 1720 4607 φαεν-ατ
1750 4532 1870 4609 (**).
1897 4536 2034 4605 Quae
2055 4553 2145 4590 au·

603 4634 716 4678 tem
731 4622 802 4677 de
816 4623 1134 4679 Aristoxeni
1151 4623 1378 4696 ingenio
1401 4620 1574 4676 refert
1587 4620 1791 4677 AElian.
1807 4622 1871 4676 V.
1894 4622 1971 4675 H.
1987 4622 2143 4692 VIII,

660 4792 723 4853 θ)
741 4811 764 4835 α
787 4791 920 4855 Apud
941 4789 1111 4841 Emeb.
1125 4793 1198 4840 Pr.
1218 4794 1306 4840 Ev.
1328 4791 1433 4851 XV,
1455 4796 1623 4852 2,quae
1640 4790 1780 4839 verba
1797 4789 2005 4839 invenies
2022 4790 2144 4842 infra

599 4863 724 4912 iuter
744 4864 1004 4924 nements
1025 4860 1335 4911 Aristoxeuici
1358 4861 1516 4921 operis
1537 4860 1600 4910 de
1630 4863 1746 4909 Vita
1771 4860 2029 4909 Platonis.
2056 4880 2081 4905 »

660 4933 750 4993 (**)
769 4952 792 4975 a
811 4934 884 4980 lta
897 4931 1025 4980 hunc
1039 4931 1198 4980 locum
1221 4930 1558 4991 interpretetus
1574 4932 1647 4978 est
1666 4929 1945 4978 meibomius
1962 4929 2024 4978 ad
2042 4931 2141 4980 Ari·

599 5003 787 5050 stoxeni
811 5004 975 5050 Harm.
1003 4999 1206 5049 Elem.l.
1233 5002 1282 5058 Ι,
1308 5001 1356 5047 et
1375 4998 1564 5048 videtur
1583 5001 1772 5048 ΕΙΔΟΣ
1799 5001 2035 5060 corrigere
2052 5013 2141 5049 vo-

599 5071 744 5120 luisse
760 5071 807 5119 in
827 5072 1021 5129 ΗΘΟΣ,
1040 5069 1216 5131 quippe
1238 5068 1381 5118 vertit
1394 5068 1622 5119 moribus
1647 5083 1664 5117 :
1683 5067 1813 5130 quod
1828 5068 2024 5120 omniuo
2037 5082 2140 5131 pro·

599 5139 810 5187 bandum
834 5140 921 5187 est.
955 5158 979 5180 υ

2239 661 2322 705 τος
2347 639 2594 716 πολέμιον
2638 639 2901 717 γενέσθαι·
2959 646 3149 697 dicunt
3184 650 3362 699 etiam
3404 648 3727 700 Aristoxenum

2240 733 2376 782 risui
2399 731 2573 784 valde
2582 727 2770 800 fuisse
2791 731 3190 798 adoersorium,
3233 750 3306 786 ex
3324 725 3514 786 eadem
3542 733 3729 787 sabella-

2241 833 2367 868 rum
2394 815 2618 870 officina
2635 857 2652 885 ,
2688 835 2798 888 qua
2832 818 2971 893 risus
3003 819 3325 871 Democriti
3352 827 3513 889 atque
3535 818 3731 890 ploratus

2243 902 2537 971 Heracliti,
2577 903 2832 975 profecta
2854 903 3137 958 videntur.
3166 935 3249 945 —-
3276 905 3428 957 Vixit
3464 905 3616 976 igitur
3635 908 3724 960 Ari-

2240 998 2504 1043 stoxenus
2531 989 2880 1061 temporibus
2904 990 3219 1045 Alexandri
3249 990 3438 1063 Magni
3469 1001 3521 1044 et
3543 1007 3731 1062 sequen·

2242 1072 2419 1142 tibus,
2458 1073 2675 1146 fuitque
2701 1076 2926 1147 aequalis
2959 1077 3275 1131 Dicaearchi
3317 1078 3581 1144 Mesoenii‚
3607 1087 3657 1129 ut
3681 1095 3729 1130 ex

2241 1157 2450 1214 ultimis
2475 1160 2658 1215 Suidae
2680 1162 2866 1216 verbis
2891 1173 3142 1235 apparet.
3175 1165 3262 1217 Ex
3292 1163 3410 1217 Cic.
3439 1164 3586 1215 Tusc.
3607 1164 3644 1231 1,
3666 1162 3731 1231 13,

2242 1246 2411 1300 etiam
2437 1245 2728 1316 discimus,
2755 1249 3151 1305 Aristoxenum
3192 1250 3364 1304 fiiisse
3398 1249 3633 1320 aequalem
3654 1250 3729 1302 Di·

2243 1333 2471 1388 caearchi
2487 1373 2503 1402 ,
2532 1334 2633 1388 ubi
2676 1336 2753 1390 ait
2795 1336 2989 1391 Cicero
3030 1354 3045 1389 ε
3085 1335 3483 1390 Dieoearehum
3507 1353 3624 1389 vem
3642 1354 3732 1387 cum

2246 1422 2596 1487 Aristoxeno,
2654 1423 2865 1494 oequali
2911 1434 2973 1476 et
3010 1424 3397 1495 condiscipulo
3430 1440 3543 1486 suo,
3589 1422 3733 1475 doctos

2240 1523 2378 1559 sane
2420 1506 2689 1577 homines,
2732 1515 3064 1566 ominamus.
3104 1512 3302 1580 Quare
3344 1519 3489 1564 recte
3524 1507 3732 1562 restitnit

2244 1592 2463 1648 Vossius
2485 1596 2567 1649 De
2590 1596 2733 1650 Hist.
2759 1595 2861 1652 Gr.
2887 1597 2936 1664 1,
2973 1615 3024 1650 c.
3058 1615 3118 1669 9,
3142 1614 3406 1651 errorem
3436 1594 3634 1666 Cydni,
3658 1596 3728 1666 qui

2242 1677 2462 1731 Eusebii
2482 1681 2667 1735 verbis
2684 1680 2951 1753 deceptus
2972 1682 3373 1736 Aristoxenum
3397 1681 3535 1733 circa
3553 1679 3727 1751 Olymp.

2242 1764 2441 1818 XXIX
2468 1767 2663 1823 vixisse
2694 1768 2985 1840 perhibet,
3012 1770 3229 1840 quippe
3264 1768 3339 1835 is,
3368 1784 3525 1837 quem
3549 1783 3608 1819 eo
3634 1766 3729 1818 loco

2242 1850 2375 1904 citat
2392 1852 2685 1920 Eusebius,
2716 1871 2833 1907 non
2860 1864 2941 1908 est
2963 1856 3336 1909 Aristoxenus
3374 1858 3615 1917 musicus,
3639 1851 3726 1921 sed,

2242 1946 2305 1989 ut
2326 1950 2475 1993 recte
2500 1939 2757 1994 observat
2780 1942 3028 2009 Vossius,
3060 1943 3431 1995 Aristoxenus
3448 1950 3626 2012 poeta,
3650 1955 3728 1990 co-

2241 2026 2506 2096 gnomine
2549 2025 2885 2080 Selinuntius
2945 2026 3024 2099 (v.
3090 2027 3165 2082 fr.
3231 2025 3306 2082 55
3324 2028 3362 2091 l,
3410 2027 3638 2080 Ceterum
3673 2021 3725 2075 ad

2242 2128 2465 2165 omnem
2494 2111 2567 2166 de
2592 2122 2749 2167 aetate
2789 2115 3106 2168 Aristoxeni
3135 2114 3540 2168 dubitationem
3567 2110 3726 2162 tollen·

2242 2196 2372 2251 dam
2405 2196 2682 2253 sufficiant
2723 2201 2893 2273 ipsius
2941 2201 3116 2255 verba
3156 2200 3313 2273 apud
3358 2199 3552 2271 Porph.
3588 2216 3636 2252 n.
3668 2194 3723 2264 59

2241 2282 2314 2337 de
2338 2283 2664 2340 vadimonio
2694 2287 2962 2341 Damonis
2995 2298 3051 2341 et
3081 2287 3322 2341 Phintiae
3340 2328 3355 2353 ‚
3382 2286 3452 2341 de
3485 2303 3587 2356 quo
3608 2299 3654 2335 se
3672 2298 3722 2333 ex

2241 2371 2511 2443 Dionysio
2546 2373 2943 2445 Syracusarum
2972 2385 3216 2445 tyranno
3245 2373 3509 2428 audivisse
3533 2369 3669 2425 refert
3701 2390 3719 2412 ι

2602 2502 2907 2559 SCRIPTA
2949 2502 3421 2558 ARISTOXEM.

2318 2630 2515 2686 Suidas
2541 2650 2598 2687 v.
2621 2629 2960 2709 Ἀριστόξενος
2994 2651 3008 2688 :
3045 2630 3377 2698 Συνετάξατο
3398 2629 3448 2686 δὲ
3476 2622 3662 2703 pocomi
3682 2643 3723 2677 u

2240 2713 2330 2773 καὶ
2359 2716 2611 2796 φιλόσοφοι
2639 2718 2727 2775 καὶ
2749 2718 2975 2795 ἱστορίας
2994 2719 3085 2777 καὶ
3109 2718 3307 2784 παντὸς
3329 2718 3485 2781 εἴδους
3509 2710 3718 2775 παιδείας,

2238 2801 2328 2859 καὶ
2361 2805 2576 2882 ἀριθμοῦ
2609 2807 3048 2884 (ἀριθμοῦνταιῗ)
3073 2807 3236 2864 αὐτοῦ
3265 2804 3331 2863 τὰ
3356 2802 3520 2882 βιὸλία
3543 2802 3600 2863 εἷς
3617 2796 3714 2870 Μ’·

2317 2891 2408 2947 Ad
2440 2894 2631 2949 classes
2664 2912 2698 2949 a
2732 2894 2903 2949 Suida
2927 2894 3198 2951 indicatas
3224 2910 3538 2951 revocemus
3573 2887 3718 2942 titulos

2237 2981 2567 3052 superstites.

2238 3092 2286 3145 Ι.
2330 3088 2567 3149 Μοειω.

2402 3214 2453 3250 1.
2501 3192 2635 3271 Περὶ
2656 3198 2903 3270 μουσικῆς
2925 3197 3013 3270 (fr.
3043 3196 3116 3251 68
3140 3193 3308 3271 sqq.).
3333 3189 3632 3252 Laudaturl.
3649 3187 3715 3239 ll*-

2438 3325 2450 3338 .
2496 3280 2630 3359 Περὶ
2654 3286 2904 3356 μουσικῆς
2926 3280 3227 3360 ἀκροάσεως
3260 3280 3392 3362 (77).

2438 3388 2450 3403 ·
2495 3366 2627 3447 Περὶ
2646 3367 2939 3445 ἁρμονικῶν
2960 3369 3254 3446 στοιχείων.
3280 3374 3315 3426 l.
3339 3371 3417 3426 111
3438 3363 3712 3439 superstites-

2441 3497 2454 3510 .
2504 3454 2635 3534 Περὶ
2664 3458 2923 3534 ῥυθμικῶν
2953 3456 3249 3534 στοιχείων.

2439 3583 2456 3600 .
2502 3540 2635 3620 Περὶ
2661 3541 2844 3601 τόνων.

2498 3626 2629 3705 Περὶ
2657 3630 2852 3707 ἀρχῶν.

2439 3757 2452 3770 .
2498 3714 2630 3793 Περὶ
2659 3714 2979 3790 μεταὸολῶν.

2440 3845 2453 3858 .
2499 3800 2633 3879 Περὶ
2661 3803 2834 3859 αὐλῶν
2858 3801 2947 3859 καὶ
2969 3801 3199 3881 ὀργάνων
3231 3804 3333 3877 (71
3365 3792 3528 3872 sqq.)-

2394 3909 2455 3964 9.
2500 3888 2631 3966 Περὶ
2659 3890 2831 3945 αὐλῶν
2857 3888 3085 3967 τρήσεως
3114 3888 3255 3965 (67).

2361 3995 2451 4032 10.
2499 3974 2633 4053 Περὶ
2665 3979 2912 4054 τραγικῆς
2938 3975 3201 4054 ὀρχήσεως
3234 3977 3256 4052 (
3273 3984 3341 4043 41.
3366 3971 3507 4047 sqq).

2362 4083 2383 4119 ι
2403 4084 2424 4118 1
2439 4105 2452 4118 .
2502 4061 2634 4141 Περὶ
2661 4062 2988 4138 μελοποιίας,
3008 4068 3083 4120 lv
3104 4067 3395 4120 minimum
3417 4059 3531 4116 libri
3551 4052 3625 4129 (⁴)-

2396 3735 2431 3857 ΦΩ
2395 3301 2450 3686 ,Φθῑῶωὓ

2236 4173 2311 4228 Π.
2354 4168 2788 4228 Pmmsormcs.

2398 4293 2448 4332 1.
2490 4268 2660 4347 Νόμοι
2683 4271 3003 4330 missuum(
3033 4272 3141 4348 (76
3166 4294 3253 4349 sq.
3270 4276 3309 4347 ).

2393 4380 2450 4419 a.
2495 4359 2665 4434 Νόμοι
2691 4358 2946 4418 πολιτικοί
2968 4359 3108 4437 (80).

2396 4447 2449 4505 3.
2498 4446 2631 4524 Περὶ
2666 4448 3008 4525 ἀριθμητικῆς
3038 4444 3175 4523 (δι).

2394 4542 2448 4600 l..
2496 4532 2852 4613 Πυθαγορικαὶ
2878 4532 3163 4612 ἀποφάσεις
3193 4536 3255 4610 (7
3286 4531 3453 4607 sqq.).

2234 4642 2337 4698 111.
2386 4637 2712 4695 Hisromcs.

2399 4762 2447 4801 1.
2494 4740 2609 4799 Βίοι
2636 4742 2832 4820 ἀνδρῶν
2871 4744 2930 4817 (ι
2960 4742 3143 4817 sqq.).

2394 4850 2452 4885 a.
2498 4827 2632 4908 Περὶ
2659 4829 3057 4908 τραγῳδοποιῶν
3086 4830 3193 4904 (4ο
3224 4827 3398 4904 sqq.)-

2295 5000 2359 5061 (*)
2395 5000 2550 5061 Hujus
2565 5002 2721 5063 operis
2733 5038 2748 5063 ,
2766 5001 2904 5061 cujus
2927 5000 3101 5049 librum
3120 5004 3345 5062 quartum
3366 4990 3509 5045 laudat
3531 4977 3691 5056 Ροῐτξῦῐ·

2232 5070 2330 5118 rius
2351 5068 2412 5117 ad
2435 5070 2632 5150 Ptolem.
2662 5083 2786 5119 mus.
2813 5083 2862 5132 p.
2892 5076 3013 5131 298,
3048 5071 3333 5119 mentionem
3363 5060 3477 5127 apud
3504 5052 3691 5106 Halmwffl

2230 5152 2325 5187 non
2351 5152 2547 5201 reperio.
