3900 6042
1540 487 2042 554 FRAGMENTA.

180 628 451 685 scrutetur,
469 620 640 690 paria
657 617 823 671 dictis
850 621 1100 673 inveniet.
1159 618 1418 691 Namque
1421 632 1556 695 post
1580 622 1720 676 Eze-

3241 517 3364 569 5015

1895 625 1986 681 Ad
2004 627 2038 702 §
2055 634 2086 692 4
2109 628 2183 687 cf.
2209 630 2447 703 Syncell.
2467 650 2525 705 p.
2547 650 2579 687 2
2595 653 2617 688 1
2631 652 2686 703 0,
2706 634 2749 689 B
2768 654 2780 691 :
2796 634 2993 692 Τοῦτον
3012 634 3370 714 (Ναὸοπαλά-

181 706 360 760 chiam
380 706 612 759 residuis
635 705 859 758 Judoeis
882 705 1177 758 Manasses
1203 710 1443 779 imperat
1470 709 1521 762 Ε
1522 708 1729 763 zechioe
1819 731 1976 788 σαρον
2007 713 2093 771 τὸν
2115 714 2317 794 πατέρα
2337 720 2425 774 τοῦ
2457 719 2504 776 N
2508 716 2958 799 αὸουχοδονόσωρ)
2998 724 3026 779 6
3056 721 3370 802 Πολυΐστωρ

174 792 319 858 filius
333 796 571 864 quinque
585 796 751 845 annis
764 802 824 844 et
843 795 1249 865 qulnquaginta
1269 794 1481 868 (Regg.
1506 796 1601 862 lv,
1631 813 1724 863 αι,
1819 793 2144 877 Ἀλέξανδρος
2205 799 2648 879 Σαρδανάπαλλον
2701 806 2853 864 καλεῖ
2903 806 3188 887 πέμψαντα
3238 810 3366 890 πρὸς

190 878 255 951 ι),
277 878 478 932 deinde
506 881 741 931 Amosus
763 876 870 950 (sie
894 881 1300 965 pro-Ammone
1322 880 1501 935 Biblia
1522 884 1728 936 Arme-
1819 880 2108 963 Ἀστυάγην
2150 887 2424 966 σατράπην
2463 888 2670 959 Μηδίας
2694 890 2783 948 καὶ
2804 891 2897 963 τὴν
2925 894 3179 975 θυγατέρα
3204 898 3362 955 αὐτοῦ

180 964 367 1037 niaca)
391 971 558 1018 annis
589 964 872 1018 duodecim
897 982 912 1016 t
942 975 1053 1018 tum
1093 966 1282 1019 Josias
1305 970 1530 1038 triginta
1562 974 1731 1049 annis
1819 965 2069 1046 Ἀμυΐτην
2093 971 2374 1052 (Ἀρωΐτην
2418 978 2625 1054 Goar.)
2662 976 2893 1036 λαὸόντα
2922 978 3127 1057 νύμφην
3172 982 3243 1049 εἷς
3283 982 3369 1040 τὸν

181 1063 232 1104 et
251 1069 356 1105 uno
378 1069 397 1103 :
420 1063 617 1124 postea
637 1050 979 1115 Joachimus,
1018 1052 1118 1105 sub
1150 1058 1304 1121 cujus
1322 1058 1479 1127 regni
1491 1060 1725 1126 primor-

179 1139 277 1191 diis
296 1150 650 1210 occupaturus
661 1138 1038 1207 Hierosolyma
1056 1137 1621 1195 Nabuchodonosorus
1638 1160 1730 1195 su-
1749 1150 1758 1158 '

176 1230 441 1297 pervenit,
462 1230 810 1297 captivosque
830 1224 1059 1279 Judoeos
1086 1226 1430 1296 Babylonem
1452 1229 1734 1281 transtulit

184 1310 261 1386 (c.
288 1316 393 1379 24,
432 1328 455 1365 1
482 1307 520 1385 ).
561 1313 731 1383 Atqui
752 1311 827 1364 ab
858 1311 1105 1364 Ezechia
1123 1311 1207 1364 ad
1237 1311 1729 1368 Nabuchodonoso-

181 1414 292 1450 rum
318 1401 456 1450 anni
480 1407 603 1451 octo
638 1407 937 1450 exem-runt
965 1408 1024 1451 et
1055 1402 1337 1469 octogiuta
1347 1437 1366 1465 ‚
1409 1410 1542 1472 quot
1564 1404 1733 1454 nimi-

182 1501 294 1536 rum
313 1483 637 1553 Polrhistor
655 1501 730 1537 ex
750 1482 987 1537 historia
1013 1483 1324 1539 Chaldaica
1340 1491 1672 1558 supputavit.

257 1569 309 1624 3.
355 1570 458 1624 His
496 1569 750 1624 omnibus
783 1571 1064 1637 absolutis,
1101 1577 1288 1647 pergit
1340 1573 1517 1635 denuo
1560 1573 1735 1644 Poly·-

184 1656 351 1711 histor
369 1673 457 1710 res
484 1658 699 1730 aliquot
733 1662 901 1712 etiam
942 1676 981 1711 a
1007 1658 1368 1713 Seneclten'bo
1409 1669 1600 1730 gestas
1624 1676 1732 1711 ex-

174 1761 400 1816 ponere,
460 1744 640 1816 deque
689 1743 855 1814 hujus
897 1744 954 1817 fi
954 1746 1024 1798 lio
1065 1745 1261 1799 eadem
1300 1747 1480 1818 plane
1521 1749 1735 1799 ratione

180 1831 360 1884 scribit
392 1849 507 1903 qua
547 1831 677 1884 libri
716 1831 1094 1896 Hebraeorum,
1141 1842 1501 1905 accurateque
1540 1832 1731 1885 admo·

182 1919 303 1971 dum
326 1929 528 1971 cuncta
557 1919 817 1973 edisserit.
839 1918 1199 1991 Pythagoras
1222 1924 1447 1991 sapiens
1446 1919 1641 1990 fertur
1663 1937 1734 1973 ea

184 2016 501 2077 tempestate
521 2005 621 2058 sub
662 2004 753 2058 his
773 2006 995 2080 regibus
1019 2010 1295 2059 exstitisse
1336 2006 1442 2079 (cf.
1472 2004 1731 2078 Abydeni

183 2091 248 2147 fr.
273 2110 301 2160 7
318 2092 358 2165 ).
380 2092 520 2145 lam
541 2103 671 2163 post
688 2091 1085 2163 Sammughem
1116 2097 1406 2165 imperavit
1444 2091 1734 2147 Chaldoeis

182 2179 622 2252 Sardanapallus
639 2183 850 2250 viginti
868 2184 1034 2233 annis
1055 2191 1111 2233 et
1123 2198 1248 2235 uno,
1271 2176 1325 2201 *¹*
1346 2176 1425 2255 (4)
1443 2180 1597 2233 Isad
1617 2183 1733 2235 As-

182 2264 449 2338 dahagem
508 2261 846 2337 (Astyagem
885 2262 1148 2339 Aucher.)
1191 2271 1285 2339 qui
1319 2278 1447 2320 erat
1487 2267 1735 2321 Medica:

180 2359 349 2422 gentis
361 2369 582 2426 proeses
598 2364 658 2406 et
689 2363 921 2425 sau-apa
939 2393 956 2421 ,
981 2358 1169 2425 copias
1204 2356 1516 2409 aua-iliares
1554 2360 1722 2420 misit,

182 2441 433 2495 videlicet
454 2451 522 2493 ut
549 2439 689 2511 filio
705 2458 808 2493 suo
837 2437 1321 2495 Nabucodrossoro
1371 2442 1733 2515 desponderet

186 2527 483 2581 Amuhiam
510 2545 542 2580 e
566 2526 800 2594 filiabus
837 2527 1163 2602 Asdahagis
1190 2546 1380 2585 unam.
1413 2528 1490 2603 (5)
1519 2530 1737 2584 Deinde

184 2614 685 2668 Nabucodmssorus
722 2614 1042 2668 dominatus
1062 2626 1146 2668 est
1174 2614 1343 2669 tribus
1367 2620 1530 2670 annis
1567 2634 1737 2688 supra

185 2703 554 2777 quadraginta
573 2742 586 2766 ,
625 2705 797 2775 quiet
817 2703 1045 2756 collecto
1072 2707 1318 2755 exercitu
1332 2707 1736 2775 impressionem

178 2787 408 2858 faciens,
429 2789 662 2842 Judoeos
675 2830 688 2854 ,
738 2787 1035 2843 Phoenices
1072 2800 1132 2843 et
1158 2790 1325 2860 Syros
1354 2795 1412 2844 in
1433 2795 1736 2843 servitutem

184 2878 402 2951 redegit.
428 2878 628 2949 Neque
641 2893 779 2929 sane
798 2894 934 2948 opus
945 2886 1029 2929 est
1045 2894 1134 2929 me
1142 2876 1397 2949 pluribus
1411 2875 1739 2947 confirmare

185 2964 575 3034 Polyhiston’m
586 2968 722 3016 item
748 2968 806 3015 in
822 2961 909 3015 his
928 2981 1051 3016 cum
1074 2961 1341 3018 hebraica
1362 2962 1597 3018 historia
1615 2983 1734 3019 con-

184 3070 388 3123 gruere.
411 3047 503 3125 (6)
527 3050 659 3104 Post
675 3050 1217 3104 Nabucodrossorum
1232 3062 1436 3123 regnat
1452 3051 1740 3122 ejusfilius

186 3136 704 3192 Amilmarudochus
742 3141 909 3190 annis
949 3137 1239 3191 duodecim
1268 3137 1433 3212 (deb.
1463 3134 1727 3213 duobus),

183 3244 332 3297 quem
360 3227 725 3280 Hebraeorum
749 3225 931 3278 literoe
956 3224 1407 3280 Ilmarudochum
1426 3228 1736 3299 appellant.

184 3313 322 3367 Mox
361 3311 685 3385 Polyhistor
716 3317 801 3365 ait
841 3316 1189 3386 imperavisse
1222 3312 1517 3369 Chaldaeis
1539 3314 1741 3385 Negli-

183 3418 357 3454 sarum
376 3405 551 3454 annis
565 3409 847 3472 quattuor:
867 3400 1067 3453 deinde
1076 3399 1440 3454 Nabonedum
1456 3403 1618 3453 annis
1641 3417 1742 3452 se-

178 3487 520 3557 ptemdecim.
533 3486 618 3540 Eo
628 3502 757 3558 rege
767 3485 941 3549 Crrus
951 3485 1241 3559 Cambysis
1254 3487 1654 3554 Babylonicum
1663 3505 1744 3541 re·

181 3576 392 3642 gionem
416 3576 598 3644 copiis
618 3576 827 3642 invasit,
857 3575 1069 3645 quicum
1088 3575 1151 3628 N
1147 3574 1424 3628 abonedus
1440 3579 1744 3628 certamine

187 3663 338 3729 inito,
362 3666 549 3715 victus
567 3676 627 3712 se
648 3655 795 3731 fuga
811 3665 1115 3735 proripuit.
1134 3663 1405 3735 Regnavit
1417 3672 1601 3716 autem
1628 3663 1741 3715 Ba·

187 3745 375 3814 bylone
389 3747 579 3816 Cyrus
601 3751 768 3800 annis
782 3764 992 3813 novem,
1021 3748 1195 3802 donec
1213 3754 1272 3802 in
1287 3749 1527 3821 planitie
1553 3748 1744 3803 Daha-

185 3850 297 3886 rum
315 3833 642 3907 alioproelio
656 3844 901 3888 conserto
907 3839 1090 3907 periit.
1120 3835 1253 3888 Tum
1270 3838 1553 3908 imperium
1575 3840 1746 3889 tenuit

188 3920 483 3991 Camlgrses
516 3923 677 3973 annis
698 3931 819 3975 octo
836 3939 857 3973 .-
881 3921 1086 3976 deinde
1120 3923 1329 3976 Darius
1360 3927 1526 3975 annis
1549 3939 1651 3975 sex
1687 3935 1744 3978 et

186 4012 408 4077 triginta
443 4027 461 4060 .·
495 4007 701 4060 deinde
718 4009 940 4061 Xerxes
957 4013 1226 4082 ceterique
1238 4009 1534 4063 Persarum
1558 4027 1735 4080 reges.

258 4098 293 4146 J
298 4112 387 4147 am
407 4112 547 4148 vero
568 4094 640 4147 de
662 4092 1057 4149 Chaldaeorum
1085 4114 1257 4170 regno
1276 4100 1359 4149 uti
1390 4096 1617 4149 breviter
1625 4096 1739 4149 dis·

185 4182 453 4252 tincteque
490 4190 694 4234 tractat
730 4181 987 4247 Bemsus,
1032 4188 1112 4236 ita
1143 4200 1370 4257 prorsus
1407 4184 1646 4256 loquitur
1688 4196 1743 4238 et

187 4265 505 4336 Polrhistor
523 4286 542 4319 .·
566 4285 641 4320 es:
672 4264 869 4339 quibus
904 4266 1256 4339 manifestum
1291 4281 1400 4338 est,
1440 4272 1502 4324 N
1499 4270 1741 4325 abucho·

187 4353 511 4409 donosorum
550 4366 772 4409 armata
792 4373 964 4409 manu
996 4362 1199 4430 cepisse
1219 4358 1467 4411 Judoeos.
1510 4356 1601 4410 Ab
1637 4356 1741 4410 lzoc

188 4453 367 4496 autem
390 4444 473 4496 ad
494 4443 696 4510 Cyrum
712 4444 1005 4497 Persarum
1026 4462 1211 4518 regem
1227 4448 1363 4498 anni
1378 4450 1740 4518 septuaginta

189 4530 516 4599 conflantur.
543 4561 615 4571 —-
632 4530 915 4586 Postrema
941 4532 1234 4606 fragmenti
1278 4550 1408 4608 pars
1433 4532 1507 4589 ad
1532 4533 1739 4589 librum

192 4619 419 4671 tertium
445 4619 715 4691 pertinet.

269 4702 347 4777 (ι)
381 4706 775 4760 Ardumuzane
794 4699 818 4778 ]
838 4731 859 4754 ο
881 4706 941 4759 in
970 4707 1222 4780 margine
1246 4706 1657 4776 Ardamuzane3
1685 4718 1741 4762 et

192 4790 422 4863 quidem
451 4793 606 4866 apud
630 4794 705 4847 IV
733 4795 872 4865 Reg.
901 4795 1063 4862 XIX,
1088 4794 1184 4868 37,
1215 4806 1272 4849 et
1296 4796 1601 4868 Josephum
1621 4800 1738 4850 An-

191 4877 372 4948 liquit.
403 4878 536 4934 Jud.
570 4880 656 4947 X,
696 4898 747 4948 1,
776 4879 1525 4935 Senecheribusinterficitur
1554 4900 1583 4935 a
1612 4879 1739 4936 filiis

192 4964 588 5020 Adremelecho
614 4976 669 5020 et
694 4966 982 5034 Sarasaro,
1039 4968 1139 5039 qui
1160 4986 1190 5020 a
1213 4967 1557 5022 Chorenensi
1589 4968 1730 5025 nist.

191 5055 240 5120 1,
270 5067 340 5104 22
365 5051 634 5107 dicuntur
652 5055 985 5109 Adramelus
1010 5064 1066 5108 et
1088 5055 1423 5111 Sanasarus.
1470 5078 1494 5103 »
1516 5056 1651 5109 Mu.

1821 1057 1928 1115 υἱὸν
1945 1060 2103 1117 αὐτοῦ
2120 1061 2616 1142 Ναὸουχοδονόσωρ.
2643 1056 2814 1131 Οὗτος
2837 1068 3120 1146 στρατηγὸς
3138 1068 3236 1126 ὑπὸ
3259 1070 3369 1130 Σά·

1823 1165 1980 1222 ρακος
1994 1150 2085 1203 τοῦ
2107 1147 2390 1206 Χαλδαίων
2409 1149 2665 1227 βασιλέως
2687 1152 2914 1224 σταλεὶς,
2936 1154 3071 1212 κατὰ
3097 1160 3186 1214 τοῦ
3214 1160 3372 1214 αὐτοῦ

1824 1230 2060 1310 Σάρακος
2071 1235 2141 1300 εἷς
2157 1234 2310 1293 Νίνον
2327 1236 2700 1315 ἐπιστρατεύει·
2720 1231 2779 1296 οὗ
2791 1238 2885 1310 τὴν
2896 1232 3330 1320 ἔφοδονπτοηθεὶς
3348 1249 3376 1301 6

1822 1317 2065 1395 Σάρακος
2107 1321 2289 1380 ἑαυτὸν
2319 1322 2410 1380 σὺν
2434 1331 2538 1389 τοῖς
2560 1325 2835 1402 βασιλείοις
2860 1327 3141 1407 ἰνέπρησε,
3171 1330 3260 1389 καὶ
3281 1330 3375 1401 τὴν

1824 1404 1994 1483 ἀρχὴν
2027 1408 2307 1467 Χαλδαίων
2355 1409 2445 1469 καὶ
2477 1411 2789 1479 Βαδυλῶνος
2817 1413 3113 1492 παρέλαὸεν
3158 1419 3185 1475 6
3219 1416 3373 1484 αὐτὸς

1822 1492 2280 1574 Ναὸοπαλάσαρος
2295 1540 2311 1572 ,
2344 1499 2371 1555 6
2389 1503 2480 1556 τοῦ
2504 1497 2978 1581 Ναὸουχοδονόσωρ
3006 1501 3202 1584 πατήρ.

1900 1583 2158 1640 Narratio
2196 1586 2435 1645 turbata.
2458 1584 2740 1661 Ἀστυάγης
2762 1590 3003 1660 Syncelli
3027 1603 3085 1646 et
3104 1593 3377 1647 Asdaha-

1820 1687 1918 1742 ges
1937 1669 2163 1728 Eusebii
2188 1672 2336 1728 idem
2378 1691 2493 1729 esse
2519 1674 2744 1729 videtur
2766 1687 2934 1749 atque
2966 1676 3249 1748 Cyna-ures
3275 1700 3378 1735 rex

1825 1751 2153 1833 (σατράπης)
2168 1761 2477 1827 Medorum,
2511 1762 2592 1815 uti
2610 1760 2755 1816 bene
2772 1774 2963 1817 monet
2978 1750 3258 1822 Niebuhr.
3277 1769 3373 1825 Kl.

1822 1839 2056 1912 Schsten
2077 1863 2136 1917 p.
2183 1863 2318 1916 207,
2341 1845 2439 1901 ubi
2475 1845 2625 1904 vide.
2662 1846 2881 1902 Deinde
2907 1849 3376 1923 Nabopalassarus

1824 1948 1941 1983 non
1958 1941 2143 2002 potest
2166 1932 2315 1987 idem
2348 1951 2462 1988 esse
2482 1951 2610 1987 cum
2637 1934 3039 2008 Sardanapallo
3057 1977 3073 2006 ,
3102 1939 3200 2009 qui
3225 1939 3374 1994 idem

1826 2034 1938 2071 esse
1957 2017 2266 2073 debetcum
2284 2020 2454 2074 fratre
2474 2020 2841 2095 Sammughis‚
2853 2024 2934 2076 uti
2954 2024 3236 2095 postulant
3252 2044 3377 2099 quae

1825 2104 1979 2176 apud
2005 2106 2305 2162 Eusebium
2338 2107 2604 2181 leguntur
2628 2107 2699 2162 de
2722 2108 2902 2163 tribus
2918 2111 3104 2184 regnis
3123 2111 3377 2169 Summu-

1825 2191 1945 2264 ghis
1971 2190 2088 2269 (an.
2119 2212 2185 2248 21
2206 2192 2250 2268 ),
2273 2193 2502 2267 ejusque
2522 2195 2708 2249 fratris
2735 2192 2852 2271 (an.
2890 2214 2955 2249 21
2977 2195 2997 2270 )
3026 2208 3081 2250 et
3107 2198 3376 2271 Nabopa-

1826 2278 2010 2333 lassari
2037 2278 2124 2353 (a.
2160 2300 2233 2335 πο
2250 2280 2292 2355 ).
2318 2281 2529 2352 Quodsi
2559 2282 2618 2335 in
2641 2299 2798 2354 seqq.
2824 2277 3091 2337 Eusebius
3131 2284 3163 2357 §
3194 2283 3224 2338 3
3251 2298 3376 2359 post

1825 2363 2287 2438 Sardanapallum
2326 2367 2507 2421 statim
2539 2366 3078 2422 Nabucodrosorum
3124 2388 3377 2443 regnasse

1824 2450 1996 2519 dicit,
2029 2452 2087 2506 id
2117 2454 2383 2527 explicari
2413 2455 2633 2525 nequit,
2659 2455 2764 2508 nisi
2792 2459 3027 2527 antiqua
3049 2466 3229 2512 textus
3253 2477 3374 2513 cor·

1826 2541 2114 2613 ruptione,
2138 2558 2248 2612 qua
2269 2539 2723 2612 Nabupolassaris
2753 2543 2964 2595 mentio
2996 2543 3223 2597 excidit.
3255 2546 3377 2599 Ita·

1822 2643 1935 2697 que
1949 2636 2077 2698 post
2095 2626 2268 2681 verba
2283 2644 2296 2679 ε
2311 2626 2760 2699 Sardanapallus
2775 2633 2985 2699 viginti
2996 2635 3160 2681 annis
3172 2642 3229 2684 et
3240 2649 3360 2699 uno,

1821 2711 2196 2786 supplendum
2225 2723 2303 2768 est
2333 2731 2347 2769 ε
2378 2725 2435 2767 et
2454 2713 2939 2787 Nabupolassarus
2964 2720 3126 2767 annis
3151 2720 3367 2790 viginti.

1825 2800 2007 2854 Porro
2053 2800 2509 2872 Sardanapallus
2562 2809 2615 2853 et
2638 2798 2885 2853 Saracus
2919 2802 3148 2855 nomina
3197 2821 3373 2857 unum

1824 2886 2178 2960 eundemque
2206 2905 2396 2963 regem
2446 2887 2794 2959 Assyriorum
2825 2887 3376 2963 Babyloniorumque

1827 2971 2117 3046 designant
2140 3015 2159 3048 ,
2182 2975 2294 3029 sive
2346 2972 2506 3046 quod
2548 2974 2789 3028 alterum
2843 2992 3048 3028 nomen
3087 2975 3375 3048 scripturae

1825 3061 2166 3134 compendio
2195 3063 2255 3116 in
2281 3062 2518 3117 alterum
2544 3061 2709 3131 abiit,
2735 3063 2848 3117 sive
2889 3062 3043 3135 quod
3071 3073 3374 3137 utrumque

1826 3147 1885 3201 in
1904 3166 2008 3202 usu
2034 3148 2155 3205 fuit.
2183 3149 2308 3221 Ipsa
2327 3148 2558 3203 historia
2607 3166 2677 3202 ex
2708 3147 2985 3220 Abydeno
3012 3148 3111 3222 (fr.
3143 3149 3245 3224 17)
3287 3168 3377 3205 re-

1826 3231 2107 3308 fingenda.
2139 3234 2361 3290 Scilicet
2399 3234 2559 3289 hoste
2592 3233 2961 3299 adventante,
3005 3232 3379 3308 Sardanapal-

1827 3313 1913 3366 lus
1940 3312 2441 3385 Nabopalassarum
2468 3312 2666 3368 ducem
2687 3313 2908 3366 miserat
2939 3312 3299 3385 Babylonem.
3326 3315 3378 3369 1⁸

1826 3417 1986 3467 vero,
2000 3398 2372 3455 defectionem
2386 3399 2457 3454 ab
2467 3400 2819 3471 Assyriorum
2835 3417 2963 3472 rege
2978 3399 3230 3469 moliens„
3248 3418 3376 3454 cum

1828 3487 2076 3559 Cyaxare
2097 3485 2280 3540 soedus
2310 3496 2368 3540 et
2394 3487 2788 3561 cognationem
2827 3488 3131 3553 contraxit,
3172 3487 3378 3543 deinde

1827 3572 2040 3627 bellum
2051 3573 2248 3641 movit,
2266 3569 2840 3644 Sardanapallumque
2852 3571 2922 3626 ad
2934 3572 3375 3648 incitasredegit,

1829 3670 1998 3732 atque
2048 3660 2124 3713 ita
2157 3658 2477 3731 Babyloniae
2516 3653 2959 3712 dominationem
3000 3657 3235 3732 adeptus
3272 3671 3373 3718 est.

1910 3744 2008 3821 [ad
2033 3745 2067 3820 §
2085 3743 2156 3823 6]
2176 3750 2342 3800 annis
2358 3745 2642 3799 duodecim
2668 3740 2824 3820 (ι6’);
2846 3742 2936 3801 δύο
2969 3741 3078 3821 (β’)
3102 3748 3132 3802 J
3139 3747 3377 3820 osephus

1832 3829 1918 3905 (v.
1944 3832 2016 3890 fl-.
2052 3832 2237 3907 1l‚)C.
2269 3831 2476 3905 Apion.
2506 3833 2553 3899 1,
2585 3849 2655 3904 19
2676 3832 3038 3889 etAnt.Jud.
3067 3832 3151 3897 X,
3189 3852 3280 3902 11,
3310 3853 3377 3908 ας

1832 3918 2075 3992 Syncell.
2104 3939 2165 3994 p.
2192 3919 2327 3987 226,
2349 3922 2417 3988 A,
2437 3930 2492 3973 et
2505 3919 2700 3975 Canon
2718 3929 3023 3975 astronom.
3039 3923 3099 3975 V.
3129 3919 3374 3975 Clinton.

1829 4007 1892 4064 F.
1917 4008 1993 4063 H.
2020 4007 2076 4062 11
2094 4047 2110 4076 ‚
2136 4025 2193 4081 p.
2226 4005 2340 4062 388
2365 4017 2485 4063 not.
2527 4007 2587 4062 la.
2613 4005 2703 4060 ed.
2726 4017 2853 4063 tert.
2878 4004 3098 4060 Ibidem
3141 4005 3272 4061 vide
3304 4006 3377 4063 de

1829 4095 2179 4167 reliquorum
2255 4112 2448 4168 regum
2514 4091 2886 4165 temporibus,
2931 4092 3368 4165 disputationem

1826 4182 2191 4240 uberrimam.

1916 4272 2003 4326 De
2024 4269 2399 4326 Senacheribo
2430 4270 2698 4325 Berosum
2738 4268 2985 4324 laudavit
3011 4269 3177 4325 etiam
3213 4271 3377 4327 Jose-

1826 4358 1970 4431 phus
1998 4358 2125 4413 loco
2152 4374 2303 4411 nunc
2340 4357 2606 4412 lacunoso
2648 4357 2706 4410 in
2733 4357 2924 4429 Antiq.
2957 4357 3089 4413 Jud.
3117 4359 3205 4427 X,
3232 4377 3283 4425 1,
3317 4364 3372 4427 4,

1824 4463 1887 4518 p.
1920 4444 2033 4519 369
2059 4444 2152 4502 ed.
2180 4443 2375 4500 Didot.
2415 4461 2429 4501 :
2465 4440 2623 4499 Ἀλλὰ
2657 4440 2745 4498 καὶ
2775 4440 3054 4520 Βηρωσσὸς
3073 4445 3100 4501 6
3127 4441 3193 4500 τὰ
3224 4445 3372 4502 Χαλ-

1828 4529 1985 4587 δαῖκὰ
2015 4526 2444 4608 συγγραψάμενος
2467 4527 2777 4605 μνημονεύει
2799 4532 2889 4586 τοῦ
2917 4528 3168 4607 βασιλέως
3203 4532 3374 4589 Σενα-

1824 4615 2066 4695 χηρίὸου,
2085 4615 2174 4673 καὶ
2186 4613 2265 4672 ὅτι
2279 4618 2380 4672 τῶν
2409 4614 2691 4695 Ἀσσυρίων
2712 4606 2842 4693 ἦρχε
2883 4614 2971 4672 καὶ
2994 4613 3071 4677 ὅτι
3096 4614 3239 4694 πάσῃ
3265 4618 3374 4674 ἕπε·

1827 4700 2178 4783 στρατεύσατο
2191 4705 2257 4781 τῇ
2278 4700 2424 4782 Ἀσίᾳ
2454 4702 2618 4780 καὶτῇ
2634 4700 2887 4782 Αἰγύπτῳ
2907 4701 3071 4779 λέγων
3088 4702 3265 4770 οὕτως.
3281 4704 3366 4733 ⁴⁴¹*

2554 4834 2642 4890 13.

1902 4968 2179 5040 Josephus
2203 4970 2335 5023 Ant.
2370 4964 2503 5023 Jud.
2531 4965 2695 5032 X,2,
2731 4983 2784 5031 a,
2819 4983 2882 5038 p.
2913 4963 3025 5035 370
3054 4962 3146 5019 ed.
3189 4964 3319 5019 Did.
3357 4982 3371 5021 t

1830 5049 2164 5127 Μνημονεύει
2187 5049 2242 5109 δὲ
2259 5054 2349 5109 τοῦ
2367 5049 2714 5110 Βαὸυλωνίων
2737 5046 2991 5128 βασιλέως
3028 5048 3251 5107 Βαὸάδα
3265 5050 3376 5120 Βη-

1083 5303 1289 5356 nabadae
1322 5304 1692 5368 Babyloniorum
1713 5226 1835 5369 1²:38&
1853 5309 2055 5358 Berosus
2073 5319 2265 5369 quoque
2284 5305 2516 5356 meminit.
