3900 6042
524 468 637 520 400

520 588 728 644 dorum
767 595 992 640 centum
1024 564 1415 659 duodeviginti·
1444 581 1537 657 (⁴⁸).
1568 584 1829 640 Diodoro
1855 587 2067 658 pariter

520 686 584 721 ac
605 663 905 721 Plutarcho
926 674 1060 718 teste
1080 665 1361 722 Menelaus
1380 681 1511 717 cum
1527 664 1807 737 sexaginta
1832 663 2067 718 navibus

524 752 801 806 Salamine
823 750 1081 817 inclusus,
1100 768 1132 805 a
1159 750 1462 805 Ptolemaeo
1495 751 1726 817 accitur,
1755 748 1907 823 apud
1924 750 2064 804 Dio-

517 838 725 893 dorum
755 847 942 893 antem
968 835 1128 910 (XX,
1162 832 1263 910 49)
1298 856 1417 892 non
1448 855 1518 893 eo
1548 837 1783 891 consilio
1802 877 1818 905 ,
1847 846 1913 891 ut
1937 830 2063 891 ὅταν

517 923 747 999 μάλιστα
787 921 1035 979 σύστασιν
1079 924 1108 977 ὁ
1154 923 1293 998 ἀγὼν
1341 920 1439 1000 ἔχῃ
1487 925 1759 996 impetum
1802 924 1862 976 in
1907 932 2064 996 terga

516 1014 761 1067 hostium
798 1012 1005 1066 faceret
1031 1008 1339 1081 (Plutarch.
1370 1013 1535 1065 Dem.
1580 1028 1632 1064 c.
1672 1007 1798 1080 16).
1830 1011 1897 1063 Et
1923 1009 2062 1063 Dio·

516 1100 689 1154 dorus
710 1110 897 1154 tamen
914 1109 970 1153 et
991 1098 1318 1153 Plutarchus
1342 1096 1537 1151 decem
1556 1097 1790 1151 navibus
1810 1095 2064 1169 produnt

515 1188 783 1242 Demetrii
812 1186 1125 1241 Menelaum
1142 1226 1158 1253 ,
1186 1185 1488 1257 quominus
1522 1201 1691 1255 opem
1718 1183 1890 1238 ferret
1924 1184 2062 1237 Pto-

517 1274 747 1345 lemaeo,
781 1271 1150 1346 praepeditum
1183 1288 1319 1326 esse.
1348 1273 1434 1326 De
1474 1271 1642 1324 classe
1680 1280 1866 1323 autem
1894 1270 2063 1341 AEgy·

514 1361 693 1433 ptiaca
727 1378 759 1414 a
784 1358 1044 1414 Diodoro
1071 1358 1206 1424 XX,
1233 1355 1305 1411 52
1342 1356 1711 1429 quadraginta
1736 1373 1903 1409 naves
1932 1355 2060 1429 (τῶν

513 1445 728 1522 μακρῶν
752 1441 1056 1521 αὔτανδροι)
1080 1454 1258 1516 captae
1275 1461 1386 1498 esse
1409 1444 1687 1510 feruntur,
1710 1460 1741 1497 a
1760 1440 2060 1514 Plutarcho

513 1531 708 1607 (Dem.
766 1532 863 1607 163
905 1532 1266 1605 septuaginta.
1310 1529 1421 1585 Sed
1466 1528 1792 1584 Plutarchus
1842 1538 1907 1582 ut
1940 1527 2092 1581 aliis·

510 1621 678 1675 etiam
703 1620 1027 1674 auctoribus
1049 1636 1217 1690 quam
1244 1617 1531 1672 Diodorus
1557 1635 1691 1670 usus
1717 1633 1829 1670 esse
1855 1626 2059 1670 statua·

515 1718 625 1773 tur,
651 1706 725 1762 ad
750 1707 992 1762 eundem
1032 1716 1220 1759 tamen
1259 1705 1375 1758 haec
1398 1723 1502 1758 nos
1534 1703 1745 1757 fontem
1774 1704 2053 1775 rejiciunt.

509 1796 595 1849 De
621 1796 922 1850 Ptolemaeo
948 1795 1046 1868 qui
1064 1788 1280 1867 re'gium
1300 1802 1429 1865 post
1469 1792 1731 1866 proelium
1764 1790 1914 1844 istud
1952 1791 2057 1863 Cy·

509 1883 697 1953 prium
719 1900 926 1936 nomen
947 1881 1200 1953 accipere
1227 1898 1345 1933 non
1369 1879 1738 1946 dubitaverit,
1766 1877 2060 1933 Diodorus

509 1970 643 2036 XX,
676 1968 745 2024 53
776 1988 791 2023 :
819 1965 888 2026 Ὁ
912 1965 966 2023 δὲ
984 1968 1306 2040 Πτολεμαῖος
1316 1963 1459 2022 οὐδὲν
1480 1967 1545 2041 τῇ
1565 1966 1708 2043 ψυχῇ
1729 1964 2057 2029 ταπεινωθεὶς

507 2050 593 2109 διὰ
619 2051 712 2122 τὴν
724 2044 883 2123 ἧτταν
902 2053 1382 2128 κτλςΡΙυωτοΙιιιε
1396 2052 1559 2108 Dem.
1581 2071 1633 2107 c.
1660 2052 1762 2106 18.
1749 2070 1761 2083 ·
1789 2052 1859 2115 ὡς
1875 2047 1948 2124 μὴ
1976 2051 2059 2106 δο-

508 2144 616 2196 κεῖν
630 2162 719 2196 του
685 2140 1053 2219 φρονήματος
1068 2138 1302 2217 ὑφίεσθαι
1318 2138 1401 2195 διὰ
1425 2135 1517 2207 τὴν
1534 2129 1695 2207 ἧτταν
1722 2148 1737 2209 (
1740 2137 1840 2213 **).
1855 2142 1941 2194 De
1959 2158 2058 2195 ex-

504 2220 637 2292 pedi
644 2222 794 2274 tione
805 2221 874 2275 ab
887 2222 1196 2294 Antigono'
1180 2239 1243 2274 in
1255 2219 1557 2292 AEgyptum
1569 2219 1712 2273 sacta
1731 2219 2058 2273 Plutarchus

509 2317 562 2355 c.
602 2315 711 2372 19:
748 2296 899 2362 αὐτὸς
934 2295 1027 2373 μὲν
1066 2296 1205 2374 ἄγων
1233 2299 1360 2374 πεζῇ
1384 2295 1478 2366 τὴν
1503 2294 1737 2371 δύναμιν,
1767 2294 2056 2374 Δημητρίῳ

510 2382 565 2442 δὲ
589 2384 801 2465 μεγάλῳ
828 2383 996 2495 στόλῳ
1025 2383 1442 2462 παραπλέοντας,
1465 2385 1753 2441 Diodorus
1768 2386 1906 2459 XX,
1938 2384 2049 2456 73:

509 2474 659 2539 αὐτὸς
699 2470 793 2549 μὲν
832 2463 917 2530 ουν
956 2496 1047 2531 του
1074 2475 1229 2540 πεζοῦ
1271 2470 1656 2550 στρατεύματος
1700 2469 2055 2549 ἀφηγούμενος

507 2564 701 2638 προῆγε
725 2559 811 2618 διὰ
824 2563 916 2630 τῆς
941 2560 1117 2631 κοίλης
1132 2558 1340 2636 Συρίας,
1365 2558 1499 2637 ἔχων
1522 2555 1705 2627 πεζους
1730 2557 1823 2634 μὲν
1842 2558 2053 2625 πλείους

505 2651 605 2705 τῶν
646 2647 1080 2728 ὀκτακισμυρίων,
1140 2649 1318 2712 ἱππεῖς
1362 2646 1417 2704 δὲ
1458 2644 1576 2723 περὶ
1616 2645 2049 2725 ὀκτακισχιλίους,

504 2733 783 2813 ἐλέφαντας
812 2734 867 2793 δὲ
902 2734 1039 2813 τρισὶ
1078 2734 1285 2798 πλείους
1325 2735 1427 2791 τῶν
1476 2732 1813 2810 ὀγδοήκοντα.
1859 2734 1954 2811 Τῷ
1994 2731 2048 2790 δὲ

504 2823 790 2900 Δημητρίῳ
804 2819 1065 2898 παραδοὺς
1083 2820 1169 2877 τὸν
1187 2820 1366 2878 στόλον
1391 2817 1630 2886 συνέταξε
1649 2820 2049 2898 συμπαραπλεῖν

504 2904 619 2982 ἅμα
659 2906 978 2986 πορευομένῃ
1005 2911 1069 2981 τῇ
1101 2906 1351 2981 δυνάμει,
1398 2905 1901 2984 παρεσκευασμένων
1943 2908 2046 2962 τῶν

503 2993 720 3050 ἁπασῶν
742 2997 868 3050 νεῶν
891 2995 1105 3070 μακρῶν
1128 2991 1222 3067 μὲν
1245 2991 1428 3049 ἑκατὸν
1457 2990 1775 3060 πεντήκοντα
1799 2994 1915 3051 κτλ.
1958 2994 2042 3052 Cf.

501 3083 696 3136 etiam:
719 3078 1021 3157 Δημητρίου
1040 3082 1260 3156 χειμῶνι
1282 3077 1372 3135 καὶ
1389 3076 1610 3135 κλύδωνι
1636 3078 1849 3158 μεγάλῳ
1872 3080 2048 3136 κινδυ-

499 3163 772 3232 νεύσαντος
792 3168 862 3232 ct<
883 3164 1067 3231 τόπους
1096 3163 1368 3240 ἀλιμένους
1384 3164 1474 3222 καὶ
1494 3163 1757 3242 χαλεποὺς
1776 3167 2047 3245 ἐκριφῆναι

499 3254 650 3328 apud
673 3255 1032 3310 Plutarchum
1061 3272 1190 3309 cum
1214 3254 1455 3310 Diodor.
1486 3255 1624 3326 XX,
1652 3261 1745 3324 74.
1781 3256 1881 3325 76.-

578 3366 605 3392 ι
628 3345 713 3398 De
733 3342 1025 3397 obsidione
1061 3342 1296 3397 civitatis
1309 3341 1669 3396 Rhodiorum
1693 3361 1726 3398 a
1750 3344 2041 3400 Demetrio

496 3441 746 3503 suscepta
770 3431 1084 3485 consentire
1119 3429 1384 3485 videntur
1409 3429 1698 3486 Diodorus
1732 3450 1798 3485 ac
1825 3433 2042 3488 Plutar-

497 3518 633 3571 chus
660 3527 808 3572 certe
827 3519 886 3570 in
912 3535 1012 3587 e0,
1041 3517 1200 3589 quod
1224 3518 1435 3591 singula
1475 3519 1568 3572 ille
1588 3519 1860 3593 helepolis
1892 3522 2046 3576 istius

498 3604 667 3658 latera
695 3600 906 3679 πήχεων
943 3600 1124 3678 σχεδὸν
1160 3601 1510 3677 πεντήκοντα,
1539 3606 1633 3659 hic
1651 3646 1666 3674 ‚
1695 3609 1939 3662 auctoris
1960 3611 2042 3663 sui

495 3690 666 3744 verba
694 3691 935 3745 fortassis
977 3691 1288 3765 religiosius
1324 3703 1567 3759 secutus,
1596 3690 1732 3748 ὀκτὼ
1768 3691 1859 3749 καὶ
1884 3716 2037 3751 τετα-

497 3774 721 3852 ράκοντα
749 3775 963 3853 πήχεων
985 3777 1147 3833 fuisse
1175 3778 1435 3847 tradidit,
1471 3779 1543 3835 de
1571 3781 1829 3837 tabulatis
1852 3795 2041 3838 autem

496 3866 762 3920 machinae
802 3865 943 3937 ejuS,
992 3884 1238 3938 quorum
1280 3867 1337 3920 in
1386 3867 1736 3922 altitudinem
1781 3871 2043 3927 circuitus

494 3954 837 4007 contractior
876 3952 1039 4008 fuisse
1068 3952 1301 4023 dicitur,
1341 3972 1480 4009 voce
1518 3966 1756 4028 uterque
1784 3954 2041 4013 συννεύειν

493 4057 621 4094 usus
648 4050 727 4095 est
758 4038 895 4117 ('**).

573 4150 597 4175 ιι
616 4127 685 4181 In
710 4127 927 4199 reliqua
949 4128 1219 4182 Demetrii
1235 4128 1372 4197 vita,
1404 4129 1627 4200 qualem
1654 4129 1807 4201 apud
1827 4128 2038 4186 Plutar-

493 4213 661 4267 chum
684 4213 1018 4287 descriptam
1050 4215 1343 4284 habemus,
1372 4217 1496 4287 quis
1524 4233 1655 4269 usus
1699 4215 1867 4271 fuerit
1915 4220 2042 4274 Hie-

492 4302 713 4373 ronymi
727 4302 1005 4371 Cardiani,
1026 4303 1085 4356 in
1101 4301 1289 4356 medio
1313 4302 1746 4374 relinquendum
1759 4321 1871 4358 esse
1884 4305 2041 4359 vide-

495 4398 606 4441 tur.
638 4390 722 4442 De
755 4391 864 4441 vita
885 4399 1071 4444 autem
1092 4389 1291 4461 Pyrrhi
1317 4407 1436 4443 non
1473 4391 1797 4445 Plutarchus
1824 4403 2042 4447 tantum

492 4491 621 4527 eum
637 4474 905 4542 laudavit,
924 4475 1023 4529 sed
1047 4477 1212 4530 etiam
1226 4477 1531 4531 Pausanias.
1548 4478 1678 4532 Non
1700 4489 1829 4532 sunt
1856 4490 2040 4534 tamen

491 4562 595 4615 nisi
633 4563 721 4617 vel
760 4563 965 4617 Italicae
993 4560 1196 4635 Pyrrhi
1236 4562 1622 4635 expeditiones
1662 4564 1752 4618 vel
1789 4578 2039 4622 extrema

553 4696 617 4757 (*)
646 4696 750 4747 Alio
788 4697 931 4747 etiam
963 4698 1093 4747 sonte
1115 4710 1261 4760 quam
1293 4697 1530 4749 Diodorus
1542 4690 1695 4749 'utitur
1714 4699 1921 4761 Polyaen.
1952 4704 2037 4762 lv,

492 4769 539 4826 7,
564 4771 609 4816 7.
630 4770 690 4814 V.
710 4770 933 4829 Droysen.
958 4768 1205 4816 Alexand.
1226 4782 1276 4829 p.
1298 4771 1406 4818 454.

552 4836 641 4897 (fl)
682 4840 751 4884 Ex
770 4837 935 4886 eodem
967 4839 1257 4898 Hieronymo
1276 4838 1487 4887 hausisse
1502 4838 1693 4888 videtur
1711 4840 1907 4901 Appiau.
1929 4844 2034 4902 Syr.

490 4918 534 4953 c.
558 4909 617 4955 54
640 4924 652 4954 :
682 4906 837 4955 ἀνεῖπε
859 4907 908 4955 δὲ
924 4908 1004 4955 καὶ
1029 4909 1313 4968 Πτολεμαῖον
1332 4909 1359 4955 ὁ
1384 4910 1555 4964 οἰκεῖος
1577 4909 1722 4957 αὐτοῦ
1741 4911 1934 4971 στρατὸς
1950 4913 2037 4973 βα-

491 4977 640 5036 σιλέα,
670 4979 733 5032 ὡς
752 4978 815 5038 μή
838 4994 880 5025 τι
903 4978 979 5026 διὰ
1001 4978 1083 5034 τὴν
1105 4977 1257 5035 ἧσσαν
1279 4980 1564 5039 μειονεκτοίη
1588 4985 1680 5027 τῶν
1710 4981 2031 5038 νενικηκότων,

552 5046 665 5105 (***)
684 5047 866 5095 Bellum
886 5047 976 5094 hoc
988 5050 1153 5095 contra
1173 5047 1380 5096 Rhodios
1394 5051 1581 5108 gestum
1608 5049 1845 5097 Diodorus
1873 5064 2035 5098 narra-

490 5115 560 5160 vit
606 5114 842 5165 Rhodium
868 5120 1058 5165 secutus
1088 5119 1360 5176 auctorem,
1394 5121 1631 5167 Zenonem
1664 5120 1826 5178 procul
1872 5120 2033 5167 dnbio.

492 5181 610 5229 vide
627 5186 810 5243 Rraesat.
829 5185 887 5232 ad
913 5185 1416 5236 Pseudocallisthencm
1433 5200 1480 5247 p.
1505 5193 1578 5235 23.

1842 454 2364 516 HIERONYMUS.

2155 583 2273 655 ejus
2297 584 2422 639 vitae
2453 594 2737 657 tempora,
2771 586 2832 638 in
2857 583 3062 657 quibus
3081 586 3418 659 Hieronymi
3451 591 3730 662 quedam

2153 672 2382 744 vestigia
2406 670 2926 744 deprehenduntur.
2959 673 3155 744 Neque
3184 693 3330 727 unus
3355 676 3416 728 in
3439 678 3556 731 illis
3583 680 3722 735 ffic-

2154 775 2419 830 ronymus
2444 758 2727 813 Plutarchi
2763 769 2963 812 auctor
2987 757 3122 828 fuit,
3164 761 3262 831 qui
3300 763 3519 833 passim
3545 767 3721 818 etiarn

2154 854 2556 898 commemoret
2575 845 2905 916 Dionysium
2915 845 3400 901 Halicarnasseum
3411 859 3474 902 et
3484 867 3620 903 curn
3632 870 3724 906 re·

2154 929 2340 1001 liquiis
2354 930 2501 1004 ejus,
2529 948 2652 1002 quae
2678 941 2908 985 servatae
2930 942 3077 999 sunt,
3109 933 3452 1006 plerumque
3477 941 3721 1010 conspi-

2153 1026 2259 1072 ret.
2286 1015 2373 1074 Cf.
2398 1016 2544 1072 Plut.
2567 1016 2765 1087 Pyrrh.
2807 1013 2874 1068 13
2891 1025 2949 1069 et
2968 1017 3202 1088 Dionys.
3231 1019 3425 1088 XVII,
3467 1022 3572 1076 13.
3615 1031 3719 1095 ¹⁴3

2150 1101 2300 1158 Plut.
2332 1120 2383 1157 c.
2415 1102 2482 1157 16
2507 1114 2564 1157 et
2590 1104 2763 1158 Dion.
2783 1103 2980 1172 XVII,
3003 1100 3091 1157 15.
3130 1103 3398 1173 163Plut.
3429 1108 3530 1165 16.
3563 1129 3632 1178 17
3663 1123 3723 1166 et

2150 1188 2322 1245 Dion.
2345 1190 2562 1259 XVIII,
2589 1195 2734 1252 1—4
2753 1209 2770 1257 3
2792 1190 2939 1243 Plut.
2966 1207 3040 1244 ao
3058 1190 3226 1245 Dion.
3245 1192 3461 1261 XVIII,
3488 1195 3718 1266 8-265

2151 1275 2298 1332 Plut.
2322 1294 2371 1331 c.
2403 1276 2470 1330 13
2487 1288 2543 1331 et
2566 1277 2737 1333 Dion.
2765 1276 2928 1343 XIX,
2955 1275 3132 1329 6-8,
3160 1280 3234 1331 At
3255 1288 3311 1331 et
3331 1278 3722 1352 ipsesortase

2150 1363 2450 1436 Dionysius
2467 1366 2814 1437 Hieronymo
2832 1381 2964 1418 usus
2988 1373 3089 1419 est.
3121 1363 3294 1435 Hujus
3309 1376 3508 1422 tamen
3532 1387 3719 1442 quan·

2151 1467 2322 1520 quam
2352 1453 2580 1523 minime
2600 1450 2895 1525 ignorabat
2915 1451 3192 1517 historias,
3232 1453 3292 1504 in
3313 1452 3492 1508 rebus
3521 1465 3714 1512 tamen

2150 1536 2351 1608 Pyrrhi
2375 1538 2761 1592 tradendisvix
2779 1539 3007 1591 inusum
3023 1554 3247 1592 vocasse
3259 1538 3512 1595 videtur.
3533 1545 3720 1599 Libro

2149 1623 2328 1699 XIX,
2363 1642 2425 1678 11
2469 1623 2543 1679 ad
2578 1624 3111 1679 commentariorum
3147 1625 3317 1696 ipsius
3357 1629 3512 1700 regis
3539 1641 3716 1702 atque

2149 1710 2393 1765 Proxeni
2405 1729 2473 1766 au
2479 1712 2796 1765 ctoritatem
2807 1720 3098 1782 provocat.
3119 1710 3335 1781 Quibus
3346 1721 3549 1768 tamen
3574 1736 3709 1772 num

2147 1798 2278 1853 solis
2302 1817 2431 1853 usus
2464 1798 2632 1853 fuerit
2662 1798 2937 1866 fontibus,
2960 1798 3092 1869 jure
3109 1798 3476 1859 dubitaveris.
3521 1805 3712 1859 Immo

2148 1886 2252 1938 nisi
2275 1883 2473 1941 miram
2490 1886 2657 1959 plane
2681 1886 2836 1940 istius
2859 1886 3100 1940 Proxeni
3125 1884 3290 1941 fuisse
3307 1891 3714 1947 auctoritatem

2147 1982 2372 2041 stamas,
2405 1971 2687 2028 Romanos
2733 1967 3056 2044 Dionysium
3097 1988 3356 2028 auctores
3388 1992 3462 2029 eo
3487 1982 3710 2034 certius

2149 2069 2229 2111 est
2249 2069 2500 2114 secutum
2526 2075 2670 2125 esse,
2713 2075 2831 2128 quo
2867 2058 3098 2113 uberius
3120 2059 3190 2113 ab
3229 2061 3296 2114 iis
3321 2059 3395 2114 de
3423 2061 3511 2115 bis
3535 2066 3712 2122 rebus

2147 2144 2414 2200 traditum
2459 2162 2572 2199 esse
2610 2142 2852 2200 videtur.
2889 2144 3125 2199 Accedit
3155 2145 3317 2218 quod
3352 2162 3708 2207 comme-nu.

2145 2232 2362 2286 riorum
2382 2233 2668 2306 regiorum
2691 2232 3070 2285 testimoninm
3089 2232 3150 2284 in
3165 2232 3253 2284 his
3277 2232 3420 2303 ipsis
3437 2231 3710 2305 neglexit,

2145 2319 2205 2371 in
2231 2320 2436 2391 quibus
2460 2336 2630 2392 grave
2662 2317 2804 2372 illud
2831 2319 3087 2391 inprimis
3115 2328 3172 2372 et
3222 2318 3583 2372 luculentum
3613 2320 3708 2374 ha·

2145 2403 2394 2459 bendum
2418 2416 2554 2461 erat.
2575 2406 2806 2476 Eorum·
2824 2404 2972 2458 enim
2996 2404 3175 2476 quiin
3192 2404 3410 2475 proeliis
3429 2423 3463 2459 a
3485 2404 3710 2477 Pyrrho

2146 2510 2275 2547 cum
2298 2494 2568 2549 Romanis
2590 2492 2893 2546 commissis
2912 2491 3238 2558 ceciderint,
3258 2510 3571 2547 numerum
3589 2495 3713 2549 Plu-

2145 2572 2367 2627 tarchus
2409 2574 2486 2628 ita
2531 2570 2828 2639 indicavit,
2885 2580 2951 2623 ut
3000 2570 3257 2642 Dionysii
3312 2572 3708 2627 testimoninm

2144 2660 2457 2714 testimonio
2501 2658 2860 2729 Hieronymi,
2900 2667 2966 2710 ut
2990 2659 3090 2729 qui
3129 2660 3552 2713 commentariis
3593 2661 3708 2714 istis

2142 2763 2269 2799 usus
2294 2745 2506 2813 fuisset,
2535 2752 2868 2817 opponeret.
2896 2744 3015 2797 Hos
3040 2752 3228 2797 autem
3252 2744 3300 2797 si
3329 2746 3456 2816 quis
3487 2762 3603 2816 pro
3619 2747 3710 2817 je-

2140 2834 2272 2904 juna
2298 2832 2543 2905 quadam
2584 2830 2934 2905 singulorum
2975 2831 3252 2885 factorum
3282 2834 3716 2889 enumeratione

2139 2920 2430 2988 habuerit,
2461 2920 2532 2975 ab
2557 2920 2680 2992 ipso
2708 2917 2940 2973 fortasse
2978 2918 3253 2991 Dionysio
3280 2920 3430 2975 XIX
3447 2960 3466 2986 ,
3499 2938 3522 2974 ι
3539 2938 3566 2973 x
3619 2940 3710 2976 er-

2137 3008 2280 3063 roris
2305 3007 2689 3061 convincatur.

2215 3111 2241 3135 ι
2258 3089 2344 3141 De
2373 3086 2543 3140 rebus
2577 3102 2610 3140 a
2631 3084 2848 3157 Pyrrho
2883 3083 2942 3137 in
2963 3083 3147 3139 Sicilia
3172 3085 3366 3158 gestis,
3390 3083 3466 3138 de
3505 3086 3710 3157 quibus

2138 3174 2548 3245 Hieronymum
2568 3190 2689 3226 non
2713 3170 2902 3226 minus
2927 3169 3198 3225 credibile
3221 3181 3304 3225 est
3333 3172 3509 3245 egisse
3535 3191 3706 3245 qnam

2136 3259 2209 3315 de
2256 3261 2489 3330 Italicis,
2531 3259 2828 3314 observatu
2874 3268 3025 3312 certe
3071 3275 3192 3311 non
3244 3256 3544 3332 indignum
3593 3273 3702 3327 est,

2135 3348 2494 3403 Plutarchum
2517 3365 2569 3405 c.
2600 3350 2833 3409 22—24
2877 3362 2997 3399 non
3031 3343 3326 3400 dissentire
3352 3363 3386 3400 a
3406 3346 3694 3411 Diodoro,

2133 3453 2303 3506 quem
2334 3436 2737 3506 Hieronymum
2784 3433 3136 3507 potissimum
3163 3432 3227 3485 iu
3274 3432 3397 3487 aliis
3424 3434 3564 3487 locis
3591 3436 3696 3487 sibi

2134 3521 2335 3576 ducem
2354 3522 2604 3576 sumsisse
2625 3520 2990 3593 cognovimus
3005 3558 3022 3587 ,
3046 3528 3247 3573 contra
3263 3520 3406 3573 alios
3419 3520 3698 3574 lustinum

2133 3618 2389 3661 auctores
2414 3607 2613 3661 sectari
2635 3604 2899 3679 (XXIII,
2931 3602 3023 3674 3),
3056 3605 3162 3658 nisi
3192 3605 3546 3678 negligentiae
3579 3607 3695 3677 ejus

2134 3694 2431 3750 tribuenda
2463 3703 2614 3762 sunt,
2640 3694 2701 3746 in
2740 3692 2943 3765 quibus
2979 3691 3086 3745 alia
3111 3708 3284 3762 quam
3322 3692 3416 3745 ille
3443 3692 3692 3748 tradidit.

2131 3780 2215 3836 Cf.
2246 3780 2489 3847 Diodor.
2514 3781 2684 3835 XXII
2701 3821 2717 3847 ,
2744 3780 2779 3834 8
2802 3796 2928 3851 sqq.
2946 3789 3003 3832 et
3020 3779 3223 3832 Justin.
3254 3779 3487 3847 xxm,
3519 3778 3573 3837 3.

2210 3891 2237 3917 ι
2246 3870 2312 3922 In
2322 3868 2683 3941 expeditione
2692 3866 2894 3939 Pyrrhi
2905 3867 2967 3920 in
2975 3866 3430 3938 Peloponnesum
3441 3877 3502 3922 et
3511 3879 3689 3921 morte

2131 3954 2247 4025 ejus
2272 3954 2637 4011 describenda
2663 3972 2803 4008 num
2823 3951 3151 4025 Hieronymi
3170 3952 3526 4026 potissimum
3564 3956 3687 4009 Plu-

2131 4043 2353 4097 tarchus
2368 4043 2596 4116 vestigia
2624 4042 2911 4115 presserit,
2946 4051 3028 4094 est
3054 4039 3284 4095 fortasse
3323 4059 3426 4094 cur
3464 4039 3682 4095 dubite-

2129 4148 2272 4184 mus.
2314 4132 2518 4185 Praeter
2544 4129 2951 4200 Hieronymum
2979 4127 3130 4181 enim
3168 4125 3420 4181 laudavit
3452 4127 3681 4200 Phylar-

2131 4218 2328 4285 chum,
2351 4234 2520 4290 quem
2556 4216 2616 4269 in
2646 4214 2826 4288 Agide
2850 4212 2922 4268 ‘et
2955 4214 3254 4269 Cleomene
3280 4222 3533 4268 secutum
3560 4231 3682 4267 enm

2130 4304 2384 4376 inprimis
2427 4320 2541 4358 esse
2579 4310 2813 4358 constat.
2856 4299 3024 4371 Cujus
3062 4301 3272 4355 rationi
3305 4310 3458 4355 certe
3503 4299 3686 4354 laudes

2131 4400 2510 4443 consentaneae
2532 4398 2693 4457 sunt,
2730 4387 2936 4458 quibus
2959 4386 3113 4460 apud
3152 4386 3515 4441 Plutarchum
3551 4404 3676 4439 mu·-

2129 4476 2331 4530 lierum
2348 4477 2746 4548 Spartanarum
2772 4473 3047 4529 fortitudo
3076 4473 3392 4545 extollitur,
3419 4472 3677 4543 adjuncto

2129 4563 2291 4617 simul
2318 4563 2567 4617 Acrotati
2606 4572 2665 4615 et
2689 4560 3011 4616 Chelonidis
3038 4577 3267 4628 amore,
3302 4577 3541 4632 quaeque
3566 4576 3682 4612 non

2130 4650 2313 4703 minus
2355 4648 2509 4721 apud
2538 4648 2816 4702 Justimun
2846 4647 3112 4720 (xxm,
3158 4641 3223 4720 4)
3261 4646 3544 4743 leguntur,
3581 4644 3674 4741 qui

2129 4735 2503 4807 Phylarcbum
2525 4753 2643 4807 prae
2671 4734 2868 4789 ceteris
2893 4733 3218 4789 auctoribus
3249 4733 3571 4805 expressisse
3594 4730 3673 4782 vi·

2130 4820 2366 4892 detur(*
2371 4820 2409 4897 ).
2434 4821 2666 4877 Accedit
2709 4820 2869 4893 quod
2898 4820 3078 4894 (Plut.
3094 4839 3143 4877 c.
3169 4818 3274 4894 27)
3309 4821 3682 4889 Hieronffmus

2190 4982 2675 5041 (*)Pausan.1,13,
2699 4988 2741 5030 5.
2774 4988 2832 5042 6,
2853 4992 2997 5042 quem
3023 4979 3073 5028 in
3098 4978 3201 5031 aliis
3223 4980 3354 5028 certe
3377 4977 3666 5027 locisuiem-

2127 5064 2271 5111 nymo
2291 5064 2427 5099 usum
2451 5063 2554 5099 esse
2570 5053 2776 5111 constat,
2795 5063 2891 5098 non
2910 5049 3165 5098 mulierum
3183 5051 3520 5110 spadanarum
3535 5047 3663 5094 inam

2127 5120 2480 5180 tortitudinem,
2513 5120 2596 5169 sed
2623 5120 2843 5182 Antigoni
2862 5119 3125 5171 adventum
3158 5117 3321 5167 fecisse
3350 5114 3491 5175 dicit,
3515 5120 3566 5163 ut
3604 5114 3664 5163 de

2125 5192 2290 5255 sparta
2318 5190 2523 5252 Pyrrhus
2545 5190 2802 5243 recederet.
