3900 6042
1574 492 2066 550 FRAGMENTA.

3265 507 3378 555 ⁴6⁹

162 625 359 679 Duris
403 642 504 678 suu
553 621 777 677 dicendi
818 622 1038 694 generi,
1093 621 1264 676 modo
1306 622 1451 675 salva
1489 624 1559 675 sit
1601 621 1742 677 fides
1830 634 1973 680 rant.
1999 622 2150 694 Quid
2171 632 2448 695 tamquam
2470 625 2766 696 proprium
2787 624 3014 678 Duridis
3042 625 3129 678 vel
3157 624 3379 681 laudem

160 712 465 768 historici.
499 714 571 765 At
594 708 1003 767 dubitationem
1032 720 1220 763 movet
1249 709 1574 763 Plutarchus
1604 707 1738 787 (Pe-
1830 711 1918 765 vel
1947 711 2258 783 vituperem
2284 709 2467 767 habeo
2497 710 2636 765 nihil
2668 709 2757 784 (⁸).

160 798 315 855 riel.
349 817 403 851 c.
438 795 534 851 28.
569 796 636 852 fr.
668 795 799 871 60),
833 798 931 868 qui
958 806 1253 868 postquam
1281 796 1426 850 Sami
1456 814 1739 867 expugna·

160 886 406 939 tionem
432 884 716 952 narravit,
754 882 916 937 addit
942 884 1056 937 haec
1098 899 1113 938 ε
1153 883 1337 958 Δοῦρις
1381 881 1426 936 δ’
1473 883 1501 936 ὁ
1542 881 1741 955 Σάμιος

158 967 387 1035 τούτοις
428 969 772 1046 ἐπιτραγῳδεῖ
806 966 1002 1036 πολλὴν
1030 966 1280 1041 ὠμότητα
1304 969 1406 1025 τῶν
1436 965 1715 1037 Ἀθηναίων

162 1055 274 1113 καὶ
321 1061 414 1113 τοῦ
462 1053 775 1132 Περικλέους
816 1057 1137 1132 κατηγορῶν,
1165 1053 1229 1123 ἣν
1258 1052 1373 1110 οὔτε
1418 1053 1739 1123 Θουκυδίδης

160 1142 463 1221 ἱστόρηκεν
505 1141 614 1199 οὔτ’
657 1139 881 1220 Ἔφορος
914 1140 1019 1199 οὔτ’
1060 1139 1434 1218 Ἀριστοτέλης.
1476 1137 1614 1198 Ἀλλ’
1651 1142 1743 1197 οὔκ

164 1228 464 1300 ἀληθεύειν
497 1228 731 1293 έοικεν..,
759 1233 941 1307 Δοῦρις
966 1226 1059 1305 μὲν
1082 1219 1168 1285 οὗν
1194 1229 1260 1285 οὗ
1279 1225 1330 1283 δ’
1353 1226 1513 1284 ὅπου
1545 1227 1743 1301 μηδὲν

166 1319 359 1393 αὐτῷ
392 1315 745 1394 πρόσεστιν
777 1316 947 1373 ἴδιον
976 1314 1166 1381 πάθος
1195 1312 1441 1379 εἰωθὼς
1471 1322 1742 1393 κρατεῖν

164 1402 299 1475 τὴν
341 1403 641 1480 διήγησιν
684 1404 786 1459 ἐπὶ
826 1401 1310 1477 τῆςάληθείας,
1358 1402 1556 1476 μᾶλλον
1587 1400 1745 1459 ἔοικεν

170 1495 416 1549 ἐνταῦθα
446 1492 687 1548 δεινῶσαι
715 1488 808 1555 τὰς
835 1494 929 1560 τῆς
955 1489 1198 1567 πατρίδος
1224 1487 1490 1567 συμφορὰς
1518 1487 1603 1545 ἐπὶ
1633 1490 1746 1545 δια-

171 1578 325 1654 δολῇ
348 1581 449 1635 τῶν
476 1576 774 1647 Ἀθηναίων.
811 1580 878 1631 In
905 1578 992 1633 his
1026 1577 1368 1650 Thucydidis
1397 1579 1746 1648 aliorumque

170 1669 531 1739 scriptorum
562 1667 839 1720 silentium
870 1676 1064 1719 contra
1088 1663 1364 1718 Duridem
1394 1682 1498 1735 per
1525 1683 1580 1717 se
1608 1665 1745 1717 nihil

174 1754 433 1827 probat,
460 1753 632 1826 idque
665 1754 780 1826 ipse
806 1754 971 1806 sensit
1006 1752 1354 1807 Plutarchus,
1386 1750 1533 1804 Illud
1580 1752 1749 1823 igitur

177 1843 467 1913 quaeritur
492 1859 627 1895 num
655 1858 785 1893 vere
812 1839 959 1893 dicta
999 1839 1108 1891 sint
1144 1837 1315 1891 verba
1357 1856 1370 1890 :
1416 1835 1520 1891 οὐδ’
1558 1833 1746 1895 ὅπου...

181 1925 458 1993 ἀληθείας.
500 1930 570 1982 Et
615 1926 810 1998 quidni
839 1924 1012 1979 fidem
1054 1927 1119 1979 iis
1163 1924 1559 1978 adhibeamus?
1589 1925 1749 1979 Certe

178 2014 453 2069 refellere
490 2013 773 2067 Plutarchi
803 2011 1080 2083 judicium
1128 2029 1244 2064 non
1272 2029 1579 2083 possumus..
1618 2011 1752 2065 Aliis

180 2118 429 2173 quoque
448 2101 584 2154 locis
597 2098 820 2153 duobus
834 2098 1160 2153 Plutarchus
1178 2097 1373 2151 Duridi
1395 2098 1743 2170 obloquitur.

180 2192 451 2260 Quorum
472 2188 647 2241 altero
671 2185 766 2260 (fr.
788 2186 884 2260 64)
906 2185 1136 2241 Duridis
1152 2186 1529 2239 narrationem
1548 2187 1750 2239 iterum

183 2274 796 2349 opponit'l’heopompi
806 2315 822 2346 ‚
844 2272 1074 2346 Ephori,
1090 2272 1490 2345 Xenophontis
1503 2272 1721 2327 silentio
1734 2293 1749 2340 ;

184 2365 331 2417 hinc
358 2362 496 2415 nihil
531 2380 636 2415 nos
653 2361 961 2429 lucramur3
1000 2360 1177 2414 altero
1214 2378 1350 2415 vero
1383 2357 1479 2434 (fr.
1516 2358 1582 2429 7)
1613 2357 1752 2414 fides

182 2449 386 2503 Nostri
407 2466 623 2501 summo
640 2446 768 2518 jure
796 2445 1186 2514 addubitatur3
1216 2464 1347 2499 nam
1369 2447 1649 2500 neminem
1668 2445 1752 2500 su-

182 2536 278 2610 git
300 2534 572 2590 Duridem
599 2534 659 2588 in
689 2535 756 2588 iis
778 2552 902 2606 quae
924 2532 995 2588 de
1026 2534 1288 2587 Eumenis
1318 2550 1519 2606 genere
1551 2533 1751 2602 tradit,

185 2623 483 2695 vulgarem
514 2622 670 2675 istam
692 2621 790 2676 sed
829 2622 1075 2693 ineptam
1095 2630 1344 2675 secutum
1369 2637 1480 2675 esse
1516 2620 1715 2676 famam
1733 2662 1749 2690 ,

190 2726 373 2780 quam
420 2706 789 2762 Macedonum
823 2707 1034 2762 invidia
1080 2718 1371 2780 sparserat.
1408 2711 1491 2762 Ac
1520 2708 1751 2762 omnino

186 2793 412 2869 pendet
437 2795 605 2849 Duris
631 2813 698 2849 ex
722 2796 807 2849 sui
828 2794 1012 2850 saeculi
1030 2794 1420 2867 scriptoribus,
1443 2813 1753 2868 eorumque

190 2883 348 2937 vitiis
371 2882 608 2939 laborat.
692 2882 996 2938 Alexandri
1014 2882 1409 2937 historicorum
1432 2893 1747 2938 commenta
1766 2884 1777 2897 '

190 2980 443 3025 sectatur
465 2970 535 3023 fr.
570 2987 670 3041 19,
706 2987 769 3038 71
793 3009 808 3035 ,
848 2986 1187 3040 quamquam
1210 2967 1350 3022 illud
1375 2967 1446 3022 de
1475 2968 1744 3023 Thalestri

192 3060 481 3113 Amazone
508 3054 829 3129 repudiavit
852 3054 952 3133 (fr.
990 3054 1058 3109 18
1076 3054 1117 3128 ).
1148 3057 1229 3110 Ex
1252 3055 1751 3127 Peripateticorum

192 3145 260 3198 in
288 3143 653 3199 Academicos
676 3143 979 3197 inimicitiis
996 3141 1367 3197 derivandum
1394 3141 1553 3214 quod
1579 3141 1649 3199 fr.
1681 3143 1753 3213 78

192 3232 404 3304 legitur
441 3230 513 3284 de
548 3231 774 3285 Socrate
817 3248 1003 3287 servo.
1085 3228 1223 3301 Quae
1265 3230 1436 3284 aetatis
1461 3229 1748 3284 hominem

196 3318 367 3371 etiam
393 3318 453 3371 in
475 3335 544 3371 eo
568 3317 817 3391 agnoscis
842 3316 1055 3385 studio,
1080 3336 1195 3390 quo
1214 3316 1531 3371 reconditas
1551 3327 1607 3372 et
1628 3318 1755 3372 abs-

200 3413 384 3457 trusas
411 3402 623 3459 fabulas
658 3404 875 3476 vulgari
904 3403 1205 3459 traditione
1239 3405 1459 3459 sancitis
1490 3405 1752 3477 praeserre

201 3489 349 3544 solet
378 3488 476 3561 (fr.
524 3488 579 3542 3.
628 3507 720 3558 7²·
758 3488 848 3544 38.
875 3490 945 3546 cl.
991 3491 1112 3565 14).
1153 3491 1426 3563 Suspectae
1462 3489 1595 3547 fidei
1631 3504 1759 3547 sunt

201 3595 331 3649 quae
361 3577 622 3649 leguntur
651 3576 722 3630 fr.
757 3575 830 3631 65
854 3588 911 3631 et
938 3576 1009 3646 67
1033 3618 1049 3650 ,
1080 3578 1214 3632 falsa
1243 3577 1542 3632 traduntur
1576 3579 1645 3634 sr.
1674 3580 1748 3634 62

201 3674 263 3719 et
279 3663 313 3718 6
326 3681 370 3720 1.
393 3666 743 3736 Quamquam
760 3664 822 3718 in
840 3664 924 3718 his
946 3664 1208 3719 omnibus
1229 3683 1450 3719 errores
1483 3685 1600 3719 non
1618 3679 1748 3722 sunt

202 3748 453 3823 Duridis,
474 3748 573 3803 sed
587 3767 785 3803 eorum
803 3766 946 3822 quos
972 3749 1143 3804 duces
1179 3760 1387 3805 temere
1412 3763 1631 3806 secutus
1649 3763 1747 3808 est.

286 3837 421 3906 Quae
448 3854 623 3909 quum
664 3838 741 3891 ita
780 3854 837 3891 se
863 3837 1133 3911 habeant,
1163 3839 1221 3890 in
1250 3837 1520 3892 Duridem
1557 3839 1756 3894 cadere

2464 887 2778 911 w-OOO--ss

2413 1003 2800 1068 ΙΣΤΟΡῘΑῘ.

2586 1168 2635 1201 1.

2305 1289 2349 1340 E
2393 1289 2616 1343 LIBRO
2657 1290 2908 1345 PRIMO.

1916 1416 2143 1470 Photius
2161 1417 2305 1471 Bibl.
2330 1417 2460 1471 cod.
2488 1417 2618 1492 176,
2639 1437 2697 1491 p.
2732 1436 2926 1493 121,a‚
2955 1426 3020 1484 [ιι
3047 1420 3138 1474 ed.
3166 1422 3340 1475 Bekk.
3370 1441 3382 1474 ε

1835 1514 2015 1587 Δοῦρις
2045 1508 2137 1585 μὲν
2162 1502 2247 1567 οὖν
2275 1513 2302 1567 ὃ
2329 1509 2527 1584 Σάμιος
2547 1513 2600 1567 ἐν
2619 1514 2684 1588 τῇ
2699 1510 2880 1588 πρώτῃ
2911 1515 3014 1569 τῶν
3042 1516 3198 1572 αὑτοῦ
3219 1512 3388 1574 Ἱστο-

1836 1600 1957 1676 ριῶν
1985 1596 2118 1654 οὕτω
2141 1596 2311 1675 φησίν·
2341 1625 2367 1649 α
2394 1596 2617 1678 Ἔφορος
2637 1597 2690 1655 δὲ
2718 1599 2808 1656 καὶ
2836 1593 3154 1675 Θεόπομπος
3176 1605 3280 1659 τῶν
3301 1625 3388 1679 ,γε-

1834 1682 2060 1760 νομένων
2086 1684 2494 1763 (προγενομένων
2514 1687 2768 1762 Casaub.)
2798 1688 3039 1744 πλεῖστον
3070 1688 3390 1769 ἀπελείφθη-

1836 1791 1952 1829 σαν*
2001 1768 2117 1829 οὔτε
2166 1770 2265 1850 γὰρ
2329 1772 2598 1848 μιμήσεως
2649 1772 2932 1848 μετέλαὸον
2985 1775 3225 1849 οὐδεμιᾶς
3272 1776 3389 1835 οὔτε

1836 1859 2023 1928 ἡδονῆς
2064 1860 2115 1915 έν
2155 1861 2230 1936 τῷ
2278 1860 2500 1939 φράσαι,
2544 1862 2699 1917 αὐτοῦ
2743 1858 2798 1917 δὲ
2843 1866 2932 1918 τοῦ
2976 1860 3190 1941 γράφειν
3235 1864 3390 1939 μόνον

1839 1944 2259 2018 ἐπεμελήθησαν.
2294 1971 2319 1995 ²·
2353 1945 2536 2003 Καίτοι
2555 1951 2739 2024 Δοῦρις
2765 1945 2961 2016 καὶτῆς
2992 1950 3044 2004 ἐν
3073 1950 3245 2014 αὐτοῖς
3274 1950 3393 2007 τού-

1837 2052 1941 2095 τοις
1969 2031 2293 2106 οἰκονομίας,
2323 2022 2395 2098 οἷς
2425 2033 2685 2103 αἰτιᾶται,
2717 2030 2889 2090 πολλὰ
2916 2035 3018 2090 τῶν
3061 2036 3258 2112 ἀνδρῶν
3281 2037 3394 2093 λει-

1839 2115 2082 2192 πόμενος.
2129 2116 2265 2176 Ἀλλ’
2309 2118 2354 2174 εἰ
2396 2115 2490 2191 μὲν
2535 2116 2662 2196 πρὸς
2705 2117 2791 2175 τὸν
2835 2117 3162 2198 ὑπερήφανον
3204 2122 3393 2180 ἐκεῖνον

1836 2202 2160 2279 Θεοπόμπου
2188 2203 2359 2282 λόγον,
2381 2203 2435 2270 ὃς
2461 2201 2577 2271 τοὺς
2609 2204 2973 2284 ἀρχαιοτέρους
3001 2208 3114 2264 οὐδὲ
3144 2211 3245 2265 τῶν
3274 2210 3394 2266 δευ-

1838 2290 2046 2368 τερείων
2075 2290 2243 2363 ἠξίου,
2264 2296 2415 2350 τοῦτο
2451 2293 2759 2371 ἀπέρριψεν,
2780 2294 2882 2350 οὐκ
2909 2292 3017 2370 ἔχω
3043 2292 3228 2373 λέγειν·
3259 2296 3395 2365 πλὴν

1840 2376 1918 2435 ὅτι
1945 2377 2203 2457 οὐδέτερος
2236 2381 2405 2436 αὐτῶν
2432 2378 2797 2457 προσηκόντως
2827 2379 3142 2452 ἕπελάὸετο,
3172 2382 3260 2440 καὶ
3302 2383 3406 2457 μά-

1846 2465 1993 2523 λιστα
2020 2464 2463 2546 διισχυρισαίμην.

2357 2608 2572 2681 2.(01.
2623 2606 2757 2679 105,
2789 2610 2886 2683 4.)

2260 2750 2306 2801 E
2349 2749 2568 2802 LIBRO
2609 2747 2961 2802 SECUNDO.

1922 2888 2218 2942 Athenaeus
2236 2888 2398 2954 xm,
2417 2906 2472 2960 p.
2492 2885 2624 2955 560,
2645 2888 2714 2943 B:
2737 2883 2942 2943 Οὐδένα
2960 2882 3020 2941 δὲ
3035 2886 3177 2959 ὑμῶν
3199 2885 3398 2956 ἀγνοεῖν

1843 2973 2019 3048 οἴομαι
2038 3017 2053 3045 ,
2081 2972 2259 3050 ἄνδρες
2295 2970 2455 3050 φίλοι,
2490 2970 2569 3028 ὅτι
2597 2970 2686 3029 καὶ
2715 2973 2762 3028 οἱ
2794 2972 3027 3046 μέγιστοι
3066 2969 3286 3046 πόλεμοι
3314 2971 3400 3028 διὰ

1842 3060 2089 3136 γυναῖκας
2115 3057 2368 3136 ἐγένοντο·
2398 3061 2426 3116 ὅ
2456 3057 2674 3124 Ἰλιακὸς
2697 3058 2762 3115 δι’
2787 3058 3028 3133 Ἑλένην,
3060 3060 3087 3114 δ
3109 3058 3286 3131 λοιμὸς
3315 3058 3400 3115 διὰ

1846 3144 2148 3224 Χρυσηίδα,
2190 3142 2468 3223 Ἀχιλλέως
2498 3149 2647 3220 μῆνις
2675 3143 2759 3201 διὰ
2787 3143 3068 3225 Βρισηίδα,
3103 3141 3192 3201 καὶ
3219 3146 3247 3199 ὁ
3269 3143 3401 3220 ἱερὸς

1848 3231 1901 3292 δὲ
1925 3232 2241 3307 καλούμενος
2264 3234 2330 3290 δι’
2357 3230 2535 3308 ἑτέραν
2557 3231 2810 3309 γαμετὴν,
2838 3230 2965 3311 φησὶ
2995 3235 3179 3308 Δοῦρις
3207 3232 3259 3287 ἐν
3288 3230 3402 3288 δευ-

1845 3321 1971 3401 τέρᾳ
1999 3319 2284 3398 Ἱστοριῶν,
2314 3321 2560 3393 Θηὸαίαν
2587 3320 2760 3397 γένος,
2786 3319 2951 3395 ὄνομα
2981 3317 3203 3390 Θεανὼ,
3228 3318 3403 3397 ἅρπα-

1846 3413 2054 3466 σθεῖσαν
2100 3407 2201 3466 ὑπὸ
2242 3407 2475 3474 Φωκέως
2520 3406 2673 3474 τινός.
2725 3405 2987 3477 Δεκαετὴς
3027 3406 3080 3463 δὲ
3127 3406 3218 3463 καὶ
3257 3396 3403 3472 οὗτος

1845 3494 2117 3570 γενόμενος
2161 3498 2236 3573 τῷ
2277 3493 2478 3573 δεκάτῳ
2507 3492 2609 3551 ἔτει
2644 3494 2918 3552 Φιλίππου
2961 3492 3404 3573 συμμαχήσαντος

1909 3671 1976 3730 (ι)
2007 3668 2173 3717 pauno
2200 3667 2451 3727 malignius
2476 3667 2536 3715 de
2564 3668 2743 3716 Duride
2769 3668 3003 3728 judicavit
3042 3640 3253 3716 vanam
3289 3670 3395 3726 (ne

1845 3738 1946 3787 reb.
1973 3740 2101 3786 Sam.
2123 3750 2168 3798 p.
2194 3742 2318 3799 91),
2336 3735 2408 3785 uti
2427 3740 2557 3785 recte
2569 3738 2733 3785 monet
2753 3737 3064 3786 Hullemanus
3078 3772 3091 3795 ,
3108 3748 3402 3797 quamquam

1842 3806 1942 3868 ipse
1960 3806 2182 3854 causidici
2202 3819 2335 3855 more
2353 3806 2580 3855 Duridem
2602 3820 2746 3855 suum
2764 3806 2975 3856 defendit
2992 3805 3244 3867 speciosius
3261 3818 3406 3866 quam

1845 3876 2029 3935 verius,
2053 3887 2289 3924 summam
2314 3873 2646 3937 disputationis
2665 3888 2835 3937 cogens
2861 3875 3040 3923 hancce
3063 3894 3075 3923 ε
3098 3893 3122 3916 «ι
3154 3873 3348 3923 Duridis
3367 3883 3407 3929 si

204 3923 469 3977 Videntur
513 3941 637 3996 <111ae
676 3924 737 3977 5¹¹
790 3924 1069 3996 Plurimos
1110 3924 1318 3979 cadunt
1342 3923 1610 3995 verSdem
1657 3929 1754 3980 aevi
1849 3943 2131 3993 industriam
2153 3944 2346 4005 respicis
2376 3947 2424 3994 et
2443 3945 2655 3994 studium
2679 3958 2838 3994 rerum
2867 3943 3016 4007 probe
3034 3942 3406 4004 indagandarum

203 4011 524 4082 scriptores.
552 4013 765 4065 Rerum
788 4012 1005 4084 pollent
1029 4012 1369 4067 abundantia
1398 4022 1453 4065 ct
1477 4014 1756 4082 varietate,

207 4100 484 4153 lectorum
518 4100 827 4152 inserviunt
864 4098 1257 4172 delectationi,
1289 4101 1602 4154 orationem
1629 4099 1755 4154 fun·

206 4185 353 4239 dunt
375 4183 616 4239 vividam
640 4195 695 4240 et
714 4187 1176 4259 negligentiorem
1192 4227 1206 4253 ‚
1238 4204 1267 4240 a
1328 4187 1634 4241 factionum
1654 4197 1761 4242 stu-

1849 4013 2043 4076 optimis
2069 4014 2306 4062 historicis
2332 4015 2405 4063 est
2429 4014 2778 4074 accensendus;
2808 4015 2849 4064 si
2875 4013 3157 4062 narrationis
3187 4012 3327 4060 tidem
3359 4016 3409 4062 et

1848 4083 2203 4145 auctoritatem,
2221 4085 2459 4133 immerito
2476 4087 2741 4145 suspectus,
2761 4086 2811 4133 et
2828 4083 3047 4145 quamvis
3064 4082 3290 4131 viliorum
3309 4094 3407 4131 non

1852 4153 2105 4213 immunis,
2135 4156 2330 4215 propter
2348 4154 2448 4202 veri
2471 4156 2630 4202 tamen
2657 4153 2868 4201 studium
2895 4164 3177 4213 magnopere
3207 4150 3406 4200 laudan-

1851 4223 1958 4272 duS.
1983 4243 2006 4265 »
2029 4223 2179 4271 Multo
2198 4222 2408 4283 jejunius
2423 4224 2571 4285 atque
2594 4223 2770 4272 rectius
2786 4224 2846 4271 de
2860 4221 3052 4271 Duridis
3065 4220 3222 4270 indole
3246 4232 3303 4268 ac
3317 4220 3409 4269 tide

208 4271 318 4326 diis
340 4289 456 4325 non
484 4271 645 4326 liberi
672 4283 825 4341 sunt,
857 4275 989 4327 artis
1012 4275 1216 4327 criticae
1248 4292 1408 4347 usum
1436 4274 1553 4329 fere
1584 4276 1744 4347 igno·
1802 4322 1812 4352 ι
1847 4291 2030 4351 iudicat
2060 4291 2271 4340 Eckertae.
2301 4291 2333 4341 1,
2356 4294 2386 4341 1.
2407 4350 2431 4363 ς

794 4438 1187 4499 HISTORlAE.

972 4572 1015 4620 1.

674 4677 719 4735 E
763 4677 986 4736 LIBRO
1044 4677 1304 4736 PRIMO.

282 4801 419 4850 Duris
437 4803 624 4852 Samius
641 4803 763 4853 libro
784 4807 938 4868 primo
957 4807 1273 4857 Historiarum
1298 4806 1357 4856 de
1384 4810 1690 4873 Theopompo
1704 4811 1772 4860 sic

220 4881 389 4932 scribit
432 4903 444 4932 :
494 4903 519 4926 ι
560 4885 775 4946 Ephorus
805 4891 856 4937 et
894 4889 1231 4951 Theopompus
1265 4887 1611 4949 antiquioribus
1650 4892 1769 4941 scri·

220 4958 437 5022 ptoribus
458 4960 598 5023 longe
627 4966 740 5012 sunt
761 4964 1022 5015 inferiores.
1054 4964 1337 5014 lmitationis
1357 4964 1485 5014 enim
1525 4969 1673 5027 gratia
1698 4970 1774 5017 de·

220 5041 504 5101 stituuntur,
523 5045 785 5106 carentque
807 5043 996 5094 dicendi
1020 5045 1274 5094 venustate
1287 5078 1301 5102 ,
1329 5042 1391 5093 de
1409 5046 1659 5096 scribendo
1674 5052 1774 5097 tan·

1855 4439 2202 4499 antiquioribus
2237 4439 2546 4501 scriptoribus
2570 4454 2632 4489 ne
2668 4441 2900 4492 secundas
2933 4442 3129 4504 quidem
3157 4442 3376 4492 concedit
3395 4482 3408 4503 ,

1856 4516 1942 4566 ista
1957 4517 2124 4577 ,iecerit
2143 4518 2286 4567 Duris
2300 4554 2315 4579 ,
2339 4519 2495 4567 dicere
2513 4518 2628 4567 nihil
2652 4518 2769 4567 adeo
2803 4519 2983 4578 habeo;
3018 4520 3109 4568 hoc
3131 4532 3245 4569 vero
3263 4533 3409 4581 quam

1862 4596 2068 4644 maxime
2086 4597 2410 4646 contenderim
2428 4633 2443 4658 ,
2463 4600 2688 4647 neutrum
2707 4611 2875 4647 eorum
2894 4611 2990 4661 qua
3003 4611 3089 4659 par
3108 4601 3211 4647 erat
3227 4600 3410 4648 ratione

1858 4684 1959 4720 rem
1979 4684 2247 4733 aggressum
2272 4686 2390 4722 esse.

2614 4792 2666 4840 2.

2265 4925 2310 4981 E
2353 4924 2575 4984 LlBRO
2621 4925 2987 4985 SECUNDO.

1925 5054 2173 5102 Neminem
2197 5056 2358 5103 autem
2395 5056 2606 5103 vestrum
2648 5055 2795 5105 latere
2832 5060 2976 5118 puto,
3002 5057 3166 5117 amici,
3207 5060 3416 5113 maxima

220 5121 327 5165 tum
341 5118 545 5167 Solliciti·
573 5139 594 5161 ²·
615 5122 917 5183 Quamquam
932 5122 1074 5172 Duris
1097 5119 1262 5183 ipsein
1279 5119 1371 5169 illis
1388 5122 1500 5182 ipsis
1517 5124 1655 5187 longe
1670 5131 1775 5187 post
1866 5132 2009 5180 etiam
2034 5131 2157 5181 bella
2181 5136 2374 5196 propter
2391 5132 2615 5182 mulieres
2638 5136 2878 5191 concitata¹
2913 5148 3012 5184 esse
3039 5155 3048 5183 ε
3078 5135 3274 5186 iliacum
3307 5137 3416 5197 qui-

222 5206 306 5243 eos
328 5206 450 5255 quos
484 5196 637 5256 carpit
653 5196 781 5246 viros
812 5198 1114 5261 relinquitur.
1140 5199 1320 5245 Verum
1353 5197 1585 5259 siquidem
1623 5202 1671 5249 in
1691 5216 1770 5251 su·

1865 5206 1975 5255 dem
1996 5212 2189 5271 propter
2215 5209 2473 5270 Helenum
2493 5214 2673 5271 pestem
2695 5218 2887 5273 propter
2913 5211 3246 5273 Chryseidenm
3267 5214 3420 5262 Achil-

225 5271 423 5349 perbum
453 5274 595 5321 istum
636 5277 683 5323 et
719 5284 1017 5338 “repentem
1050 5274 1347 5339 Theopompi
1376 5289 1671 5340 sennonem,
1693 5282 1775 5341 qui
1870 5284 1926 5330 lis
1956 5284 2075 5333 iram
2105 5290 2295 5347 propter
2339 5286 2594 5336 Briseidem
2628 5307 2638 5335 :
2677 5288 2758 5343 sed
2781 5292 2826 5339 et
2856 5292 3051 5337 Sacrum
3088 5288 3224 5351 quod.
3250 5289 3421 5341 dicitur
