3900 6042
619 488 724 539 136

1330 629 1424 681 9').

687 732 964 785 Plutarch.
985 730 1199 800 Qu.Gr.
1223 749 1273 782 c.
1309 748 1394 802 19,
1418 749 1475 802 p.
1503 729 1632 802 295,
1654 733 1703 784 D
1730 751 1740 783 :
1776 757 1795 777 ι
1819 729 1962 796 Tm,
1978 729 2152 796 Ἀνθη-

607 812 738 888 δὼν,
762 814 881 893 περὶ
898 806 958 882 ἦς
976 817 1010 881 ἡ
1045 812 1238 877 Πυθιὰς
1267 804 1402 870 ε’ἷπε·

727 925 830 974 11ῖν’
850 926 974 974 οἶνον
993 926 1208 987 τρυγίαν,
1240 926 1339 973 ἐπεὶ
1359 926 1444 973 οὐκ
1467 925 1712 982 Ἀνθηδόνα
1739 927 1907 986 ναίεις,

605 1019 670 1078 ‘ll
695 1019 796 1098 γὰρ
820 1022 872 1077 ἐν
903 1024 1143 1084 Βοιωτοῖς
1167 1020 1261 1076 οὐκ
1289 1018 1398 1076 ἔστι
1429 1021 1707 1085 πολύοινος.
1738 1046 1763 1073 ι
1789 1018 1903 1090 Τὴν
1929 1014 2149 1080 Καλαυ-

605 1106 717 1182 ρίαν
741 1105 966 1184 Εἰρήνην
995 1105 1276 1164 τοπαλαιὸν
1304 1105 1570 1182 ὠνόμαζον
1594 1105 1698 1163 ἀπὸ
1720 1109 1959 1183 γυναικὸς
1993 1105 2148 1185 Εἰρή·

602 1215 717 1263 νης,
760 1193 824 1262 ἣν
866 1194 924 1249 ἐκ
954 1190 1394 1256 Ποσειδῶνοςνκαὶ
1439 1189 1761 1255 Μελανθείας
1786 1193 1878 1260 τῆς
1907 1189 2145 1269 Ἀλφειοῦ

603 1269 836 1353 γενέσθαι
880 1280 1265 1353 μυθολογοῦσιν.
1305 1277 1561 1356 ιιὝστερον
1595 1279 1650 1335 δὲ
1684 1279 1788 1334 τῶν
1815 1277 1934 1355 περὶ
1961 1272 2149 1346 Ἄνθην

606 1364 693 1420 καὶ
736 1364 966 1442 Ὑπέρην
1018 1363 1195 1422 αὐτόθι
1241 1362 1613 1421 κατοικούντων
1630 1407 1648 1438 ,
1687 1361 2014 1433 Ἀνθηδονίαν
2057 1362 2147 1419 καὶ

602 1448 880 1527 Ὑπέρειαν
909 1449 1124 1507 ἐκάλουν
1151 1449 1242 1518 τὴν
1285 1453 1458 1518 ν’ἥσον.
1504 1440 1631 1526 Εἶχε
1664 1447 1718 1506 δὲ
1743 1451 1771 1505 ὁ
1796 1449 2033 1528 χρησμὸς
2061 1447 2148 1505 οὕ-

601 1560 730 1604 τως,
761 1541 828 1601 ὡς
854 1536 1211 1614 Ἀριστοτέλης
1242 1536 1396 1615 φησί·

723 1664 825 1711 Πῖν’
845 1664 967 1713 οἶνον
991 1665 1179 1725 τρυγίαν
1193 1700 1209 1723 ,
1233 1666 1335 1712 ἐπεὶ
1359 1665 1445 1713 οὐκ
1464 1663 1707 1722 Ἀνθηδόνα
1728 1663 1895 1717 ναίεις,

727 1734 823 1782 οὐδ’
848 1734 971 1795 ἱερὰν
990 1734 1209 1796 Ὑπέραν,
1228 1734 1296 1781 ὅθι
1316 1734 1359 1794 γ’
1376 1734 1573 1796 ἄτρυγον
1597 1733 1717 1781 οἶνον
1738 1732 1899 1786 ἔπινες.

600 1849 782 1903 Ταῦτα
812 1844 906 1920 μὲν
932 1848 960 1902 δ
983 1844 1354 1923 Ἀριστοτέλης.
1386 1843 1454 1902 Ὁ
1479 1844 1533 1902 δὲ
1562 1843 1923 1920 Μνασιγείτων
1956 1842 2144 1921 φησὶν,

599 1931 886 2008 Ὑπέρητος
912 1931 1132 2010 ἀδελφὸν
1154 1932 1278 1989 ὄντα
1307 1930 1393 1988 τὸν
1422 1928 1634 2001 Ἄνθον,
1667 1928 1742 1986 ἔτι
1777 1926 1965 1998 νήπιον
2004 1932 2141 1985 ἀπο·

597 2017 809 2086 λε’σθαι,
838 2019 927 2075 καὶ
947 2016 1039 2085 τὴν
1076 2016 1306 2094 Ὑπέρην
1334 2014 1470 2074 κατὰ
1504 2015 1714 2085 ζήτησιν
1754 2017 1912 2073 αὐτοῦ
1934 2021 2141 2071 πλανω·

599 2102 788 2178 μένην,
816 2105 886 2169 εἰς
900 2105 1082 2182 Φερὰς
1108 2102 1236 2180 πρὸς
1255 2098 1512 2162 Ἄκαστον
1532 2100 1599 2178 (ἢ
1620 2100 1936 2180 Ἄδραστον)
1957 2101 2141 2169 ἐλθεῖν,

596 2188 726 2248 ὅπου
749 2188 885 2248 κατὰ
903 2189 1069 2268 τύχην
1092 2192 1120 2246 δ
1138 2188 1313 2254 Ἄνθος
1338 2187 1600 2246 ἐδούλευεν
1620 2187 1867 2266 οἰνοχοεῖν
1886 2185 2140 2263 τεταγμέ·

596 2298 698 2341 νος.
736 2274 836 2341 Ὦς
876 2265 962 2333 οὗν
1013 2277 1308 2345 εἱστιῶντο,
1338 2274 1426 2332 τὸν
1469 2275 1633 2331 παῖδα
1675 2271 2028 2352 προσφέροντα
2074 2275 2140 2350 τῇ

596 2361 794 2441 ἀδελφῇ
818 2360 875 2418 τὸ
902 2360 1145 2438 ποτήριον
1161 2403 1176 2432 ,
1204 2363 1508 2436 ἐπιγνῶναι,
1536 2360 1624 2417 καὶ
1649 2361 1810 2417 εἰπεῖν
1832 2358 1961 2437 πρὸς
1979 2358 2138 2428 αὐτὴν

594 2456 796 2530 ἡσυχῆ·

717 2569 821 2622 mv·
841 2574 966 2621 οἶνον
986 2574 1171 2636 τρυγίαν
1187 2609 1199 2630 ,
1221 2574 1319 2621 ἐπεὶ
1343 2573 1428 2621 οὐκ
1453 2572 1694 2629 Ἀνθηδόνα
1723 2573 1879 2626 ναίεις.

594 2676 860 2756 Upim-qv]
913 2680 1070 2735 Idem
1118 2678 1345 2734 tradunt
1394 2678 1622 2733 Photius
1665 2688 1722 2731 et
1762 2674 1954 2747 steph.
2002 2675 2132 2745 Byz.

592 2785 646 2823 ν.
677 2766 1001 2843 Καλαύρεια.
1024 2768 1244 2822 Nomen
1263 2766 1333 2820 ab
1353 2766 1505 2837 asylo
1527 2763 1959 2819 celebratissimo
1980 2759 2136 2814 deri-

591 2853 838 2906 vandum
867 2871 979 2907 esse
1002 2851 1244 2917 videtum
1275 2852 1343 2905 cf.
1372 2853 1571 2906 Strabo
1600 2868 1659 2922 p.
1694 2848 1828 2917 374.
1852 2878 1928 2891 —-
1953 2848 2136 2918 Hype-

591 2957 680 2993 res
700 2957 800 2993 rex
820 2939 1101 3011 Tirynthis
1124 2950 1177 2992 et
1202 2937 1417 2992 Anthus
1437 2939 1549 2991 sive
1569 2936 1793 3003 Anthes,
1815 2934 2060 3006 Neptuni
2083 2942 2137 2987 et

589 3024 867 3096 Alcyones
905 3022 1211 3096 (Lycaonis
1236 3023 1274 3076 f.
1318 3041 1425 3077 see.
1448 3020 1529 3075 St.
1571 3023 1698 3091 Byz.
1727 3038 1783 3072 v,
1807 3015 2131 3094 Ὗπερήσια)

590 3107 720 3176 filii,
746 3121 802 3163 et
821 3108 1141 3163 conditores
1155 3109 1437 3180 Hyperaea»
1456 3118 1509 3161 et
1531 3107 1765 3161 Anthiae.
1793 3107 2027 3158 Pausan.
2055 3106 2130 3173 11,

594 3194 694 3262 30,
756 3213 810 3263 7.
862 3196 1014 3249 Alius
1063 3195 1342 3266 Hyperes,
1387 3194 1614 3247 Melanis
1655 3203 1709 3245 et
1752 3190 2033 3262 Eurycleae
2090 3191 2128 3245 f.

590 3281 905 3349 Thessalus,
946 3282 1138 3336 Pheris
1159 3280 1429 3335 habitavit
1452 3279 1524 3333 ad
1553 3279 1857 3351 Hyperiam
1898 3276 2128 3333 fontem.

595 3369 899 3423 Nominum
938 3379 992 3421 et
1021 3367 1278 3421 locorum
1317 3367 1705 3439 cognationem
1731 3361 2015 3436 quandam
2038 3363 2126 3417 in-

590 3455 741 3508 dicat
767 3455 1011 3508 narratio
1033 3454 1442 3526 Mnasigitonis‚
1473 3470 1540 3506 ex
1565 3470 1674 3523 qua
1699 3451 1886 3505 Pheris
1903 3452 2129 3522 Hypere

589 3543 817 3596 fratrem
850 3541 1082 3597 invenit.

665 3625 815 3696 Quid
843 3627 1165 3681 Aristoteles
1190 3628 1525 3692 narraverit,
1558 3615 1627 3680 ex
1650 3627 1952 3681 Plutarcho
1978 3623 2123 3680 haud

1677 480 2172 540 AntsToTt-:Lts
2224 476 2713 540 FRAGMENTA.

2249 622 2356 662 tem
2386 627 2415 661 a
2461 606 2677 661 Pollidc
2724 607 2961 677 Argivo,
2993 607 3486 677 Syracusanorum
3529 609 3778 681 principe,

2247 697 2303 748 in
2332 694 2575 749 Siciliam
2600 700 2932 763 asportatam
2962 710 3102 757 csse,
3147 692 3407 763 abrupte
3430 694 3706 762 subjicitur
3724 696 3779 748 ab

2246 789 2574 851 excerptore
2597 777 2886 832 oraculum
2917 787 3173 830 nostrum
3200 779 3317 831 πῖν’
3343 766 3481 833 οἶνον
3505 800 3555 834 κ.
3588 800 3636 837 τ.
3670 779 3714 835 λ.
3736 793 3778 833 et

2244 867 2509 938 deinceps
2536 865 2692 918 locus
2712 864 2782 919 fr.
2809 869 2881 935 94
2907 863 3246 935 adscriptus,
3275 866 3418 935 Quoe
3442 883 3612 936 quum
3630 867 3776 919 colm-

2243 971 2369 1008 rere
2410 955 2557 1007 inter
2600 970 2657 1005 se
2701 951 2892 1021 aliquo
2920 949 3094 1004 modo
3125 950 3418 1021 debeant,
3448 953 3641 1006 Pollux
3665 970 3774 1006 vero

2245 1038 2375 1111 (v1,
2411 1039 2502 1105 163
2523 1037 2653 1091 vide
2676 1036 2745 1090 fr.
2776 1034 2808 1090 5
2836 1033 3086 1111 ssippyis)
3107 1037 3333 1092 reserat
3348 1035 3439 1092 τὸν
3465 1037 3649 1095 Πόλιον
3664 1027 3771 1092 οἶνον

2242 1142 2450 1179 nomen
2472 1123 2678 1184 habere
2707 1118 2810 1177 ἀπὸ
2840 1125 2931 1177 τοῦ
2957 1120 3345 1199 Συρακουσίων
3373 1120 3624 1199 βασιλέως
3651 1121 3776 1193 na·-

2240 1209 2403 1277 λιδος,
2449 1210 2519 1272 ὡς
2565 1204 2919 1283 Ἀριστοτέλης
2961 1204 3101 1282 λέγει
3152 1226 3169 1266 τ
3212 1210 3517 1282 probabile
3558 1220 3633 1264 est
3674 1210 3766 1262 haec

2240 1314 2469 1369 quoque
2497 1313 2624 1349 cum
2652 1296 2718 1349 iis
2744 1314 2868 1366 quae
2909 1296 3249 1351 Plutarchus
3285 1313 3357 1351 ex
3386 1297 3672 1350 Aristotele
3696 1297 3765 1348 as-

2237 1384 2347 1437 sert
2378 1381 2769 1454 cohjungenda
2796 1399 2926 1436 esse.
2955 1385 3155 1454 Itaque
3186 1385 3491 1438 oraculum
3513 1381 3643 1436 illud
3666 1383 3766 1435 Pol·

2240 1468 2341 1523 lidi
2393 1469 2633 1541 Argivo,
2682 1478 2980 1540 postquam
3031 1470 3342 1546 Syracusas
3385 1470 3502 1540 jam
3550 1469 3761 1532 abierat,

2237 1557 2422 1609 nescio
2453 1573 2561 1627 qua
2587 1555 2879 1636 occasione
2903 1554 3097 1609 datum
3118 1555 3324 1624 fuerit,
3349 1556 3759 1628 idqueincaussa

2237 1641 2401 1697 fuisse
2427 1643 2672 1708 videtur,
2703 1658 2806 1696 cur
2843 1642 3012 1696 vitem
3040 1642 3218 1696 Pollis
3246 1661 3319 1697 ex
3360 1640 3697 1698 Anthedonia
3720 1658 3756 1694 s.

2235 1727 2486 1781 Calauria
2511 1723 2784 1797 (exItalia
2800 1767 2815 1794 ,
2836 1737 2899 1780 ut
2922 1726 3136 1799 Hippys
3164 1726 3463 1782 tradidisse
3481 1723 3695 1796 dicitur)
3712 1724 3756 1775 in

2236 1813 2477 1867 Siciliam
2500 1812 3011 1885 transplantandam
3041 1825 3295 1869 curaret.
3340 1815 3464 1869 Sec.
3489 1814 3664 1883 Etym.
3690 1810 3752 1862 M.

2237 1900 2405 1953 vitem
2428 1899 2580 1953 illam
2603 1916 2671 1952 ex
2692 1898 2924 1952 Thracia
2962 1899 3021 1951 in
3043 1899 3301 1953 Siciliam
3336 1897 3752 1969 transplantatmn

2233 2002 2265 2038 a
2290 1985 2507 2040 Pollide
2530 2001 2643 2039 esse
2664 1983 2735 2037 ad
2774 1984 3012 2056 Hippyis
3044 1984 3255 2058 fragm.
3306 2004 3338 2054 7
3363 1983 3581 2049 monui;
3622 1978 3750 2033 addo

2233 2081 2519 2126 auctorem
2554 2069 2718 2141 hujus
2746 2070 3079 2125 narrationis
3116 2071 3275 2126 haud
3311 2069 3483 2124 dubie
3521 2067 3751 2139 cogitasse

2233 2155 2306 2212 de
2337 2158 2601 2213 Thracica
2628 2155 2995 2223 Anthedone,
3021 2156 3385 2211 Anthedonis
3408 2154 3621 2209 Boeotiae
3644 2167 3744 2203 me-

2233 2243 2442 2314 tropoli
2491 2241 2608 2316 (De
2646 2241 2832 2296 Anthe
2869 2241 3083 2296 Thrace
3132 2252 3343 2315 poeta,
3382 2239 3504 2296 Lini
3546 2234 3743 2308 aequali,

2232 2347 2284 2384 v.
2302 2329 2522 2397 Mulier,
2539 2329 2688 2382 Min.
2707 2345 2766 2399 p.
2795 2325 2926 2401 388)
2949 2328 3217 2382 Ceterum
3240 2329 3335 2381 alii
3354 2328 3635 2399 scriptores
3650 2322 3743 2374 sor·

2231 2423 2368 2467 tasse
2388 2412 2460 2467 de
2483 2413 2727 2467 Boeotica
2747 2411 3083 2468 Anthedone
3108 2415 3453 2486 cogitarunt.
3480 2413 3601 2466 Haec
3620 2408 3741 2461 enim

2230 2515 2259 2551 a
2287 2498 2614 2554 Dicaearcho
2651 2495 2842 2562 εὕοινος
2883 2497 3116 2555 dicitur.
3153 2498 3327 2554 Unde
3352 2491 3530 2553 tamen
3550 2494 3742 2548 minime

2228 2586 2479 2655 sequitur
2496 2584 2877 2651 Plutarchum,
2903 2586 2999 2656 qui
3026 2584 3097 2640 de
3114 2603 3220 2640 sua
3239 2595 3396 2639 aetate
3418 2585 3634 2654 loquens
3644 2581 3739 2632 An·

2231 2670 2529 2725 thedonem
2561 2688 2680 2725 non
2716 2689 2829 2726 esse
2855 2668 3126 2726 πολύοινον
3172 2671 3341 2738 dicit,
3381 2669 3575 2725 erroris
3602 2666 3738 2718 incu-

2226 2755 2463 2812 sandum
2491 2774 2634 2824 esse,
2664 2758 2745 2811 uti
2776 2757 2905 2812 fecit
2926 2759 3201 2812 Miillerus
3218 2759 3368 2811 Min.
3389 2775 3444 2830 p.
3464 2774 3562 2828 29,
3585 2761 3633 2805 et
3656 2747 3734 2819 qui

2228 2861 2356 2897 eum
2386 2853 2723 2915 sequuntur,
2759 2845 2999 2900 Fuhrius
3042 2855 3100 2899 et
3138 2846 3386 2900 Marxius
3417 2841 3487 2897 ad
3526 2839 3734 2895 Dicaear·

2228 2929 2417 2985 chum.
2451 2958 2527 2970 —
2550 2930 2884 3003 Mnasigiton
2914 2930 3063 2985 idem
3087 2942 3169 2986 est
3215 2948 3345 2985 cum
3380 2925 3731 2997 Mnoeigstone,

2226 3032 2392 3087 quem
2415 3033 2525 3071 una
2552 3033 2680 3069 cum
2708 3018 3004 3072 Aristotele
3026 3018 3222 3073 laudat
3236 3017 3443 3071 Plinius
3458 3013 3602 3079 V111,
3619 3015 3727 3062 sect.

2229 3101 2298 3171 57
2348 3122 2363 3160 τ
2416 3104 2834 3174 Quadriremem
2888 3108 3209 3161 Aristoteles
3261 3104 3718 3174 Carthaginienses,

2224 3195 2662 3263 quinqueremem
2690 3192 3031 3266 Mnesigiton
3057 3193 3429 3255 Salaminios,
3465 3206 3560 3242 ses
3588 3181 3722 3238 mdi-

2222 3295 2352 3331 num
2372 3279 2705 3349 Xenagoras
2725 3278 3045 3349 Syracusios
3072 3278 3309 3353 (primos
3307 3276 3508 3347 ficisse
3528 3263 3687 3341 aiunt)
3710 3283 3720 3316 :

2220 3362 2296 3418 ab
2338 3383 2409 3418 ea
2451 3366 2534 3418 ad
2571 3365 2959 3419 decemremem
3001 3366 3345 3438 Mnesige'ton
3388 3359 3720 3417 Alexandmm

2223 3451 2498 3521 Magnum
2545 3455 2854 3506 instituisse.
2902 3452 3148 3509 Aliunde
3179 3454 3364 3507 virum
3383 3466 3496 3504 non
3523 3444 3653 3498 novi·

2940 3583 3038 3653 96.

585 3713 867 3785 intelligis.
899 3713 1091 3766 Potuit
1119 3711 1312 3766 eadem
1339 3710 1453 3765 fere
1473 3711 1693 3766 tradere
1711 3730 1836 3784 quae
1858 3713 2125 3777 Mnaseas,
2298 3710 2624 3764 Plutarchus
2650 3711 2814 3767 Thes.
2850 3731 2898 3767 c.
2936 3711 2968 3765 3
2996 3727 3015 3784 ,ε
3044 3709 3232 3790 Πέλοψ
3258 3706 3357 3787 γὰρ
3387 3707 3443 3763 οὗ
3466 3695 3711 3781 29⁷2de

588 3799 664 3851 ita
684 3795 913 3869 quidem
935 3808 995 3851 ut
1017 3808 1315 3851 statuamus
1338 3797 1589 3868 Pythiam
1609 3797 1836 3858 fratrem
1857 3797 2128 3869 quaerenti
2218 3791 2402 3862 πλήθει
2425 3794 2623 3869 μᾶλλον
2645 3792 2679 3863 ἢ
2711 3793 2908 3852 παίδων
2944 3793 3186 3872 μέγιστον
3221 3795 3400 3872 ἴσχυσε
3431 3792 3525 3848 τῶν
3558 3787 3604 3842 ἐν
3624 3783 3709 3840 Πε-

586 3882 933 3955 respondisse
975 3903 987 3936 ι
1028 3884 1294 3955 Reperies
1336 3883 1435 3936 ubi
1481 3883 1607 3954 quis
1633 3884 1717 3936 his
1745 3893 1799 3938 te
1828 3881 2126 3954 compellet
2219 3876 2520 3958 λοποννήσῳ
2550 3879 2831 3957 βασιλέων,
2849 3880 3047 3947 πολλὰς
3075 3881 3172 3959 μὲν
3193 3880 3453 3957 ἐκδόμενος
3473 3867 3709 3949 ouyoetlpoec

583 3970 800 4023 verbis:
825 3970 929 4023 πῖν’
953 3957 1084 4023 οἶνον
1111 3980 1223 4023 etc.
1244 3970 1429 4024 Alium
1445 3980 1630 4023 tamen
1653 3968 1814 4023 fuisse
1842 3968 2122 4023 narratio-
2216 3965 2322 4030 τοῖς
2366 3965 2613 4045 ἀρίστοις,
2636 3966 2854 4033 πολλοὺς
2894 3967 2947 4026 δὲ
2976 3971 3089 4035 ταῖς
3118 3969 3397 4029 πολιτείαις
3429 3960 3554 4023 υἱοὺς
3577 3958 3708 4031 ἔτη·

495 4097 498 4104 .
582 4057 666 4108 nis
688 4067 938 4110 tenorem
961 4057 1148 4128 colligi
1167 4057 1340 4128 possit
1354 4073 1423 4110 ex
1450 4056 1716 4110 Athenaeo
1739 4074 1794 4128 p.
1824 4054 1916 4121 31,
1946 4056 2011 4120 Β,
2029 4055 2128 4108 ubi
2216 4050 2498 4130 τασπείρας
2524 4051 2774 4132 ἄρχοντας
2792 4076 2806 4090 ·
2833 4046 2905 4112 ὧν
2932 4047 3004 4120 εἷς
3032 4057 3303 4133 γενόμενος
3332 4046 3536 4112 Πιτθεὺς
3563 4046 3587 4098 ὅ
3612 4041 3700 4103 θ’θ’

581 4152 878 4214 postquam
907 4160 976 4196 ex
1004 4143 1195 4214 uippy
1226 4142 1325 4214 (fr.
1359 4141 1423 4215 7)
1453 4142 1720 4196 retulerat
1746 4140 2022 4195 Biblinam
2038 4142 2127 4193 vi-
2217 4137 2345 4203 σέως
2370 4137 2581 4205 πάππος
2624 4139 2774 4197 πόλιν
2815 4139 2909 4216 μὲν
2955 4143 3012 4198 οὗ
3045 4144 3279 4220 μεγάλην
3305 4137 3395 4208 τὴν
3434 4137 3481 4193 T
3482 4124 3704 4210 pot-(wlff

2213 4312 2332 4348 num
2352 4300 2580 4350 infantem
2607 4301 2749 4352 fuisse
2771 4303 3032 4364 amissum,
3066 4307 3380 4367 Hyperenque
3404 4295 3597 4355 vfissfllflm
3617 4282 3704 4372 ῥυ*

2211 4375 2455 4437 quoerendt
2467 4390 2629 4438 eausa,
2643 4378 2818 4428 Pheras
2834 4378 2896 4427 ad
2915 4381 3140 4429 Acastum
3152 4380 3259 4441 (aut
3272 4369 3525 4428 Adrastum)
3536 4370 3701 4442 *0¹¹ss

2211 4451 2293 4499 ubi
2317 4454 2417 4501 tum
2438 4453 2558 4502 sorte
2581 4454 2766 4504 Anthus
2782 4467 2947 4503 servus
2960 4467 2990 4503 a
3012 4457 3198 4517 poculis
3213 4454 3319 4503 erat
3338 4470 3350 4499 ι
3372 4450 3489 4497 hunc
3507 4444 3552 4491 in
3564 4444 3701 4514 noun·-

2211 4526 2288 4575 vio
2315 4541 2522 4578 sororem
2535 4563 2549 4590 ‚
2575 4530 2650 4578 cui
2670 4532 2895 4591 poculum
2914 4531 3156 4593 praebebat
3173 4569 3188 4592 ,
3208 4525 3470 4592 agnovisse,
3486 4521 3531 4568 ⁸1
3544 4514 3648 4564 ‘³¹⁸⁰’
3663 4521 3703 4558 θ’

2208 4605 2404 4654 dixisse:

2317 4696 2541 4743 recatum
2559 4699 2659 4745 bibe
2674 4701 2829 4745 vinum
2844 4733 2856 4756 ,
2874 4705 3036 4746 utnon
3056 4700 3319 4747 Anthedone
3334 4695 3499 4749 degem-

2934 4793 3021 4842 96.

2269 4881 2438 4943 Pelops
2461 4894 2554 4930 uon
2582 4883 2796 4944 pecuniae
2814 4883 2963 4944 magis
2978 4883 3025 4930 vi
3043 4896 3187 4945 quam
3209 4880 3450 4929 liberorum
3471 4859 3689 4927 pturimum

2206 4956 2330 5004 inter
2367 4958 2729 5019 Peloponnesios
2750 4943 2957 5020 pollebat
2993 4973 3151 5020 reges,
3182 4953 3307 5018 quod
3334 4953 3379 4998 et
3412 4944 3517 5025 filias
3547 4931 3690 5013 multas

2204 5035 2405 5081 summis
2422 5033 2535 5082 viris
2552 5034 2852 5095 collocasset,
2871 5037 2920 5084 et
2937 5035 3117 5084 multos
3134 5035 3253 5082 tilios
3270 5030 3314 5076 in
3338 5022 3573 5098 civitatula¹
3585 5014 3686 5066 Pm’·

2204 5108 2413 5169 olvatum
2439 5111 2708 5172 genuisset:
2735 5126 2796 5160 ex
2824 5112 2998 5174 quihus
3019 5125 3143 5160 unus
3173 5107 3377 5158 Pittheus
3403 5087 3683 5198 Thoeffl·awll'

2203 5183 2430 5246 oppidum
2462 5200 2558 5236 non
2583 5187 2792 5249 amplum
2829 5188 3022 5252 quidem
3050 5186 3168 5238 illud
3197 5173 3527 5235 Troezcniorum
3548 5167 3637 5209 mco
3666 5164 3685 5197 ὃ

1307 4309 1394 4359 95.

646 4403 892 4455 Quaenam
906 4403 992 4448 est
1005 4398 1268 4449 Anthedon
1286 4435 1301 4459 ,
1325 4398 1388 4449 de
1408 4413 1512 4463 qna
1540 4399 1751 4461 Pythias
1776 4398 1938 4454 dixit,

688 4484 907 4528 Faecatum
921 4483 1024 4528 bibe
1043 4484 1197 4527 vinum
1209 4514 1223 4535 ,
1242 4488 1292 4527 ut
1320 4495 1411 4527 non
1431 4480 1698 4529 Anthedone
1714 4481 1909 4538 degens?

579 4578 741 4628 neque
765 4571 901 4618 enim
919 4571 1127 4618 Boeotn‘oe
1147 4568 1408 4618 Anthedon
1429 4568 1714 4629 viniferae:
1735 4571 1811 4617 est
1827 4572 2000 4620 inulti.
2029 4574 2121 4619 ca·

578 4641 730 4691 lauria
765 4645 1030 4708 antiquitus
1058 4644 1189 4694 dicta
1225 4646 1313 4693 fuit
1354 4648 1493 4695 Irene
1523 4658 1552 4693 a
1577 4645 1752 4695 femina
1785 4649 1953 4708 irena,
1977 4661 2121 4709 quam

577 4718 848 4768 {abutantur
865 4723 1026 4769 natam
1050 4722 1272 4781 Neptuno
1304 4723 1352 4769 et
1382 4721 1639 4770 Melanthia
1663 4721 1825 4785 Alphei
1850 4723 1963 4771 tilia.
1987 4726 2119 4773 Post·

580 4794 723 4843 modo
738 4807 888 4856 quum
910 4796 1090 4844 Anthes
1113 4797 1417 4870 llyperoeque
1432 4811 1542 4845 eum
1558 4797 1728 4845 suisibi
1745 4798 2031 4858 habitarent,
2054 4800 2120 4848 in·

575 4871 680 4918 sula
714 4870 840 4919 dicta
886 4871 976 4920 fuit
1011 4870 1308 4920 Anthedom'a
1342 4874 1391 4920 et
1430 4873 1677 4934 Hypereia.
1725 4875 2017 4936 oraculum,
2067 4879 2119 4924 ut

576 4948 851 4998 Aristoteles
864 4948 1013 4998 tradit
1028 4985 1043 5008 ,
1062 4948 1160 4997 tale
1177 4948 1265 4997 suit
1285 4969 1295 4997 :
1933 4945 1948 4958 “

679 5034 897 5073 Farratum
913 5030 1013 5074 bibe
1034 5031 1204 5083 vinum,
1220 5035 1272 5074 ut
1299 5042 1392 5075 non
1411 5032 1673 5078 Anthedone
1686 5033 1852 5087 degens
1869 5066 1879 5084 ,

677 5104 750 5143 ant
774 5102 965 5156 Hypera·
980 5111 1119 5144 ωσι-π.»
1135 5131 1149 5152 ,
1164 5101 1286 5156 quod
1301 5101 1361 5145 ibi
1384 5101 1478 5146 siue
1497 5100 1603 5146 faece
1630 5102 1824 5147 bibisses.

575 5177 998 5236 Mnasigitoantem
1017 5177 1205 5239 scribit,
1224 5178 1432 5228 Anthum
1463 5180 1710 5240 Hyperetis
1737 5181 1927 5229 fratrem
1953 5182 2115 5230 etiam-
