<?xml version="1.0" encoding="UTF-8"?>
<!DOCTYPE html PUBLIC "-//W3C//DTD XHTML 1.0 Transitional//EN"
    "http://www.w3.org/TR/xhtml1/DTD/xhtml1-transitional.dtd">
<html xmlns="http://www.w3.org/1999/xhtml" xml:lang="en" lang="en">
 <head>
  <title>
</title>
<meta http-equiv="Content-Type" content="text/html;charset=utf-8" />
  <meta name='ocr-system' content='tesseract 3.04.00' />
  <meta name='ocr-capabilities' content='ocr_page ocr_carea ocr_par ocr_line ocrx_word'/>
</head>
<body>
  <div class='ocr_page' id='page_1' title='image "./fragmentahistor03unkngoog_0474.png"; bbox 0 0 3900 6042; ppageno 0'>
   <div class='ocr_carea' id='block_1_1' title="bbox 1484 475 1979 554">
    <p class='ocr_par' dir='ltr' id='par_1_1' title="bbox 1484 475 1979 554">
     <span class='ocr_line' id='line_1_1' title="bbox 1484 475 1979 554; baseline -0.01 -18"><span class='ocrx_word' id='word_1_1' title='bbox 1484 475 1979 554; x_wconf 65' lang='lat' dir='ltr'><strong>fRAGMENTA.</strong></span> 
     </span>
    </p>
   </div>
   <div class='ocr_carea' id='block_1_2' title="bbox 159 601 1665 1205">
    <p class='ocr_par' dir='ltr' id='par_1_2' title="bbox 159 601 1665 1205">
     <span class='ocr_line' id='line_1_2' title="bbox 164 601 1661 686; baseline -0.005 -20"><span class='ocrx_word' id='word_1_2' title='bbox 164 633 256 686; x_wconf 82' lang='grc' dir='ltr'>ρον·</span> <span class='ocrx_word' id='word_1_3' title='bbox 285 601 360 666; x_wconf 75' lang='grc' dir='ltr'><strong>οἶα</strong></span> <span class='ocrx_word' id='word_1_4' title='bbox 398 608 457 665; x_wconf 74' lang='grc' dir='ltr'><strong>τὰ</strong></span> <span class='ocrx_word' id='word_1_5' title='bbox 491 610 592 665; x_wconf 85' lang='grc' dir='ltr'><strong>τῶν</strong></span> <span class='ocrx_word' id='word_1_6' title='bbox 627 605 978 685; x_wconf 70' lang='grc' dir='ltr'>χρυσωρύχων</span> <span class='ocrx_word' id='word_1_7' title='bbox 1017 603 1322 685; x_wconf 74' lang='grc' dir='ltr'>μυρμήκων,</span> <span class='ocrx_word' id='word_1_8' title='bbox 1359 604 1448 661; x_wconf 75' lang='grc' dir='ltr'><strong>καὶ</strong></span> <span class='ocrx_word' id='word_1_9' title='bbox 1490 604 1661 661; x_wconf 77' lang='grc' dir='ltr'>ἄλλων</span> 
     </span>
     <span class='ocr_line' id='line_1_3' title="bbox 162 690 1661 774; baseline -0.005 -21"><span class='ocrx_word' id='word_1_10' title='bbox 162 696 324 774; x_wconf 85' lang='grc' dir='ltr'>θηρίων</span> <span class='ocrx_word' id='word_1_11' title='bbox 338 718 387 753; x_wconf 84' lang='grc' dir='ltr'><strong>τε</strong></span> <span class='ocrx_word' id='word_1_12' title='bbox 406 695 490 752; x_wconf 75' lang='grc' dir='ltr'><strong>καὶ</strong></span> <span class='ocrx_word' id='word_1_13' title='bbox 508 693 790 771; x_wconf 72' lang='grc' dir='ltr'>ἀνθρώπων</span> <span class='ocrx_word' id='word_1_14' title='bbox 808 693 1140 771; x_wconf 73' lang='grc' dir='ltr'>ἷδιομόρφων,</span> <span class='ocrx_word' id='word_1_15' title='bbox 1162 691 1250 749; x_wconf 76' lang='grc' dir='ltr'><strong>καὶ</strong></span> <span class='ocrx_word' id='word_1_16' title='bbox 1271 690 1518 766; x_wconf 83' lang='grc' dir='ltr'>δυνάμεσί</span> <span class='ocrx_word' id='word_1_17' title='bbox 1533 713 1661 747; x_wconf 86' lang='grc' dir='ltr'>τισιν</span> 
     </span>
     <span class='ocr_line' id='line_1_4' title="bbox 162 776 1664 857; baseline -0.004 -19"><span class='ocrx_word' id='word_1_18' title='bbox 162 779 538 857; x_wconf 69' lang='grc' dir='ltr'>ἐξηλλαγμένων·</span> <span class='ocrx_word' id='word_1_19' title='bbox 566 784 641 846; x_wconf 67' lang='grc' dir='ltr'>ὣς</span> <span class='ocrx_word' id='word_1_20' title='bbox 661 778 777 844; x_wconf 82' lang='grc' dir='ltr'>τοὺς</span> <span class='ocrx_word' id='word_1_21' title='bbox 802 781 975 856; x_wconf 73' lang='grc' dir='ltr'>Σῆρας</span> <span class='ocrx_word' id='word_1_22' title='bbox 1005 777 1318 857; x_wconf 76' lang='grc' dir='ltr'>μακροὸίους</span> <span class='ocrx_word' id='word_1_23' title='bbox 1345 777 1499 855; x_wconf 67' lang='grc' dir='ltr'>φασὶ,</span> <span class='ocrx_word' id='word_1_24' title='bbox 1532 776 1664 854; x_wconf 82' lang='grc' dir='ltr'>πέρα</span> 
     </span>
     <span class='ocr_line' id='line_1_5' title="bbox 160 862 1665 943; baseline -0.003 -19"><span class='ocrx_word' id='word_1_25' title='bbox 160 871 234 924; x_wconf 84' lang='grc' dir='ltr'><strong>καὶ</strong></span> <span class='ocrx_word' id='word_1_26' title='bbox 273 866 525 924; x_wconf 72' lang='grc' dir='ltr'><strong>διακοσίων</strong></span> <span class='ocrx_word' id='word_1_27' title='bbox 566 867 693 922; x_wconf 76' lang='grc' dir='ltr'>ἐτῶν</span> <span class='ocrx_word' id='word_1_28' title='bbox 730 866 1153 943; x_wconf 76' lang='grc' dir='ltr'><strong>παρατείνοντας.</strong></span> <span class='ocrx_word' id='word_1_29' title='bbox 1202 862 1427 939; x_wconf 78' lang='grc' dir='ltr'>Λέγουσι</span> <span class='ocrx_word' id='word_1_30' title='bbox 1473 863 1527 920; x_wconf 83' lang='grc' dir='ltr'><strong>δὲ</strong></span> <span class='ocrx_word' id='word_1_31' title='bbox 1576 863 1665 920; x_wconf 77' lang='grc' dir='ltr'><strong>καὶ</strong></span> 
     </span>
     <span class='ocr_line' id='line_1_6' title="bbox 161 952 1665 1033; baseline -0.004 -21"><span class='ocrx_word' id='word_1_32' title='bbox 161 953 547 1033; x_wconf 72' lang='grc' dir='ltr'>ἀριστοκρατικήν</span> <span class='ocrx_word' id='word_1_33' title='bbox 572 977 686 1012; x_wconf 89' lang='grc' dir='ltr'>τινα</span> <span class='ocrx_word' id='word_1_34' title='bbox 715 952 948 1022; x_wconf 80' lang='grc' dir='ltr'>σύνταξιν</span> <span class='ocrx_word' id='word_1_35' title='bbox 977 952 1238 1019; x_wconf 81' lang='grc' dir='ltr'>πολιτείας</span> <span class='ocrx_word' id='word_1_36' title='bbox 1262 953 1437 1009; x_wconf 72' lang='grc' dir='ltr'>αὐτόθι</span> <span class='ocrx_word' id='word_1_37' title='bbox 1460 954 1516 1009; x_wconf 80' lang='grc' dir='ltr'>ἐκ</span> <span class='ocrx_word' id='word_1_38' title='bbox 1541 974 1665 1007; x_wconf 84' lang='grc' dir='ltr'>πεν-</span> 
     </span>
     <span class='ocr_line' id='line_1_7' title="bbox 159 1030 1660 1118; baseline -0.002 -22"><span class='ocrx_word' id='word_1_39' title='bbox 159 1040 456 1118; x_wconf 80' lang='grc' dir='ltr'>τακισχιλίων</span> <span class='ocrx_word' id='word_1_40' title='bbox 486 1042 772 1116; x_wconf 82' lang='grc' dir='ltr'><strong>βουλευτῶν</strong></span> <span class='ocrx_word' id='word_1_41' title='bbox 792 1042 1135 1110; x_wconf 79' lang='grc' dir='ltr'>συνεστῶσαν,</span> <span class='ocrx_word' id='word_1_42' title='bbox 1154 1030 1224 1096; x_wconf 72' lang='grc' dir='ltr'><strong>ὧν</strong></span> <span class='ocrx_word' id='word_1_43' title='bbox 1256 1038 1472 1096; x_wconf 79' lang='grc' dir='ltr'>ἕκαστον</span> <span class='ocrx_word' id='word_1_44' title='bbox 1496 1035 1660 1115; x_wconf 83' lang='grc' dir='ltr'>παρέ-</span> 
     </span>
     <span class='ocr_line' id='line_1_8' title="bbox 160 1126 1407 1205; baseline -0.001 -21"><span class='ocrx_word' id='word_1_45' title='bbox 160 1132 313 1204; x_wconf 68' lang='grc' dir='ltr'>χεσθαι</span> <span class='ocrx_word' id='word_1_46' title='bbox 341 1131 408 1205; x_wconf 82' lang='grc' dir='ltr'><strong>τῷ</strong></span> <span class='ocrx_word' id='word_1_47' title='bbox 432 1130 583 1205; x_wconf 82' lang='grc' dir='ltr'>κοινῷ</span> <span class='ocrx_word' id='word_1_48' title='bbox 609 1126 1152 1205; x_wconf 58' lang='grc' dir='ltr'>ἐλέφανταδεῳιίῑυτ</span> <span class='ocrx_word' id='word_1_49' title='bbox 1205 1128 1276 1182; x_wconf 83' lang='lat' dir='ltr'><strong>fr.</strong></span> <span class='ocrx_word' id='word_1_50' title='bbox 1318 1145 1407 1183; x_wconf 89' lang='lat'><strong>10.</strong></span> 
     </span>
    </p>
   </div>
   <div class='ocr_carea' id='block_1_3' title="bbox 846 1259 935 1312">
    <p class='ocr_par' dir='ltr' id='par_1_3' title="bbox 846 1259 935 1312">
     <span class='ocr_line' id='line_1_9' title="bbox 846 1259 935 1312; baseline 0.022 -2"><span class='ocrx_word' id='word_1_51' title='bbox 846 1259 935 1312; x_wconf 82' lang='lat'><strong>26.</strong></span> 
     </span>
    </p>
   </div>
   <div class='ocr_carea' id='block_1_4' title="bbox 154 1371 1683 3350">
    <p class='ocr_par' dir='ltr' id='par_1_4' title="bbox 154 1371 1683 3350">
     <span class='ocr_line' id='line_1_10' title="bbox 224 1371 1667 1453; baseline -0.004 -19"><span class='ocrx_word' id='word_1_52' title='bbox 224 1382 423 1434; x_wconf 80' lang='lat' dir='ltr'><strong>Arrian.</strong></span> <span class='ocrx_word' id='word_1_53' title='bbox 455 1379 580 1433; x_wconf 81' lang='lat' dir='ltr'><strong>lad.</strong></span> <span class='ocrx_word' id='word_1_54' title='bbox 614 1399 666 1435; x_wconf 84' lang='lat' dir='ltr'><strong>e.</strong></span> <span class='ocrx_word' id='word_1_55' title='bbox 697 1397 764 1432; x_wconf 81' lang='grc' dir='ltr'><strong>ιο</strong></span> <span class='ocrx_word' id='word_1_56' title='bbox 788 1397 802 1432; x_wconf 75' lang='lat' dir='ltr'><strong>t</strong></span> <span class='ocrx_word' id='word_1_57' title='bbox 830 1375 1050 1453; x_wconf 77' lang='grc' dir='ltr'>Λέγεται</span> <span class='ocrx_word' id='word_1_58' title='bbox 1068 1374 1123 1434; x_wconf 81' lang='grc' dir='ltr'><strong>δὲ</strong></span> <span class='ocrx_word' id='word_1_59' title='bbox 1146 1375 1235 1433; x_wconf 81' lang='grc' dir='ltr'><strong>καὶ</strong></span> <span class='ocrx_word' id='word_1_60' title='bbox 1255 1374 1408 1448; x_wconf 84' lang='grc' dir='ltr'>τάδε,</span> <span class='ocrx_word' id='word_1_61' title='bbox 1430 1371 1667 1450; x_wconf 77' lang='grc' dir='ltr'>μνημήια</span> 
     </span>
     <span class='ocr_line' id='line_1_11' title="bbox 158 1457 1669 1535; baseline -0.005 -14"><span class='ocrx_word' id='word_1_62' title='bbox 158 1464 223 1521; x_wconf 77' lang='grc' dir='ltr'><strong>ὅτι</strong></span> <span class='ocrx_word' id='word_1_63' title='bbox 243 1463 381 1522; x_wconf 79' lang='grc' dir='ltr'>Ἰνδοὶ</span> <span class='ocrx_word' id='word_1_64' title='bbox 399 1463 499 1527; x_wconf 83' lang='grc' dir='ltr'>τοῖς</span> <span class='ocrx_word' id='word_1_65' title='bbox 519 1461 887 1530; x_wconf 76' lang='grc' dir='ltr'>τελευτήσασιν</span> <span class='ocrx_word' id='word_1_66' title='bbox 908 1465 963 1519; x_wconf 81' lang='grc' dir='ltr'><strong>οὗ</strong></span> <span class='ocrx_word' id='word_1_67' title='bbox 983 1462 1257 1533; x_wconf 81' lang='grc' dir='ltr'>ποιέουσιν,</span> <span class='ocrx_word' id='word_1_68' title='bbox 1281 1459 1415 1517; x_wconf 75' lang='grc' dir='ltr'>ἀλλὰ</span> <span class='ocrx_word' id='word_1_69' title='bbox 1440 1457 1531 1524; x_wconf 78' lang='grc' dir='ltr'><strong>τὰς</strong></span> <span class='ocrx_word' id='word_1_70' title='bbox 1554 1461 1669 1535; x_wconf 79' lang='grc' dir='ltr'>ἀρε-</span> 
     </span>
     <span class='ocr_line' id='line_1_12' title="bbox 157 1547 1668 1628; baseline -0.005 -22"><span class='ocrx_word' id='word_1_71' title='bbox 157 1551 234 1614; x_wconf 81' lang='grc' dir='ltr'><strong>τὰς</strong></span> <span class='ocrx_word' id='word_1_72' title='bbox 250 1549 340 1628; x_wconf 66' lang='grc' dir='ltr'><strong>γὰρ</strong></span> <span class='ocrx_word' id='word_1_73' title='bbox 373 1553 469 1606; x_wconf 88' lang='grc' dir='ltr'><strong>τῶν</strong></span> <span class='ocrx_word' id='word_1_74' title='bbox 494 1550 692 1627; x_wconf 78' lang='grc' dir='ltr'>ἀνδρῶν</span> <span class='ocrx_word' id='word_1_75' title='bbox 729 1548 907 1615; x_wconf 77' lang='grc' dir='ltr'>ἱκανὰς</span> <span class='ocrx_word' id='word_1_76' title='bbox 936 1554 983 1614; x_wconf 75' lang='grc' dir='ltr'>ἐς</span> <span class='ocrx_word' id='word_1_77' title='bbox 1016 1548 1227 1625; x_wconf 81' lang='grc' dir='ltr'><strong>μνήμην</strong></span> <span class='ocrx_word' id='word_1_78' title='bbox 1252 1547 1473 1604; x_wconf 75' lang='grc' dir='ltr'>τίθενται</span> <span class='ocrx_word' id='word_1_79' title='bbox 1507 1552 1668 1604; x_wconf 85' lang='grc' dir='ltr'>τοῖσιν</span> 
     </span>
     <span class='ocr_line' id='line_1_13' title="bbox 158 1633 1671 1715; baseline -0.002 -23"><span class='ocrx_word' id='word_1_80' title='bbox 158 1641 452 1709; x_wconf 79' lang='grc' dir='ltr'>ἀποθανοῦσι,</span> <span class='ocrx_word' id='word_1_81' title='bbox 468 1636 558 1695; x_wconf 71' lang='grc' dir='ltr'><strong>καὶ</strong></span> <span class='ocrx_word' id='word_1_82' title='bbox 578 1635 669 1702; x_wconf 74' lang='grc' dir='ltr'><strong>τὰς</strong></span> <span class='ocrx_word' id='word_1_83' title='bbox 686 1634 823 1715; x_wconf 78' lang='grc' dir='ltr'>ᾠδὰς</span> <span class='ocrx_word' id='word_1_84' title='bbox 840 1635 899 1693; x_wconf 80' lang='grc' dir='ltr'><strong>αἲ</strong></span> <span class='ocrx_word' id='word_1_85' title='bbox 917 1638 1140 1695; x_wconf 77' lang='grc' dir='ltr'>αὐτοῖσιν</span> <span class='ocrx_word' id='word_1_86' title='bbox 1158 1633 1451 1713; x_wconf 77' lang='grc' dir='ltr'>ἐπᾴδονται.</span> <span class='ocrx_word' id='word_1_87' title='bbox 1479 1635 1544 1709; x_wconf 80' lang='lat'><strong>(2)</strong></span> <span class='ocrx_word' id='word_1_88' title='bbox 1570 1635 1671 1691; x_wconf 89' lang='grc' dir='ltr'><strong>Πο-</strong></span> 
     </span>
     <span class='ocr_line' id='line_1_14' title="bbox 158 1713 1667 1800; baseline -0.001 -22"><span class='ocrx_word' id='word_1_89' title='bbox 158 1724 260 1779; x_wconf 79' lang='grc' dir='ltr'>λίων</span> <span class='ocrx_word' id='word_1_90' title='bbox 292 1725 341 1781; x_wconf 82' lang='grc' dir='ltr'><strong>δὲ</strong></span> <span class='ocrx_word' id='word_1_91' title='bbox 378 1723 587 1800; x_wconf 76' lang='grc' dir='ltr'>ἀριθμὸν</span> <span class='ocrx_word' id='word_1_92' title='bbox 628 1725 722 1781; x_wconf 76' lang='grc' dir='ltr'><strong>οὐκ</strong></span> <span class='ocrx_word' id='word_1_93' title='bbox 750 1713 885 1791; x_wconf 66' lang='grc' dir='ltr'>εἶναι,</span> <span class='ocrx_word' id='word_1_94' title='bbox 911 1721 973 1780; x_wconf 76' lang='grc' dir='ltr'><strong>ἂν</strong></span> <span class='ocrx_word' id='word_1_95' title='bbox 1007 1722 1217 1800; x_wconf 76' lang='grc' dir='ltr'>ἀτρεκὲς</span> <span class='ocrx_word' id='word_1_96' title='bbox 1239 1719 1536 1799; x_wconf 80' lang='grc' dir='ltr'>ἀναγράψαι</span> <span class='ocrx_word' id='word_1_97' title='bbox 1564 1723 1667 1776; x_wconf 86' lang='grc' dir='ltr'><strong>τῶν</strong></span> 
     </span>
     <span class='ocr_line' id='line_1_15' title="bbox 162 1806 1670 1887; baseline -0.002 -19"><span class='ocrx_word' id='word_1_98' title='bbox 162 1809 356 1868; x_wconf 82' lang='grc' dir='ltr'>Ἰνδικῶν</span> <span class='ocrx_word' id='word_1_99' title='bbox 376 1813 470 1867; x_wconf 81' lang='grc' dir='ltr'><strong>ὑπὸ</strong></span> <span class='ocrx_word' id='word_1_100' title='bbox 485 1808 705 1879; x_wconf 77' lang='grc' dir='ltr'>πλήθεος</span> <span class='ocrx_word' id='word_1_101' title='bbox 720 1832 733 1844; x_wconf 86' lang='grc'><em>·</em></span> <span class='ocrx_word' id='word_1_102' title='bbox 759 1808 893 1865; x_wconf 79' lang='grc' dir='ltr'>ἀλλὰ</span> <span class='ocrx_word' id='word_1_103' title='bbox 912 1809 1011 1887; x_wconf 72' lang='grc' dir='ltr'><strong>γὰρ</strong></span> <span class='ocrx_word' id='word_1_104' title='bbox 1030 1809 1148 1867; x_wconf 81' lang='grc' dir='ltr'>ὅσαι</span> <span class='ocrx_word' id='word_1_105' title='bbox 1163 1806 1563 1886; x_wconf 82' lang='grc' dir='ltr'>παραποτάμιαι</span> <span class='ocrx_word' id='word_1_106' title='bbox 1586 1810 1670 1865; x_wconf 82' lang='grc' dir='ltr'><strong>αὗ·</strong></span> 
     </span>
     <span class='ocr_line' id='line_1_16' title="bbox 160 1893 1669 1975; baseline -0.001 -23"><span class='ocrx_word' id='word_1_107' title='bbox 160 1895 314 1967; x_wconf 81' lang='grc' dir='ltr'>τέωνῆ</span> <span class='ocrx_word' id='word_1_108' title='bbox 336 1896 786 1975; x_wconf 86' lang='grc' dir='ltr'>παραθαλάσσιαι,</span> <span class='ocrx_word' id='word_1_109' title='bbox 816 1894 1006 1961; x_wconf 84' lang='grc' dir='ltr'>ταύτας</span> <span class='ocrx_word' id='word_1_110' title='bbox 1032 1894 1125 1970; x_wconf 79' lang='grc' dir='ltr'><strong>μὲν</strong></span> <span class='ocrx_word' id='word_1_111' title='bbox 1160 1895 1358 1962; x_wconf 79' lang='grc' dir='ltr'>ξυλίνας</span> <span class='ocrx_word' id='word_1_112' title='bbox 1387 1893 1669 1950; x_wconf 78' lang='grc' dir='ltr'>ποιέεσθαι·</span> 
     </span>
     <span class='ocr_line' id='line_1_17' title="bbox 160 1974 1669 2060; baseline -0.001 -22"><span class='ocrx_word' id='word_1_113' title='bbox 160 1986 211 2055; x_wconf 75' lang='grc' dir='ltr'><strong>(ε)</strong></span> <span class='ocrx_word' id='word_1_114' title='bbox 244 1984 294 2039; x_wconf 78' lang='grc' dir='ltr'><strong>οὗ</strong></span> <span class='ocrx_word' id='word_1_115' title='bbox 330 1982 424 2060; x_wconf 79' lang='grc' dir='ltr'><strong>γὰρ</strong></span> <span class='ocrx_word' id='word_1_116' title='bbox 459 1974 590 2040; x_wconf 75' lang='grc' dir='ltr'>εἶναι</span> <span class='ocrx_word' id='word_1_117' title='bbox 623 1986 682 2041; x_wconf 76' lang='grc' dir='ltr'>ἐκ</span> <span class='ocrx_word' id='word_1_118' title='bbox 707 1983 919 2040; x_wconf 82' lang='grc' dir='ltr'>πλίνθου</span> <span class='ocrx_word' id='word_1_119' title='bbox 952 1979 1253 2058; x_wconf 79' lang='grc' dir='ltr'>ποιεομένας</span> <span class='ocrx_word' id='word_1_120' title='bbox 1284 1979 1555 2057; x_wconf 79' lang='grc' dir='ltr'>διαρκέσαι</span> <span class='ocrx_word' id='word_1_121' title='bbox 1583 1980 1669 2038; x_wconf 76' lang='grc' dir='ltr'><strong>ἐπὶ</strong></span> 
     </span>
     <span class='ocr_line' id='line_1_18' title="bbox 157 2066 1672 2146; baseline -0.001 -21"><span class='ocrx_word' id='word_1_122' title='bbox 157 2067 314 2146; x_wconf 74' lang='grc' dir='ltr'>χρόνον</span> <span class='ocrx_word' id='word_1_123' title='bbox 335 2075 416 2127; x_wconf 77' lang='grc' dir='ltr'><strong>τοῦ</strong></span> <span class='ocrx_word' id='word_1_124' title='bbox 449 2093 504 2127; x_wconf 88' lang='grc' dir='ltr'><strong>τε</strong></span> <span class='ocrx_word' id='word_1_125' title='bbox 527 2069 711 2135; x_wconf 75' lang='grc' dir='ltr'>ὕδατος</span> <span class='ocrx_word' id='word_1_126' title='bbox 739 2068 887 2127; x_wconf 76' lang='grc' dir='ltr'>ἕνεκα</span> <span class='ocrx_word' id='word_1_127' title='bbox 916 2067 1090 2136; x_wconf 77' lang='grc' dir='ltr'>τοῦ.ἐξ</span> <span class='ocrx_word' id='word_1_128' title='bbox 1125 2071 1341 2146; x_wconf 82' lang='grc' dir='ltr'>οὐρανοῦ</span> <span class='ocrx_word' id='word_1_129' title='bbox 1358 2112 1373 2138; x_wconf 89' lang='grc'>,</span> <span class='ocrx_word' id='word_1_130' title='bbox 1398 2067 1488 2124; x_wconf 72' lang='grc' dir='ltr'><strong>καὶ</strong></span> <span class='ocrx_word' id='word_1_131' title='bbox 1514 2066 1593 2125; x_wconf 78' lang='grc' dir='ltr'><strong>ὅτι</strong></span> <span class='ocrx_word' id='word_1_132' title='bbox 1625 2069 1672 2125; x_wconf 77' lang='grc' dir='ltr'><strong>οἱ</strong></span> 
     </span>
     <span class='ocr_line' id='line_1_19' title="bbox 157 2152 1673 2233; baseline 0.001 -24"><span class='ocrx_word' id='word_1_133' title='bbox 157 2155 352 2228; x_wconf 74' lang='grc' dir='ltr'>ποταμοὶ</span> <span class='ocrx_word' id='word_1_134' title='bbox 376 2157 602 2214; x_wconf 82' lang='grc' dir='ltr'>αὐτοῖσιν</span> <span class='ocrx_word' id='word_1_135' title='bbox 633 2154 1038 2233; x_wconf 71' lang='grc' dir='ltr'>δπερὸάλλοντες</span> <span class='ocrx_word' id='word_1_136' title='bbox 1061 2152 1189 2233; x_wconf 72' lang='grc' dir='ltr'>ὑπὲρ</span> <span class='ocrx_word' id='word_1_137' title='bbox 1213 2154 1304 2220; x_wconf 78' lang='grc' dir='ltr'><strong>τὰς</strong></span> <span class='ocrx_word' id='word_1_138' title='bbox 1331 2153 1489 2232; x_wconf 75' lang='grc' dir='ltr'>ὄχθας</span> <span class='ocrx_word' id='word_1_139' title='bbox 1516 2156 1673 2227; x_wconf 77' lang='grc' dir='ltr'>ἐμπι-</span> 
     </span>
     <span class='ocr_line' id='line_1_20' title="bbox 157 2237 1674 2327; baseline 0.001 -32"><span class='ocrx_word' id='word_1_140' title='bbox 157 2243 303 2327; x_wconf 56' lang='grc' dir='ltr'>πλᾶσι</span> <span class='ocrx_word' id='word_1_141' title='bbox 319 2247 401 2299; x_wconf 86' lang='grc' dir='ltr'><strong>τοῦ</strong></span> <span class='ocrx_word' id='word_1_142' title='bbox 429 2240 614 2307; x_wconf 75' lang='grc' dir='ltr'>ὕδατος</span> <span class='ocrx_word' id='word_1_143' title='bbox 638 2241 705 2298; x_wconf 79' lang='grc' dir='ltr'><strong>τὰ</strong></span> <span class='ocrx_word' id='word_1_144' title='bbox 741 2242 914 2300; x_wconf 82' lang='grc' dir='ltr'>πεδία.</span> <span class='ocrx_word' id='word_1_145' title='bbox 1004 2241 1063 2318; x_wconf 75' lang='grc'><strong>(4)</strong></span> <span class='ocrx_word' id='word_1_146' title='bbox 1093 2237 1257 2299; x_wconf 82' lang='grc' dir='ltr'>Ὅσαι</span> <span class='ocrx_word' id='word_1_147' title='bbox 1297 2241 1349 2298; x_wconf 87' lang='grc' dir='ltr'><strong>δὲ</strong></span> <span class='ocrx_word' id='word_1_148' title='bbox 1382 2244 1435 2297; x_wconf 78' lang='grc' dir='ltr'><strong>ἐν</strong></span> <span class='ocrx_word' id='word_1_149' title='bbox 1464 2242 1674 2319; x_wconf 77' lang='grc' dir='ltr'>ὑπερδε-</span> 
     </span>
     <span class='ocr_line' id='line_1_21' title="bbox 157 2325 1671 2407; baseline 0 -25"><span class='ocrx_word' id='word_1_150' title='bbox 157 2325 282 2392; x_wconf 80' lang='grc' dir='ltr'>ξίοισί</span> <span class='ocrx_word' id='word_1_151' title='bbox 297 2351 349 2385; x_wconf 84' lang='grc' dir='ltr'><strong>τε</strong></span> <span class='ocrx_word' id='word_1_152' title='bbox 359 2329 442 2386; x_wconf 73' lang='grc' dir='ltr'><strong>καὶ</strong></span> <span class='ocrx_word' id='word_1_153' title='bbox 465 2328 771 2407; x_wconf 82' lang='grc' dir='ltr'>μετεώροισι</span> <span class='ocrx_word' id='word_1_154' title='bbox 785 2329 985 2387; x_wconf 82' lang='grc' dir='ltr'>τόποισι</span> <span class='ocrx_word' id='word_1_155' title='bbox 1000 2329 1089 2386; x_wconf 79' lang='grc' dir='ltr'><strong>καὶ</strong></span> <span class='ocrx_word' id='word_1_156' title='bbox 1105 2328 1354 2387; x_wconf 80' lang='grc' dir='ltr'>τούτοισιν</span> <span class='ocrx_word' id='word_1_157' title='bbox 1380 2330 1671 2406; x_wconf 74' lang='grc' dir='ltr'>ὑψηλοῖσιν,</span> 
     </span>
     <span class='ocr_line' id='line_1_22' title="bbox 154 2414 1674 2492; baseline 0.003 -24"><span class='ocrx_word' id='word_1_158' title='bbox 154 2414 408 2492; x_wconf 80' lang='grc' dir='ltr'>ᾠκισμέναι</span> <span class='ocrx_word' id='word_1_159' title='bbox 448 2416 577 2487; x_wconf 77' lang='grc' dir='ltr'>εἰσὶ,</span> <span class='ocrx_word' id='word_1_160' title='bbox 619 2417 810 2482; x_wconf 83' lang='grc' dir='ltr'>ταύτας</span> <span class='ocrx_word' id='word_1_161' title='bbox 847 2416 900 2474; x_wconf 80' lang='grc' dir='ltr'><strong>δὲ</strong></span> <span class='ocrx_word' id='word_1_162' title='bbox 938 2419 996 2474; x_wconf 80' lang='grc' dir='ltr'>ἐκ</span> <span class='ocrx_word' id='word_1_163' title='bbox 1033 2415 1244 2474; x_wconf 83' lang='grc' dir='ltr'>πλίνθου</span> <span class='ocrx_word' id='word_1_164' title='bbox 1281 2439 1338 2473; x_wconf 84' lang='grc' dir='ltr'><strong>τε</strong></span> <span class='ocrx_word' id='word_1_165' title='bbox 1381 2416 1469 2473; x_wconf 80' lang='grc' dir='ltr'><strong>καὶ</strong></span> <span class='ocrx_word' id='word_1_166' title='bbox 1505 2418 1674 2487; x_wconf 88' lang='grc' dir='ltr'>πηλοῦ</span> 
     </span>
     <span class='ocr_line' id='line_1_23' title="bbox 158 2493 1674 2583; baseline 0.003 -29"><span class='ocrx_word' id='word_1_167' title='bbox 158 2500 404 2558; x_wconf 80' lang='grc' dir='ltr'>ποιέεσθαι·</span> <span class='ocrx_word' id='word_1_168' title='bbox 425 2503 487 2583; x_wconf 80' lang='grc' dir='ltr'><strong>(ο)</strong></span> <span class='ocrx_word' id='word_1_169' title='bbox 502 2503 753 2580; x_wconf 82' lang='grc' dir='ltr'>μεγίστην</span> <span class='ocrx_word' id='word_1_170' title='bbox 766 2503 819 2561; x_wconf 86' lang='grc' dir='ltr'><strong>δὲ</strong></span> <span class='ocrx_word' id='word_1_171' title='bbox 830 2504 977 2562; x_wconf 92' lang='grc' dir='ltr'>πόλιν</span> <span class='ocrx_word' id='word_1_172' title='bbox 989 2508 1042 2562; x_wconf 81' lang='grc' dir='ltr'><strong>ἐν</strong></span> <span class='ocrx_word' id='word_1_173' title='bbox 1056 2503 1292 2563; x_wconf 85' lang='grc' dir='ltr'>Ἰνδοῖσιν</span> <span class='ocrx_word' id='word_1_174' title='bbox 1314 2493 1443 2560; x_wconf 73' lang='grc' dir='ltr'>εἶναι</span> <span class='ocrx_word' id='word_1_175' title='bbox 1462 2502 1674 2576; x_wconf 83' lang='grc' dir='ltr'>Παλίμ-</span> 
     </span>
     <span class='ocr_line' id='line_1_24' title="bbox 161 2585 1679 2670; baseline 0.001 -26"><span class='ocrx_word' id='word_1_176' title='bbox 161 2585 300 2664; x_wconf 71' lang='grc' dir='ltr'>Εοθρα</span> <span class='ocrx_word' id='word_1_177' title='bbox 322 2590 659 2666; x_wconf 71' lang='grc' dir='ltr'>καλεομένην,</span> <span class='ocrx_word' id='word_1_178' title='bbox 695 2591 746 2646; x_wconf 79' lang='grc' dir='ltr'><strong>ἐν</strong></span> <span class='ocrx_word' id='word_1_179' title='bbox 768 2595 834 2670; x_wconf 85' lang='grc' dir='ltr'><strong>τῇ</strong></span> <span class='ocrx_word' id='word_1_180' title='bbox 858 2589 1104 2669; x_wconf 85' lang='grc' dir='ltr'>Πρασίων</span> <span class='ocrx_word' id='word_1_181' title='bbox 1134 2595 1220 2669; x_wconf 82' lang='grc' dir='ltr'><strong>γῇ,</strong></span> <span class='ocrx_word' id='word_1_182' title='bbox 1238 2589 1323 2648; x_wconf 79' lang='grc' dir='ltr'><strong>ἵνα</strong></span> <span class='ocrx_word' id='word_1_183' title='bbox 1342 2592 1396 2647; x_wconf 77' lang='grc' dir='ltr'><strong>αἱ</strong></span> <span class='ocrx_word' id='word_1_184' title='bbox 1418 2588 1679 2665; x_wconf 75' lang='grc' dir='ltr'>συμὸολαί</span> 
     </span>
     <span class='ocr_line' id='line_1_25' title="bbox 157 2674 1677 2757; baseline 0.005 -30"><span class='ocrx_word' id='word_1_185' title='bbox 157 2674 241 2729; x_wconf 79' lang='grc' dir='ltr'>εἶσι</span> <span class='ocrx_word' id='word_1_186' title='bbox 260 2678 341 2730; x_wconf 85' lang='grc' dir='ltr'><strong>τοῦ</strong></span> <span class='ocrx_word' id='word_1_187' title='bbox 369 2698 425 2733; x_wconf 84' lang='grc' dir='ltr'><strong>τε</strong></span> <span class='ocrx_word' id='word_1_188' title='bbox 450 2675 771 2757; x_wconf 73' lang='grc' dir='ltr'>Ἐραννοὸόα</span> <span class='ocrx_word' id='word_1_189' title='bbox 812 2680 1049 2751; x_wconf 80' lang='grc' dir='ltr'>ποταμοῦ</span> <span class='ocrx_word' id='word_1_190' title='bbox 1072 2676 1163 2734; x_wconf 73' lang='grc' dir='ltr'><strong>καὶ</strong></span> <span class='ocrx_word' id='word_1_191' title='bbox 1190 2682 1279 2734; x_wconf 91' lang='grc' dir='ltr'><strong>τοῦ</strong></span> <span class='ocrx_word' id='word_1_192' title='bbox 1309 2674 1556 2754; x_wconf 83' lang='grc' dir='ltr'>Γάγγεω·</span> <span class='ocrx_word' id='word_1_193' title='bbox 1588 2681 1677 2734; x_wconf 82' lang='grc' dir='ltr'><strong>τοῦ</strong></span> 
     </span>
     <span class='ocr_line' id='line_1_26' title="bbox 158 2759 1678 2842; baseline 0.003 -26"><span class='ocrx_word' id='word_1_194' title='bbox 158 2759 238 2833; x_wconf 75' lang='grc' dir='ltr'><strong>μὲν</strong></span> <span class='ocrx_word' id='word_1_195' title='bbox 266 2763 495 2840; x_wconf 80' lang='grc' dir='ltr'>Γάγγεω,</span> <span class='ocrx_word' id='word_1_196' title='bbox 523 2770 616 2822; x_wconf 89' lang='grc' dir='ltr'><strong>τοῦ</strong></span> <span class='ocrx_word' id='word_1_197' title='bbox 641 2765 884 2841; x_wconf 82' lang='grc' dir='ltr'>μεγίστου</span> <span class='ocrx_word' id='word_1_198' title='bbox 910 2769 1184 2839; x_wconf 81' lang='grc' dir='ltr'>ποταμῶν·</span> <span class='ocrx_word' id='word_1_199' title='bbox 1205 2769 1232 2822; x_wconf 83' lang='grc' dir='ltr'>ὁ</span> <span class='ocrx_word' id='word_1_200' title='bbox 1256 2763 1309 2821; x_wconf 81' lang='grc' dir='ltr'><strong>δὲ</strong></span> <span class='ocrx_word' id='word_1_201' title='bbox 1330 2762 1678 2842; x_wconf 76' lang='grc' dir='ltr'>Ἐραννοὸόας</span> 
     </span>
     <span class='ocr_line' id='line_1_27' title="bbox 155 2848 1679 2926; baseline 0.003 -24"><span class='ocrx_word' id='word_1_202' title='bbox 155 2848 298 2924; x_wconf 84' lang='grc' dir='ltr'>τρίτος</span> <span class='ocrx_word' id='word_1_203' title='bbox 319 2850 407 2924; x_wconf 75' lang='grc' dir='ltr'><strong>μὲν</strong></span> <span class='ocrx_word' id='word_1_204' title='bbox 436 2850 497 2907; x_wconf 78' lang='grc' dir='ltr'><strong>ἂν</strong></span> <span class='ocrx_word' id='word_1_205' title='bbox 529 2849 613 2921; x_wconf 80' lang='grc' dir='ltr'><strong>εἴη</strong></span> <span class='ocrx_word' id='word_1_206' title='bbox 647 2855 749 2909; x_wconf 86' lang='grc' dir='ltr'><strong>τῶν</strong></span> <span class='ocrx_word' id='word_1_207' title='bbox 788 2851 968 2910; x_wconf 83' lang='grc' dir='ltr'>Ἰνδῶν</span> <span class='ocrx_word' id='word_1_208' title='bbox 997 2855 1268 2925; x_wconf 83' lang='grc' dir='ltr'>ποταμῶν,</span> <span class='ocrx_word' id='word_1_209' title='bbox 1301 2850 1467 2926; x_wconf 80' lang='grc' dir='ltr'>μέζων</span> <span class='ocrx_word' id='word_1_210' title='bbox 1493 2851 1545 2908; x_wconf 76' lang='grc' dir='ltr'><strong>δὲ</strong></span> <span class='ocrx_word' id='word_1_211' title='bbox 1573 2855 1679 2908; x_wconf 86' lang='grc' dir='ltr'><strong>τῶν</strong></span> 
     </span>
     <span class='ocr_line' id='line_1_28' title="bbox 158 2929 1682 3017; baseline 0.005 -31"><span class='ocrx_word' id='word_1_212' title='bbox 158 2934 272 3012; x_wconf 77' lang='grc' dir='ltr'>ἄλλῃ</span> <span class='ocrx_word' id='word_1_213' title='bbox 294 2937 378 2993; x_wconf 78' lang='grc' dir='ltr'><strong>καὶ</strong></span> <span class='ocrx_word' id='word_1_214' title='bbox 397 2929 571 3004; x_wconf 68' lang='grc' dir='ltr'>οὗτος·</span> <span class='ocrx_word' id='word_1_215' title='bbox 598 2937 731 2995; x_wconf 76' lang='grc' dir='ltr'>ἀλλὰ</span> <span class='ocrx_word' id='word_1_216' title='bbox 752 2938 1028 3017; x_wconf 83' lang='grc' dir='ltr'>ξυγχωρεέι</span> <span class='ocrx_word' id='word_1_217' title='bbox 1045 2939 1194 3005; x_wconf 78' lang='grc' dir='ltr'>αὐτὸς</span> <span class='ocrx_word' id='word_1_218' title='bbox 1214 2941 1289 3016; x_wconf 80' lang='grc' dir='ltr'><strong>τῷ</strong></span> <span class='ocrx_word' id='word_1_219' title='bbox 1311 2939 1492 3015; x_wconf 83' lang='grc' dir='ltr'>Γάγγῃ</span> <span class='ocrx_word' id='word_1_220' title='bbox 1505 2981 1521 3006; x_wconf 90' lang='grc'>,</span> <span class='ocrx_word' id='word_1_221' title='bbox 1546 2939 1682 2994; x_wconf 77' lang='grc' dir='ltr'>ἐπει-</span> 
     </span>
     <span class='ocr_line' id='line_1_29' title="bbox 154 3020 1682 3103; baseline 0.005 -29"><span class='ocrx_word' id='word_1_222' title='bbox 154 3020 234 3076; x_wconf 76' lang='grc' dir='ltr'><strong>δὰν</strong></span> <span class='ocrx_word' id='word_1_223' title='bbox 262 3021 485 3100; x_wconf 75' lang='grc' dir='ltr'>ἐμὸάλλῃ</span> <span class='ocrx_word' id='word_1_224' title='bbox 511 3026 563 3089; x_wconf 78' lang='grc' dir='ltr'>ἐς</span> <span class='ocrx_word' id='word_1_225' title='bbox 600 3023 753 3082; x_wconf 75' lang='grc' dir='ltr'>αὐτὸν</span> <span class='ocrx_word' id='word_1_226' title='bbox 775 3024 834 3082; x_wconf 82' lang='grc' dir='ltr'><strong>τὸ</strong></span> <span class='ocrx_word' id='word_1_227' title='bbox 860 3024 1014 3103; x_wconf 78' lang='grc' dir='ltr'>ὕδωρ.</span> <span class='ocrx_word' id='word_1_228' title='bbox 1101 3025 1164 3102; x_wconf 79' lang='grc' dir='ltr'><strong>(ο)</strong></span> <span class='ocrx_word' id='word_1_229' title='bbox 1197 3023 1301 3083; x_wconf 82' lang='grc' dir='ltr'><strong>Καὶ</strong></span> <span class='ocrx_word' id='word_1_230' title='bbox 1327 3025 1466 3100; x_wconf 79' lang='grc' dir='ltr'>λέγει</span> <span class='ocrx_word' id='word_1_231' title='bbox 1496 3027 1682 3100; x_wconf 87' lang='grc' dir='ltr'>Μεγα-</span> 
     </span>
     <span class='ocr_line' id='line_1_30' title="bbox 156 3108 1683 3190; baseline 0.003 -27"><span class='ocrx_word' id='word_1_232' title='bbox 156 3108 334 3180; x_wconf 79' lang='grc' dir='ltr'>σθένης,</span> <span class='ocrx_word' id='word_1_233' title='bbox 370 3116 531 3185; x_wconf 74' lang='grc' dir='ltr'>μ’ἧκος</span> <span class='ocrx_word' id='word_1_234' title='bbox 575 3110 668 3187; x_wconf 82' lang='grc' dir='ltr'><strong>μὲν</strong></span> <span class='ocrx_word' id='word_1_235' title='bbox 715 3110 918 3190; x_wconf 76' lang='grc' dir='ltr'>ἐπέχειν</span> <span class='ocrx_word' id='word_1_236' title='bbox 952 3111 1045 3182; x_wconf 85' lang='grc' dir='ltr'><strong>τὴν</strong></span> <span class='ocrx_word' id='word_1_237' title='bbox 1085 3111 1235 3168; x_wconf 86' lang='grc' dir='ltr'>πόλιν</span> <span class='ocrx_word' id='word_1_238' title='bbox 1270 3110 1387 3168; x_wconf 87' lang='grc' dir='ltr'>κατ’</span> <span class='ocrx_word' id='word_1_239' title='bbox 1433 3110 1683 3190; x_wconf 73' lang='grc' dir='ltr'>ἑκατέρην</span> 
     </span>
     <span class='ocr_line' id='line_1_31' title="bbox 154 3183 1680 3270; baseline 0.005 -31"><span class='ocrx_word' id='word_1_240' title='bbox 154 3183 234 3253; x_wconf 77' lang='grc' dir='ltr'><strong>τὴν</strong></span> <span class='ocrx_word' id='word_1_241' title='bbox 269 3189 486 3265; x_wconf 76' lang='grc' dir='ltr'>πλευρὴν</span> <span class='ocrx_word' id='word_1_242' title='bbox 513 3190 705 3266; x_wconf 74' lang='grc' dir='ltr'>ἵναπερ</span> <span class='ocrx_word' id='word_1_243' title='bbox 734 3189 1034 3270; x_wconf 77' lang='grc' dir='ltr'>μακροτάτη</span> <span class='ocrx_word' id='word_1_244' title='bbox 1073 3189 1205 3259; x_wconf 70' lang='grc' dir='ltr'>αὐτ-ὴ</span> <span class='ocrx_word' id='word_1_245' title='bbox 1233 3191 1425 3260; x_wconf 77' lang='grc' dir='ltr'>ἑωυτῆς</span> <span class='ocrx_word' id='word_1_246' title='bbox 1463 3189 1680 3267; x_wconf 83' lang='grc' dir='ltr'>ᾤκισται</span> 
     </span>
     <span class='ocr_line' id='line_1_32' title="bbox 155 3271 1680 3350; baseline -0.001 -16"><span class='ocrx_word' id='word_1_247' title='bbox 155 3271 198 3334; x_wconf 69' lang='grc' dir='ltr'><strong>ἔς</strong></span> <span class='ocrx_word' id='word_1_248' title='bbox 216 3273 515 3350; x_wconf 78' lang='grc' dir='ltr'>ὀγδοήκοντα</span> <span class='ocrx_word' id='word_1_249' title='bbox 542 3276 780 3341; x_wconf 88' lang='grc' dir='ltr'>σταδίους</span> <span class='ocrx_word' id='word_1_250' title='bbox 814 3275 874 3334; x_wconf 84' lang='grc' dir='ltr'><strong>τὸ</strong></span> <span class='ocrx_word' id='word_1_251' title='bbox 902 3276 954 3334; x_wconf 85' lang='grc' dir='ltr'><strong>δὲ</strong></span> <span class='ocrx_word' id='word_1_252' title='bbox 988 3276 1182 3342; x_wconf 82' lang='grc' dir='ltr'>πλάτος</span> <span class='ocrx_word' id='word_1_253' title='bbox 1219 3278 1268 3342; x_wconf 81' lang='grc' dir='ltr'>ἐς</span> <span class='ocrx_word' id='word_1_254' title='bbox 1290 3277 1680 3334; x_wconf 80' lang='grc' dir='ltr'>πεντεκαίδεκα·</span> 
     </span>
    </p>
   </div>
   <div class='ocr_carea' id='block_1_5' title="bbox 152 3441 1687 4117">
    <p class='ocr_par' dir='ltr' id='par_1_5' title="bbox 152 3441 1687 4117">
     <span class='ocr_line' id='line_1_33' title="bbox 160 3441 1684 3506; baseline 0.006 -22"><span class='ocrx_word' id='word_1_255' title='bbox 160 3441 244 3499; x_wconf 83' lang='lat' dir='ltr'><strong>tur,</strong></span> <span class='ocrx_word' id='word_1_256' title='bbox 267 3441 344 3489; x_wconf 87' lang='lat' dir='ltr'><strong>sed</strong></span> <span class='ocrx_word' id='word_1_257' title='bbox 368 3447 559 3503; x_wconf 90' lang='lat' dir='ltr'><strong>propter</strong></span> <span class='ocrx_word' id='word_1_258' title='bbox 580 3443 889 3504; x_wconf 83' lang='lat' dir='ltr'><strong>ignorantiam</strong></span> <span class='ocrx_word' id='word_1_259' title='bbox 920 3446 970 3493; x_wconf 90' lang='lat' dir='ltr'><strong>et</strong></span> <span class='ocrx_word' id='word_1_260' title='bbox 988 3444 1378 3506; x_wconf 72' lang='lat' dir='ltr'><strong>longinquitatem</strong></span> <span class='ocrx_word' id='word_1_261' title='bbox 1412 3444 1621 3493; x_wconf 81' lang='lat' dir='ltr'><strong>inflatius</strong></span> <span class='ocrx_word' id='word_1_262' title='bbox 1636 3449 1684 3493; x_wconf 87' lang='lat' dir='ltr'><strong>et</strong></span> 
     </span>
     <span class='ocr_line' id='line_1_34' title="bbox 153 3519 1681 3582; baseline 0.003 -18"><span class='ocrx_word' id='word_1_263' title='bbox 153 3519 447 3576; x_wconf 84' lang='lat' dir='ltr'><strong>portentosius</strong></span> <span class='ocrx_word' id='word_1_264' title='bbox 468 3522 634 3568; x_wconf 88' lang='lat' dir='ltr'><strong>omnia</strong></span> <span class='ocrx_word' id='word_1_265' title='bbox 658 3521 945 3568; x_wconf 84' lang='lat' dir='ltr'><strong>narrantur:</strong></span> <span class='ocrx_word' id='word_1_266' title='bbox 985 3525 1038 3569; x_wconf 91' lang='lat' dir='ltr'><strong>ut</strong></span> <span class='ocrx_word' id='word_1_267' title='bbox 1073 3534 1183 3582; x_wconf 76' lang='lat' dir='ltr'><strong>qua:</strong></span> <span class='ocrx_word' id='word_1_268' title='bbox 1202 3521 1261 3570; x_wconf 88' lang='lat' dir='ltr'><strong>de</strong></span> <span class='ocrx_word' id='word_1_269' title='bbox 1294 3521 1501 3569; x_wconf 82' lang='lat' dir='ltr'><strong>formicis</strong></span> <span class='ocrx_word' id='word_1_270' title='bbox 1530 3520 1681 3582; x_wconf 85' lang='lat' dir='ltr'><strong>perbi-</strong></span> 
     </span>
     <span class='ocr_line' id='line_1_35' title="bbox 152 3590 1681 3648; baseline 0.003 -8"><span class='ocrx_word' id='word_1_271' title='bbox 152 3590 310 3642; x_wconf 85' lang='lat' dir='ltr'><strong>beutur</strong></span> <span class='ocrx_word' id='word_1_272' title='bbox 331 3608 500 3644; x_wconf 86' lang='lat' dir='ltr'><strong>aurum</strong></span> <span class='ocrx_word' id='word_1_273' title='bbox 520 3595 857 3645; x_wconf 76' lang='lat' dir='ltr'><strong>effodientibus</strong></span> <span class='ocrx_word' id='word_1_274' title='bbox 887 3596 1015 3646; x_wconf 89' lang='lat' dir='ltr'><strong>etde</strong></span> <span class='ocrx_word' id='word_1_275' title='bbox 1032 3597 1197 3647; x_wconf 63' lang='lat' dir='ltr'><strong>bestiis</strong></span> <span class='ocrx_word' id='word_1_276' title='bbox 1217 3600 1320 3648; x_wconf 84' lang='lat' dir='ltr'><strong>aliis</strong></span> <span class='ocrx_word' id='word_1_277' title='bbox 1337 3601 1386 3647; x_wconf 86' lang='lat' dir='ltr'><strong>et</strong></span> <span class='ocrx_word' id='word_1_278' title='bbox 1403 3598 1463 3647; x_wconf 85' lang='lat' dir='ltr'><strong>dc</strong></span> <span class='ocrx_word' id='word_1_279' title='bbox 1478 3597 1681 3646; x_wconf 86' lang='lat' dir='ltr'><strong>bomini-</strong></span> 
     </span>
     <span class='ocr_line' id='line_1_36' title="bbox 153 3668 1685 3737; baseline 0.004 -21"><span class='ocrx_word' id='word_1_280' title='bbox 153 3668 234 3717; x_wconf 84' lang='lat' dir='ltr'><strong>bus</strong></span> <span class='ocrx_word' id='word_1_281' title='bbox 247 3706 261 3730; x_wconf 88' lang='lat'><strong>,</strong></span> <span class='ocrx_word' id='word_1_282' title='bbox 283 3672 361 3732; x_wconf 88' lang='lat' dir='ltr'><strong>qui</strong></span> <span class='ocrx_word' id='word_1_283' title='bbox 380 3673 647 3733; x_wconf 55' lang='lat' dir='ltr'><strong>peculiares</strong></span> <span class='ocrx_word' id='word_1_284' title='bbox 668 3672 898 3734; x_wconf 86' lang='lat' dir='ltr'><strong>quasdam</strong></span> <span class='ocrx_word' id='word_1_285' title='bbox 915 3674 1090 3722; x_wconf 79' lang='lat' dir='ltr'><strong>formas</strong></span> <span class='ocrx_word' id='word_1_286' title='bbox 1104 3676 1153 3723; x_wconf 89' lang='lat' dir='ltr'><strong>et</strong></span> <span class='ocrx_word' id='word_1_287' title='bbox 1173 3675 1435 3737; x_wconf 73' lang='lat' dir='ltr'><strong>singulares</strong></span> <span class='ocrx_word' id='word_1_288' title='bbox 1454 3676 1579 3723; x_wconf 80' lang='lat' dir='ltr'><strong>vires</strong></span> <span class='ocrx_word' id='word_1_289' title='bbox 1598 3674 1685 3722; x_wconf 83' lang='lat' dir='ltr'><strong>ba-</strong></span> 
     </span>
     <span class='ocr_line' id='line_1_37' title="bbox 153 3744 1685 3812; baseline 0.004 -20"><span class='ocrx_word' id='word_1_290' title='bbox 153 3744 317 3797; x_wconf 80' lang='lat' dir='ltr'><strong>beant:</strong></span> <span class='ocrx_word' id='word_1_291' title='bbox 343 3761 457 3797; x_wconf 86' lang='lat' dir='ltr'><strong>nam</strong></span> <span class='ocrx_word' id='word_1_292' title='bbox 492 3753 633 3799; x_wconf 84' lang='lat' dir='ltr'><strong>Seres</strong></span> <span class='ocrx_word' id='word_1_293' title='bbox 656 3751 759 3798; x_wconf 85' lang='lat' dir='ltr'><strong>tam</strong></span> <span class='ocrx_word' id='word_1_294' title='bbox 784 3749 1057 3812; x_wconf 72' lang='lat' dir='ltr'><strong>longinquae</strong></span> <span class='ocrx_word' id='word_1_295' title='bbox 1087 3750 1313 3801; x_wconf 87' lang='lat' dir='ltr'><strong>dicuutur</strong></span> <span class='ocrx_word' id='word_1_296' title='bbox 1336 3752 1476 3810; x_wconf 78' lang='lat' dir='ltr'><strong>vitae,</strong></span> <span class='ocrx_word' id='word_1_297' title='bbox 1512 3753 1565 3799; x_wconf 87' lang='lat' dir='ltr'><strong>ut</strong></span> <span class='ocrx_word' id='word_1_298' title='bbox 1594 3750 1685 3798; x_wconf 88' lang='lat' dir='ltr'><strong>du·</strong></span> 
     </span>
     <span class='ocr_line' id='line_1_38' title="bbox 152 3823 1685 3891; baseline 0.004 -22"><span class='ocrx_word' id='word_1_299' title='bbox 152 3823 445 3875; x_wconf 80' lang='lat' dir='ltr'><strong>centesimum</strong></span> <span class='ocrx_word' id='word_1_300' title='bbox 468 3839 651 3875; x_wconf 84' lang='lat' dir='ltr'><strong>annum</strong></span> <span class='ocrx_word' id='word_1_301' title='bbox 670 3826 917 3875; x_wconf 78' lang='lat' dir='ltr'><strong>excedant.</strong></span> <span class='ocrx_word' id='word_1_302' title='bbox 939 3829 1116 3876; x_wconf 85' lang='lat' dir='ltr'><strong>Ferunt</strong></span> <span class='ocrx_word' id='word_1_303' title='bbox 1134 3828 1279 3877; x_wconf 89' lang='lat' dir='ltr'><strong>etiam</strong></span> <span class='ocrx_word' id='word_1_304' title='bbox 1303 3828 1542 3891; x_wconf 81' lang='lat' dir='ltr'><strong>quendam</strong></span> <span class='ocrx_word' id='word_1_305' title='bbox 1559 3831 1685 3889; x_wconf 81' lang='lat' dir='ltr'><strong>opti·</strong></span> 
     </span>
     <span class='ocr_line' id='line_1_39' title="bbox 155 3899 1684 3967; baseline 0.004 -21"><span class='ocrx_word' id='word_1_306' title='bbox 155 3899 340 3949; x_wconf 87' lang='lat' dir='ltr'><strong>matium</strong></span> <span class='ocrx_word' id='word_1_307' title='bbox 377 3901 598 3951; x_wconf 79' lang='lat' dir='ltr'><strong>ordinem</strong></span> <span class='ocrx_word' id='word_1_308' title='bbox 625 3902 967 3964; x_wconf 71' lang='lat' dir='ltr'><strong>rempublicam</strong></span> <span class='ocrx_word' id='word_1_309' title='bbox 996 3904 1260 3965; x_wconf 83' lang='lat' dir='ltr'><strong>gubernare</strong></span> <span class='ocrx_word' id='word_1_310' title='bbox 1281 3918 1309 3954; x_wconf 89' lang='lat' dir='ltr'><strong>e</strong></span> <span class='ocrx_word' id='word_1_311' title='bbox 1335 3905 1549 3967; x_wconf 82' lang='lat' dir='ltr'><strong>quinque</strong></span> <span class='ocrx_word' id='word_1_312' title='bbox 1574 3904 1684 3953; x_wconf 87' lang='lat' dir='ltr'><strong>mil-</strong></span> 
     </span>
     <span class='ocr_line' id='line_1_40' title="bbox 153 3973 1687 4043; baseline 0.004 -21"><span class='ocrx_word' id='word_1_313' title='bbox 153 3973 267 4024; x_wconf 84' lang='lat' dir='ltr'>libus</span> <span class='ocrx_word' id='word_1_314' title='bbox 283 3977 659 4026; x_wconf 76' lang='lat' dir='ltr'><strong>consiliariorum</strong></span> <span class='ocrx_word' id='word_1_315' title='bbox 677 3980 970 4028; x_wconf 79' lang='lat' dir='ltr'><strong>constantem</strong></span> <span class='ocrx_word' id='word_1_316' title='bbox 983 4013 998 4038; x_wconf 92' lang='lat'><strong>,</strong></span> <span class='ocrx_word' id='word_1_317' title='bbox 1017 3993 1223 4042; x_wconf 78' lang='lat' dir='ltr'><strong>quornm</strong></span> <span class='ocrx_word' id='word_1_318' title='bbox 1252 3981 1453 4043; x_wconf 84' lang='lat' dir='ltr'><strong>quisque</strong></span> <span class='ocrx_word' id='word_1_319' title='bbox 1469 3981 1687 4043; x_wconf 78' lang='lat' dir='ltr'><strong>elephan-</strong></span> 
     </span>
     <span class='ocr_line' id='line_1_41' title="bbox 153 4053 792 4117; baseline 0.011 -20"><span class='ocrx_word' id='word_1_320' title='bbox 153 4053 251 4099; x_wconf 88' lang='lat' dir='ltr'><strong>tum</strong></span> <span class='ocrx_word' id='word_1_321' title='bbox 277 4053 545 4115; x_wconf 79' lang='lat' dir='ltr'><strong>reipublicae</strong></span> <span class='ocrx_word' id='word_1_322' title='bbox 564 4053 792 4117; x_wconf 82' lang='lat' dir='ltr'><strong>praebeat.</strong></span> 
     </span>
    </p>
   </div>
   <div class='ocr_carea' id='block_1_6' title="bbox 870 4137 960 4187">
    <p class='ocr_par' dir='ltr' id='par_1_6' title="bbox 870 4137 960 4187">
     <span class='ocr_line' id='line_1_42' title="bbox 870 4137 960 4187; baseline 0.011 -1"><span class='ocrx_word' id='word_1_323' title='bbox 870 4137 960 4187; x_wconf 82' lang='lat'><strong>26.</strong></span> 
     </span>
    </p>
   </div>
   <div class='ocr_carea' id='block_1_7' title="bbox 155 4218 1707 5357">
    <p class='ocr_par' dir='ltr' id='par_1_7' title="bbox 155 4218 1707 5357">
     <span class='ocr_line' id='line_1_43' title="bbox 211 4218 1692 4270; baseline 0.003 -6"><span class='ocrx_word' id='word_1_324' title='bbox 211 4218 443 4266; x_wconf 79' lang='lat' dir='ltr'><strong>Feruntur</strong></span> <span class='ocrx_word' id='word_1_325' title='bbox 476 4218 623 4266; x_wconf 85' lang='lat' dir='ltr'><strong>etiam</strong></span> <span class='ocrx_word' id='word_1_326' title='bbox 654 4218 759 4267; x_wconf 74' lang='lat' dir='ltr'><strong>hoec</strong></span> <span class='ocrx_word' id='word_1_327' title='bbox 784 4238 796 4267; x_wconf 89' lang='lat'>:</span> <span class='ocrx_word' id='word_1_328' title='bbox 824 4220 931 4269; x_wconf 79' lang='lat' dir='ltr'><strong>Non</strong></span> <span class='ocrx_word' id='word_1_329' title='bbox 964 4219 1169 4270; x_wconf 90' lang='lat' dir='ltr'><strong>condere</strong></span> <span class='ocrx_word' id='word_1_330' title='bbox 1205 4219 1346 4269; x_wconf 84' lang='lat' dir='ltr'><strong>indos</strong></span> <span class='ocrx_word' id='word_1_331' title='bbox 1384 4222 1692 4270; x_wconf 85' lang='lat' dir='ltr'><strong>monumenta</strong></span> 
     </span>
     <span class='ocr_line' id='line_1_44' title="bbox 155 4291 1691 4357; baseline 0.004 -18"><span class='ocrx_word' id='word_1_332' title='bbox 155 4291 363 4353; x_wconf 79' lang='lat' dir='ltr'><strong>mortuis;</strong></span> <span class='ocrx_word' id='word_1_333' title='bbox 383 4295 586 4343; x_wconf 65' lang='lat' dir='ltr'><strong>virtutes</strong></span> <span class='ocrx_word' id='word_1_334' title='bbox 603 4294 728 4343; x_wconf 89' lang='lat' dir='ltr'><strong>enim</strong></span> <span class='ocrx_word' id='word_1_335' title='bbox 750 4295 964 4344; x_wconf 78' lang='lat' dir='ltr'><strong>virorum</strong></span> <span class='ocrx_word' id='word_1_336' title='bbox 981 4295 1041 4344; x_wconf 83' lang='lat' dir='ltr'><strong>ad</strong></span> <span class='ocrx_word' id='word_1_337' title='bbox 1062 4295 1429 4357; x_wconf 84' lang='lat' dir='ltr'><strong>perpetuandam</strong></span> <span class='ocrx_word' id='word_1_338' title='bbox 1448 4299 1556 4357; x_wconf 79' lang='lat' dir='ltr'><strong>post</strong></span> <span class='ocrx_word' id='word_1_339' title='bbox 1566 4309 1691 4345; x_wconf 88' lang='lat' dir='ltr'><strong>mor·</strong></span> 
     </span>
     <span class='ocr_line' id='line_1_45' title="bbox 156 4371 1693 4434; baseline 0.005 -20"><span class='ocrx_word' id='word_1_340' title='bbox 156 4371 247 4416; x_wconf 84' lang='lat' dir='ltr'><strong>tem</strong></span> <span class='ocrx_word' id='word_1_341' title='bbox 269 4371 549 4419; x_wconf 83' lang='lat' dir='ltr'><strong>memoriam</strong></span> <span class='ocrx_word' id='word_1_342' title='bbox 564 4371 783 4420; x_wconf 83' lang='lat' dir='ltr'><strong>sufficere</strong></span> <span class='ocrx_word' id='word_1_343' title='bbox 795 4371 1088 4433; x_wconf 75' lang='lat' dir='ltr'><strong>existimant,</strong></span> <span class='ocrx_word' id='word_1_344' title='bbox 1107 4373 1157 4422; x_wconf 84' lang='lat' dir='ltr'><strong>et</strong></span> <span class='ocrx_word' id='word_1_345' title='bbox 1168 4372 1376 4420; x_wconf 84' lang='lat' dir='ltr'><strong>carmina</strong></span> <span class='ocrx_word' id='word_1_346' title='bbox 1393 4376 1540 4434; x_wconf 86' lang='lat' dir='ltr'><strong>atque</strong></span> <span class='ocrx_word' id='word_1_347' title='bbox 1556 4372 1693 4432; x_wconf 85' lang='lat' dir='ltr'><strong>odas,</strong></span> 
     </span>
     <span class='ocr_line' id='line_1_46' title="bbox 157 4445 1694 4510; baseline 0.002 -18"><span class='ocrx_word' id='word_1_348' title='bbox 157 4456 258 4504; x_wconf 72' lang='lat' dir='ltr'><strong>quae</strong></span> <span class='ocrx_word' id='word_1_349' title='bbox 280 4445 507 4498; x_wconf 79' lang='lat' dir='ltr'><strong>ineornm</strong></span> <span class='ocrx_word' id='word_1_350' title='bbox 536 4447 762 4496; x_wconf 86' lang='lat' dir='ltr'><strong>bonorem</strong></span> <span class='ocrx_word' id='word_1_351' title='bbox 795 4450 1050 4498; x_wconf 83' lang='lat' dir='ltr'><strong>canuntur.</strong></span> <span class='ocrx_word' id='word_1_352' title='bbox 1118 4451 1186 4510; x_wconf 85' lang='lat'><strong>(2)</strong></span> <span class='ocrx_word' id='word_1_353' title='bbox 1210 4449 1409 4498; x_wconf 82' lang='lat' dir='ltr'><strong>Urbium</strong></span> <span class='ocrx_word' id='word_1_354' title='bbox 1430 4463 1542 4498; x_wconf 83' lang='lat' dir='ltr'><strong>vero</strong></span> <span class='ocrx_word' id='word_1_355' title='bbox 1558 4448 1694 4499; x_wconf 83' lang='lat' dir='ltr'><strong>ludi·</strong></span> 
     </span>
     <span class='ocr_line' id='line_1_47' title="bbox 158 4524 1699 4590; baseline 0.006 -22"><span class='ocrx_word' id='word_1_356' title='bbox 158 4533 313 4571; x_wconf 89' lang='lat' dir='ltr'><strong>carum</strong></span> <span class='ocrx_word' id='word_1_357' title='bbox 330 4537 588 4574; x_wconf 88' lang='lat' dir='ltr'><strong>numerum</strong></span> <span class='ocrx_word' id='word_1_358' title='bbox 598 4539 699 4590; x_wconf 80' lang='lat' dir='ltr'><strong>prae</strong></span> <span class='ocrx_word' id='word_1_359' title='bbox 714 4524 1021 4574; x_wconf 87' lang='lat' dir='ltr'><strong>multitudine</strong></span> <span class='ocrx_word' id='word_1_360' title='bbox 1034 4530 1335 4590; x_wconf 89' lang='lat' dir='ltr'><strong>compertum</strong></span> <span class='ocrx_word' id='word_1_361' title='bbox 1355 4540 1451 4576; x_wconf 89' lang='lat' dir='ltr'><strong>non</strong></span> <span class='ocrx_word' id='word_1_362' title='bbox 1474 4540 1601 4578; x_wconf 80' lang='lat' dir='ltr'><strong>esse:</strong></span> <span class='ocrx_word' id='word_1_363' title='bbox 1617 4539 1699 4577; x_wconf 79' lang='lat' dir='ltr'><strong>eas</strong></span> 
     </span>
     <span class='ocr_line' id='line_1_48' title="bbox 158 4603 1696 4667; baseline 0.003 -18"><span class='ocrx_word' id='word_1_364' title='bbox 158 4612 264 4650; x_wconf 78' lang='lat' dir='ltr'><strong>vero</strong></span> <span class='ocrx_word' id='word_1_365' title='bbox 280 4615 388 4663; x_wconf 68' lang='lat' dir='ltr'><strong>quae</strong></span> <span class='ocrx_word' id='word_1_366' title='bbox 405 4603 553 4664; x_wconf 79' lang='lat' dir='ltr'><strong>juxta</strong></span> <span class='ocrx_word' id='word_1_367' title='bbox 568 4603 765 4653; x_wconf 83' lang='lat' dir='ltr'><strong>flumina</strong></span> <span class='ocrx_word' id='word_1_368' title='bbox 782 4608 868 4653; x_wconf 88' lang='lat' dir='ltr'><strong>aut</strong></span> <span class='ocrx_word' id='word_1_369' title='bbox 892 4616 1023 4652; x_wconf 86' lang='lat' dir='ltr'><strong>mare</strong></span> <span class='ocrx_word' id='word_1_370' title='bbox 1039 4605 1143 4654; x_wconf 80' lang='lat' dir='ltr'><strong>sitae</strong></span> <span class='ocrx_word' id='word_1_371' title='bbox 1178 4604 1302 4666; x_wconf 83' lang='lat' dir='ltr'><strong>sint,</strong></span> <span class='ocrx_word' id='word_1_372' title='bbox 1326 4619 1388 4655; x_wconf 82' lang='lat' dir='ltr'><strong>ex</strong></span> <span class='ocrx_word' id='word_1_373' title='bbox 1418 4607 1571 4667; x_wconf 77' lang='lat' dir='ltr'><strong>lignea</strong></span> <span class='ocrx_word' id='word_1_374' title='bbox 1592 4618 1696 4654; x_wconf 89' lang='lat' dir='ltr'><strong>ma-</strong></span> 
     </span>
     <span class='ocr_line' id='line_1_49' title="bbox 157 4676 1698 4742; baseline 0.006 -20"><span class='ocrx_word' id='word_1_375' title='bbox 157 4676 271 4724; x_wconf 86' lang='lat' dir='ltr'><strong>teria</strong></span> <span class='ocrx_word' id='word_1_376' title='bbox 286 4679 584 4728; x_wconf 85' lang='lat' dir='ltr'><strong>constructas</strong></span> <span class='ocrx_word' id='word_1_377' title='bbox 607 4692 740 4741; x_wconf 66' lang='lat' dir='ltr'><strong>aese;</strong></span> <span class='ocrx_word' id='word_1_378' title='bbox 765 4681 832 4742; x_wconf 82' lang='lat'><strong>(3)</strong></span> <span class='ocrx_word' id='word_1_379' title='bbox 852 4680 1146 4742; x_wconf 88' lang='lat' dir='ltr'><strong>nequeenim</strong></span> <span class='ocrx_word' id='word_1_380' title='bbox 1165 4715 1181 4740; x_wconf 90' lang='lat'><strong>,</strong></span> <span class='ocrx_word' id='word_1_381' title='bbox 1212 4682 1251 4730; x_wconf 86' lang='lat' dir='ltr'><strong>si</strong></span> <span class='ocrx_word' id='word_1_382' title='bbox 1280 4696 1343 4731; x_wconf 84' lang='grc' dir='ltr'><strong>εκ</strong></span> <span class='ocrx_word' id='word_1_383' title='bbox 1367 4683 1515 4732; x_wconf 84' lang='lat' dir='ltr'><strong>latere</strong></span> <span class='ocrx_word' id='word_1_384' title='bbox 1532 4682 1698 4731; x_wconf 82' lang='lat' dir='ltr'><strong>conse·</strong></span> 
     </span>
     <span class='ocr_line' id='line_1_50' title="bbox 160 4753 1697 4819; baseline 0.005 -19"><span class='ocrx_word' id='word_1_385' title='bbox 160 4753 247 4800; x_wconf 65' lang='lat' dir='ltr'><strong>ctae</strong></span> <span class='ocrx_word' id='word_1_386' title='bbox 263 4757 447 4816; x_wconf 90' lang='lat' dir='ltr'><strong>essent,</strong></span> <span class='ocrx_word' id='word_1_387' title='bbox 467 4754 608 4817; x_wconf 84' lang='lat' dir='ltr'><strong>longo</strong></span> <span class='ocrx_word' id='word_1_388' title='bbox 633 4757 847 4817; x_wconf 90' lang='lat' dir='ltr'><strong>tempore</strong></span> <span class='ocrx_word' id='word_1_389' title='bbox 864 4756 1145 4816; x_wconf 85' lang='lat' dir='ltr'><strong>duraturas,</strong></span> <span class='ocrx_word' id='word_1_390' title='bbox 1159 4759 1264 4806; x_wconf 87' lang='lat' dir='ltr'><strong>turn</strong></span> <span class='ocrx_word' id='word_1_391' title='bbox 1287 4761 1479 4819; x_wconf 85' lang='lat' dir='ltr'><strong>propter</strong></span> <span class='ocrx_word' id='word_1_392' title='bbox 1496 4757 1697 4818; x_wconf 83' lang='lat' dir='ltr'><strong>imbres,</strong></span> 
     </span>
     <span class='ocr_line' id='line_1_51' title="bbox 161 4829 1697 4895; baseline 0.005 -21"><span class='ocrx_word' id='word_1_393' title='bbox 161 4829 258 4876; x_wconf 89' lang='lat' dir='ltr'><strong>tum</strong></span> <span class='ocrx_word' id='word_1_394' title='bbox 275 4830 402 4890; x_wconf 89' lang='lat' dir='ltr'><strong>quod</strong></span> <span class='ocrx_word' id='word_1_395' title='bbox 432 4844 600 4880; x_wconf 82' lang='lat' dir='ltr'><strong>amnes</strong></span> <span class='ocrx_word' id='word_1_396' title='bbox 623 4833 857 4894; x_wconf 84' lang='lat' dir='ltr'><strong>superatis</strong></span> <span class='ocrx_word' id='word_1_397' title='bbox 874 4832 987 4894; x_wconf 75' lang='lat' dir='ltr'><strong>ripis</strong></span> <span class='ocrx_word' id='word_1_398' title='bbox 1016 4833 1158 4893; x_wconf 85' lang='lat' dir='ltr'><strong>plana</strong></span> <span class='ocrx_word' id='word_1_399' title='bbox 1179 4833 1285 4882; x_wconf 81' lang='lat' dir='ltr'><strong>loca</strong></span> <span class='ocrx_word' id='word_1_400' title='bbox 1318 4846 1443 4895; x_wconf 89' lang='lat' dir='ltr'><strong>aqua</strong></span> <span class='ocrx_word' id='word_1_401' title='bbox 1470 4833 1697 4895; x_wconf 79' lang='lat' dir='ltr'><strong>repleant.</strong></span> 
     </span>
     <span class='ocr_line' id='line_1_52' title="bbox 161 4905 1703 4972; baseline 0.005 -19"><span class='ocrx_word' id='word_1_402' title='bbox 161 4905 223 4965; x_wconf 74' lang='lat'><strong>(4)</strong></span> <span class='ocrx_word' id='word_1_403' title='bbox 239 4909 357 4964; x_wconf 70' lang='lat' dir='ltr'><strong>Quae</strong></span> <span class='ocrx_word' id='word_1_404' title='bbox 374 4909 551 4956; x_wconf 79' lang='lat' dir='ltr'><strong>veroin</strong></span> <span class='ocrx_word' id='word_1_405' title='bbox 580 4910 899 4971; x_wconf 82' lang='lat' dir='ltr'><strong>superioribus</strong></span> <span class='ocrx_word' id='word_1_406' title='bbox 916 4912 965 4958; x_wconf 89' lang='lat' dir='ltr'><strong>et</strong></span> <span class='ocrx_word' id='word_1_407' title='bbox 987 4910 1341 4960; x_wconf 83' lang='lat' dir='ltr'><strong>sublimioribus</strong></span> <span class='ocrx_word' id='word_1_408' title='bbox 1372 4912 1703 4972; x_wconf 77' lang='lat' dir='ltr'><strong>praecipueque</strong></span> 
     </span>
     <span class='ocr_line' id='line_1_53' title="bbox 161 4982 1700 5046; baseline 0.005 -17"><span class='ocrx_word' id='word_1_409' title='bbox 161 4982 265 5031; x_wconf 88' lang='lat' dir='ltr'><strong>altis</strong></span> <span class='ocrx_word' id='word_1_410' title='bbox 282 4984 398 5032; x_wconf 83' lang='lat' dir='ltr'><strong>locis</strong></span> <span class='ocrx_word' id='word_1_411' title='bbox 416 4984 585 5045; x_wconf 75' lang='lat' dir='ltr'><strong>positoe</strong></span> <span class='ocrx_word' id='word_1_412' title='bbox 602 4985 723 5046; x_wconf 76' lang='lat' dir='ltr'><strong>sint,</strong></span> <span class='ocrx_word' id='word_1_413' title='bbox 749 4999 809 5034; x_wconf 81' lang='lat' dir='ltr'><strong>ex</strong></span> <span class='ocrx_word' id='word_1_414' title='bbox 832 4985 1063 5034; x_wconf 86' lang='lat' dir='ltr'><strong>lateribus</strong></span> <span class='ocrx_word' id='word_1_415' title='bbox 1087 4989 1136 5034; x_wconf 91' lang='lat' dir='ltr'><strong>et</strong></span> <span class='ocrx_word' id='word_1_416' title='bbox 1156 4989 1387 5036; x_wconf 59' lang='lat' dir='ltr'><strong>cremento</strong></span> <span class='ocrx_word' id='word_1_417' title='bbox 1414 4988 1561 5036; x_wconf 76' lang='lat' dir='ltr'><strong>tactas</strong></span> <span class='ocrx_word' id='word_1_418' title='bbox 1582 5001 1700 5037; x_wconf 78' lang='lat' dir='ltr'><strong>esse.</strong></span> 
     </span>
     <span class='ocr_line' id='line_1_54' title="bbox 162 5058 1707 5122; baseline 0.005 -19"><span class='ocrx_word' id='word_1_419' title='bbox 162 5059 225 5114; x_wconf 77' lang='lat'><strong>(5)</strong></span> <span class='ocrx_word' id='word_1_420' title='bbox 244 5058 503 5106; x_wconf 75' lang='lat' dir='ltr'><strong>Maximam</strong></span> <span class='ocrx_word' id='word_1_421' title='bbox 519 5062 676 5108; x_wconf 87' lang='lat' dir='ltr'><strong>autem</strong></span> <span class='ocrx_word' id='word_1_422' title='bbox 696 5059 825 5122; x_wconf 87' lang='lat' dir='ltr'><strong>apud</strong></span> <span class='ocrx_word' id='word_1_423' title='bbox 844 5060 987 5110; x_wconf 87' lang='lat' dir='ltr'><strong>Indos</strong></span> <span class='ocrx_word' id='word_1_424' title='bbox 1006 5060 1173 5110; x_wconf 87' lang='lat' dir='ltr'><strong>urbem</strong></span> <span class='ocrx_word' id='word_1_425' title='bbox 1204 5074 1304 5111; x_wconf 83' lang='lat' dir='ltr'><strong>esse</strong></span> <span class='ocrx_word' id='word_1_426' title='bbox 1320 5061 1643 5116; x_wconf 79' lang='lat' dir='ltr'><strong>Palimbothra</strong></span> <span class='ocrx_word' id='word_1_427' title='bbox 1656 5064 1707 5112; x_wconf 91' lang='lat' dir='ltr'><strong>in</strong></span> 
     </span>
     <span class='ocr_line' id='line_1_55' title="bbox 162 5133 1705 5199; baseline 0.005 -19"><span class='ocrx_word' id='word_1_428' title='bbox 162 5133 429 5182; x_wconf 76' lang='lat' dir='ltr'><strong>Prasiorum</strong></span> <span class='ocrx_word' id='word_1_429' title='bbox 458 5133 649 5194; x_wconf 86' lang='lat' dir='ltr'><strong>tinibus,</strong></span> <span class='ocrx_word' id='word_1_430' title='bbox 669 5135 730 5184; x_wconf 89' lang='lat' dir='ltr'><strong>ad</strong></span> <span class='ocrx_word' id='word_1_431' title='bbox 753 5136 1046 5186; x_wconf 83' lang='lat' dir='ltr'><strong>Erannoboae</strong></span> <span class='ocrx_word' id='word_1_432' title='bbox 1064 5140 1112 5186; x_wconf 88' lang='lat' dir='ltr'><strong>et</strong></span> <span class='ocrx_word' id='word_1_433' title='bbox 1126 5138 1300 5199; x_wconf 80' lang='lat' dir='ltr'><strong>Gangis</strong></span> <span class='ocrx_word' id='word_1_434' title='bbox 1317 5138 1570 5186; x_wconf 84' lang='lat' dir='ltr'><strong>fluminum</strong></span> <span class='ocrx_word' id='word_1_435' title='bbox 1588 5152 1705 5188; x_wconf 90' lang='lat' dir='ltr'><strong>con-</strong></span> 
     </span>
     <span class='ocr_line' id='line_1_56' title="bbox 164 5210 1705 5278; baseline 0.005 -21"><span class='ocrx_word' id='word_1_436' title='bbox 164 5210 403 5260; x_wconf 83' lang='lat' dir='ltr'><strong>tinentem.</strong></span> <span class='ocrx_word' id='word_1_437' title='bbox 429 5224 489 5260; x_wconf 87' lang='lat' dir='ltr'><strong>ac</strong></span> <span class='ocrx_word' id='word_1_438' title='bbox 515 5214 701 5276; x_wconf 79' lang='lat' dir='ltr'><strong>Ganges</strong></span> <span class='ocrx_word' id='word_1_439' title='bbox 721 5213 917 5275; x_wconf 86' lang='lat' dir='ltr'><strong>quidem</strong></span> <span class='ocrx_word' id='word_1_440' title='bbox 936 5215 1174 5264; x_wconf 81' lang='lat' dir='ltr'><strong>maximus</strong></span> <span class='ocrx_word' id='word_1_441' title='bbox 1194 5217 1405 5265; x_wconf 90' lang='lat' dir='ltr'><strong>omnium</strong></span> <span class='ocrx_word' id='word_1_442' title='bbox 1427 5217 1705 5278; x_wconf 62' lang='lat' dir='ltr'><strong>fluminum</strong></span> 
     </span>
     <span class='ocr_line' id='line_1_57' title="bbox 166 5286 1704 5357; baseline 0.005 -23"><span class='ocrx_word' id='word_1_443' title='bbox 166 5286 472 5338; x_wconf 74' lang='lat' dir='ltr'><strong>Erannoboas</strong></span> <span class='ocrx_word' id='word_1_444' title='bbox 503 5291 663 5338; x_wconf 82' lang='lat' dir='ltr'><strong>autem</strong></span> <span class='ocrx_word' id='word_1_445' title='bbox 684 5291 853 5340; x_wconf 85' lang='lat' dir='ltr'><strong>tertius</strong></span> <span class='ocrx_word' id='word_1_446' title='bbox 866 5291 1068 5341; x_wconf 73' lang='lat' dir='ltr'><strong>sortasse</strong></span> <span class='ocrx_word' id='word_1_447' title='bbox 1086 5293 1228 5342; x_wconf 81' lang='lat' dir='ltr'><strong>suerit</strong></span> <span class='ocrx_word' id='word_1_448' title='bbox 1255 5292 1402 5342; x_wconf 71' lang='lat' dir='ltr'><strong>indiae</strong></span> <span class='ocrx_word' id='word_1_449' title='bbox 1421 5292 1671 5341; x_wconf 84' lang='lat' dir='ltr'><strong>fluminum</strong></span> <span class='ocrx_word' id='word_1_450' title='bbox 1689 5332 1704 5357; x_wconf 87' lang='lat'>‚</span> 
     </span>
    </p>
   </div>
   <div class='ocr_carea' id='block_1_8' title="bbox 1735 4646 1752 5026">
    <p class='ocr_par' dir='ltr' id='par_1_8' title="bbox 1735 4646 1752 5026">
     <span class='ocr_line' id='line_1_58' title="bbox 1735 4646 1752 5026; baseline 0 1016"><span class='ocrx_word' id='word_1_451' title='bbox 1735 4646 1752 5026; x_wconf 95' lang='lat' dir='ltr'><strong> </strong></span> 
     </span>
    </p>
   </div>
   <div class='ocr_carea' id='block_1_9' title="bbox 1744 5037 1756 5320">
    <p class='ocr_par' dir='ltr' id='par_1_9' title="bbox 1744 5037 1756 5320">
     <span class='ocr_line' id='line_1_59' title="bbox 1744 5037 1756 5320; baseline 0 0"><span class='ocrx_word' id='word_1_452' title='bbox 1744 5037 1756 5320; x_wconf 95' lang='lat' dir='ltr'><strong> </strong></span> 
     </span>
    </p>
   </div>
   <div class='ocr_carea' id='block_1_10' title="bbox 3180 483 3301 529">
    <p class='ocr_par' dir='ltr' id='par_1_10' title="bbox 3180 483 3301 529">
     <span class='ocr_line' id='line_1_60' title="bbox 3180 483 3301 529; baseline 0.008 -1"><span class='ocrx_word' id='word_1_453' title='bbox 3180 483 3301 529; x_wconf 71' lang='lat'><strong>⁴21·</strong></span> 
     </span>
    </p>
   </div>
   <div class='ocr_carea' id='block_1_11' title="bbox 1752 588 3326 1364">
    <p class='ocr_par' dir='ltr' id='par_1_11' title="bbox 1752 588 3326 1364">
     <span class='ocr_line' id='line_1_61' title="bbox 1752 588 3304 680; baseline -0.006 -18"><span class='ocrx_word' id='word_1_454' title='bbox 1752 604 1813 677; x_wconf 90' lang='grc'><strong>(7)</strong></span> <span class='ocrx_word' id='word_1_455' title='bbox 1848 601 2042 680; x_wconf 75' lang='grc' dir='ltr'>τάφρον</span> <span class='ocrx_word' id='word_1_456' title='bbox 2067 599 2120 658; x_wconf 78' lang='grc' dir='ltr'><strong>δὲ</strong></span> <span class='ocrx_word' id='word_1_457' title='bbox 2143 597 2554 679; x_wconf 70' lang='grc' dir='ltr'>περιδεδλῆσθαι</span> <span class='ocrx_word' id='word_1_458' title='bbox 2582 600 2649 676; x_wconf 78' lang='grc' dir='ltr'><strong>τῇ</strong></span> <span class='ocrx_word' id='word_1_459' title='bbox 2680 597 2800 655; x_wconf 91' lang='grc' dir='ltr'>πόλι</span> <span class='ocrx_word' id='word_1_460' title='bbox 2830 596 2888 654; x_wconf 79' lang='grc' dir='ltr'><strong>τὸ</strong></span> <span class='ocrx_word' id='word_1_461' title='bbox 2916 588 3056 674; x_wconf 68' lang='grc' dir='ltr'>εὖρος</span> <span class='ocrx_word' id='word_1_462' title='bbox 3082 597 3304 663; x_wconf 77' lang='grc' dir='ltr'>ἑξάπλε-</span> 
     </span>
     <span class='ocr_line' id='line_1_62' title="bbox 1752 681 3302 765; baseline -0.004 -21"><span class='ocrx_word' id='word_1_463' title='bbox 1752 692 1887 765; x_wconf 90' lang='grc' dir='ltr'>θρον,</span> <span class='ocrx_word' id='word_1_464' title='bbox 1911 687 1970 744; x_wconf 79' lang='grc' dir='ltr'><strong>τὸ</strong></span> <span class='ocrx_word' id='word_1_465' title='bbox 2000 685 2052 744; x_wconf 79' lang='grc' dir='ltr'><strong>δὲ</strong></span> <span class='ocrx_word' id='word_1_466' title='bbox 2079 686 2230 764; x_wconf 80' lang='grc' dir='ltr'>βάθος</span> <span class='ocrx_word' id='word_1_467' title='bbox 2250 683 2523 764; x_wconf 80' lang='grc' dir='ltr'>τριήκοντα</span> <span class='ocrx_word' id='word_1_468' title='bbox 2555 681 3041 762; x_wconf 74' lang='grc' dir='ltr'>πήχεων··πύργους</span> <span class='ocrx_word' id='word_1_469' title='bbox 3069 682 3123 739; x_wconf 74' lang='grc' dir='ltr'><strong>δὲ</strong></span> <span class='ocrx_word' id='word_1_470' title='bbox 3153 683 3302 740; x_wconf 65' lang='lat'><strong>{630-</strong></span> 
     </span>
     <span class='ocr_line' id='line_1_63' title="bbox 1754 768 3306 848; baseline -0.003 -18"><span class='ocrx_word' id='word_1_471' title='bbox 1754 774 1990 844; x_wconf 76' lang='grc' dir='ltr'>μήκοντα</span> <span class='ocrx_word' id='word_1_472' title='bbox 2018 774 2106 830; x_wconf 83' lang='grc' dir='ltr'><strong>καὶ</strong></span> <span class='ocrx_word' id='word_1_473' title='bbox 2129 770 2492 835; x_wconf 82' lang='grc' dir='ltr'>πεντακοσίους</span> <span class='ocrx_word' id='word_1_474' title='bbox 2516 769 2718 848; x_wconf 72' lang='grc' dir='ltr'>ἐπέχειν</span> <span class='ocrx_word' id='word_1_475' title='bbox 2743 768 2803 827; x_wconf 75' lang='grc' dir='ltr'><strong>τὸ</strong></span> <span class='ocrx_word' id='word_1_476' title='bbox 2825 774 2992 848; x_wconf 78' lang='grc' dir='ltr'>τεῖχος</span> <span class='ocrx_word' id='word_1_477' title='bbox 3019 769 3107 826; x_wconf 76' lang='grc' dir='ltr'><strong>καὶ</strong></span> <span class='ocrx_word' id='word_1_478' title='bbox 3135 770 3306 834; x_wconf 79' lang='grc' dir='ltr'>πύλας</span> 
     </span>
     <span class='ocr_line' id='line_1_64' title="bbox 1753 847 3302 937; baseline -0.003 -21"><span class='ocrx_word' id='word_1_479' title='bbox 1753 859 2007 937; x_wconf 80' lang='grc' dir='ltr'>τέσσαρας</span> <span class='ocrx_word' id='word_1_480' title='bbox 2035 858 2124 916; x_wconf 79' lang='grc' dir='ltr'><strong>καὶ</strong></span> <span class='ocrx_word' id='word_1_481' title='bbox 2160 857 2425 927; x_wconf 78' lang='grc' dir='ltr'>ἑξήκοντα.</span> <span class='ocrx_word' id='word_1_482' title='bbox 2510 856 2576 934; x_wconf 77' lang='lat' dir='ltr'><strong>(a)</strong></span> <span class='ocrx_word' id='word_1_483' title='bbox 2619 847 2772 915; x_wconf 71' lang='grc' dir='ltr'>Εἶναι</span> <span class='ocrx_word' id='word_1_484' title='bbox 2807 854 2861 913; x_wconf 83' lang='grc' dir='ltr'><strong>δὲ</strong></span> <span class='ocrx_word' id='word_1_485' title='bbox 2892 855 2982 914; x_wconf 74' lang='grc' dir='ltr'><strong>καὶ</strong></span> <span class='ocrx_word' id='word_1_486' title='bbox 3021 854 3133 913; x_wconf 88' lang='grc' dir='ltr'>τόδε</span> <span class='ocrx_word' id='word_1_487' title='bbox 3166 855 3302 931; x_wconf 85' lang='grc' dir='ltr'>μέγα</span> 
     </span>
     <span class='ocr_line' id='line_1_65' title="bbox 1756 932 3314 1023; baseline -0.002 -23"><span class='ocrx_word' id='word_1_488' title='bbox 1756 947 1805 1001; x_wconf 71' lang='grc' dir='ltr'><strong>ἐν</strong></span> <span class='ocrx_word' id='word_1_489' title='bbox 1833 949 1899 1023; x_wconf 79' lang='grc' dir='ltr'><strong>τῇ</strong></span> <span class='ocrx_word' id='word_1_490' title='bbox 1930 945 2103 1004; x_wconf 79' lang='grc' dir='ltr'>Ἰνδῶν</span> <span class='ocrx_word' id='word_1_491' title='bbox 2125 949 2222 1022; x_wconf 79' lang='grc' dir='ltr'><strong>γῇ,</strong></span> <span class='ocrx_word' id='word_1_492' title='bbox 2247 944 2447 1009; x_wconf 86' lang='grc' dir='ltr'>πάντας</span> <span class='ocrx_word' id='word_1_493' title='bbox 2476 942 2662 1007; x_wconf 81' lang='grc' dir='ltr'>Ἰνδοὺς</span> <span class='ocrx_word' id='word_1_494' title='bbox 2686 932 2815 1000; x_wconf 70' lang='grc' dir='ltr'>εἶναι</span> <span class='ocrx_word' id='word_1_495' title='bbox 2843 941 3131 1022; x_wconf 79' lang='grc' dir='ltr'>ἐλευθέρους</span> <span class='ocrx_word' id='word_1_496' title='bbox 3150 986 3167 1016; x_wconf 91' lang='grc'>,</span> <span class='ocrx_word' id='word_1_497' title='bbox 3187 941 3314 1000; x_wconf 72' lang='grc' dir='ltr'>οὐδέ·</span> 
     </span>
     <span class='ocr_line' id='line_1_66' title="bbox 1755 1021 3312 1104; baseline -0.001 -17"><span class='ocrx_word' id='word_1_498' title='bbox 1755 1054 1866 1087; x_wconf 90' lang='grc' dir='ltr'>τινα</span> <span class='ocrx_word' id='word_1_499' title='bbox 1897 1032 2077 1088; x_wconf 88' lang='grc' dir='ltr'>δοῦλον</span> <span class='ocrx_word' id='word_1_500' title='bbox 2111 1021 2242 1088; x_wconf 76' lang='grc' dir='ltr'>εἶναι</span> <span class='ocrx_word' id='word_1_501' title='bbox 2272 1028 2427 1089; x_wconf 83' lang='grc' dir='ltr'>Ἰνδόν</span> <span class='ocrx_word' id='word_1_502' title='bbox 2449 1053 2462 1065; x_wconf 87' lang='grc'><em>·</em></span> <span class='ocrx_word' id='word_1_503' title='bbox 2498 1035 2648 1087; x_wconf 87' lang='grc' dir='ltr'>τοῦτο</span> <span class='ocrx_word' id='word_1_504' title='bbox 2686 1028 2778 1103; x_wconf 82' lang='grc' dir='ltr'><strong>μὲν</strong></span> <span class='ocrx_word' id='word_1_505' title='bbox 2821 1028 3312 1104; x_wconf 77' lang='grc' dir='ltr'>Λακεδαιμονίοισιν</span> 
     </span>
     <span class='ocr_line' id='line_1_67' title="bbox 1757 1115 3326 1192; baseline -0.004 -17"><span class='ocrx_word' id='word_1_506' title='bbox 1757 1119 1805 1182; x_wconf 78' lang='grc' dir='ltr'>ἐς</span> <span class='ocrx_word' id='word_1_507' title='bbox 1839 1118 1997 1175; x_wconf 80' lang='grc' dir='ltr'><strong>ταύτὸ</strong></span> <span class='ocrx_word' id='word_1_508' title='bbox 2020 1117 2291 1192; x_wconf 74' lang='grc' dir='ltr'>συμὸαίνει</span> <span class='ocrx_word' id='word_1_509' title='bbox 2319 1116 2408 1173; x_wconf 78' lang='grc' dir='ltr'><strong>καὶ</strong></span> <span class='ocrx_word' id='word_1_510' title='bbox 2433 1115 2658 1174; x_wconf 83' lang='grc' dir='ltr'>Ἰνδοῖσι.</span> <span class='ocrx_word' id='word_1_511' title='bbox 2745 1117 2804 1189; x_wconf 77' lang='lat' dir='ltr'><strong>(e)</strong></span> <span class='ocrx_word' id='word_1_512' title='bbox 2847 1115 3326 1190; x_wconf 79' lang='grc' dir='ltr'>Λακεδαιμονίοισι.</span> 
     </span>
     <span class='ocr_line' id='line_1_68' title="bbox 1757 1193 3304 1278; baseline -0.001 -19"><span class='ocrx_word' id='word_1_513' title='bbox 1757 1202 1850 1278; x_wconf 83' lang='grc' dir='ltr'><strong>μέν</strong></span> <span class='ocrx_word' id='word_1_514' title='bbox 1869 1225 1928 1278; x_wconf 90' lang='grc' dir='ltr'><strong>γε</strong></span> <span class='ocrx_word' id='word_1_515' title='bbox 1949 1207 1996 1261; x_wconf 78' lang='grc' dir='ltr'><strong>οἱ</strong></span> <span class='ocrx_word' id='word_1_516' title='bbox 2021 1193 2225 1270; x_wconf 70' lang='grc' dir='ltr'>εἵλωτες</span> <span class='ocrx_word' id='word_1_517' title='bbox 2250 1202 2423 1261; x_wconf 84' lang='grc' dir='ltr'>δοῦλοί</span> <span class='ocrx_word' id='word_1_518' title='bbox 2447 1205 2545 1260; x_wconf 82' lang='grc' dir='ltr'>εἰσι</span> <span class='ocrx_word' id='word_1_519' title='bbox 2563 1203 2653 1260; x_wconf 77' lang='grc' dir='ltr'><strong>καὶ</strong></span> <span class='ocrx_word' id='word_1_520' title='bbox 2680 1201 2746 1260; x_wconf 80' lang='grc' dir='ltr'><strong>τὰ</strong></span> <span class='ocrx_word' id='word_1_521' title='bbox 2764 1202 2956 1260; x_wconf 81' lang='grc' dir='ltr'>δούλων</span> <span class='ocrx_word' id='word_1_522' title='bbox 2985 1203 3304 1278; x_wconf 76' lang='grc' dir='ltr'>ἐργάζονται·</span> 
     </span>
     <span class='ocr_line' id='line_1_69' title="bbox 1758 1287 3308 1364; baseline -0.002 -15"><span class='ocrx_word' id='word_1_523' title='bbox 1758 1291 1963 1350; x_wconf 82' lang='grc' dir='ltr'>Ἰνδοῖσι</span> <span class='ocrx_word' id='word_1_524' title='bbox 1992 1289 2046 1347; x_wconf 83' lang='grc' dir='ltr'><strong>δὲ</strong></span> <span class='ocrx_word' id='word_1_525' title='bbox 2076 1289 2191 1347; x_wconf 78' lang='grc' dir='ltr'>οὐδὲ</span> <span class='ocrx_word' id='word_1_526' title='bbox 2216 1289 2368 1355; x_wconf 81' lang='grc' dir='ltr'>ἄλλος</span> <span class='ocrx_word' id='word_1_527' title='bbox 2399 1288 2574 1354; x_wconf 89' lang='grc' dir='ltr'>δοῦλός</span> <span class='ocrx_word' id='word_1_528' title='bbox 2608 1290 2718 1346; x_wconf 85' lang='grc' dir='ltr'>ἐστι</span> <span class='ocrx_word' id='word_1_529' title='bbox 2756 1287 2883 1364; x_wconf 83' lang='grc' dir='ltr'>μήτι</span> <span class='ocrx_word' id='word_1_530' title='bbox 2916 1311 2975 1364; x_wconf 90' lang='grc' dir='ltr'><strong>γε</strong></span> <span class='ocrx_word' id='word_1_531' title='bbox 3010 1287 3185 1346; x_wconf 83' lang='grc' dir='ltr'>Ἰνδῶν</span> <span class='ocrx_word' id='word_1_532' title='bbox 3213 1311 3308 1352; x_wconf 88' lang='grc' dir='ltr'>τις.</span> 
     </span>
    </p>
   </div>
   <div class='ocr_carea' id='block_1_12' title="bbox 1758 1430 3315 2471">
    <p class='ocr_par' dir='ltr' id='par_1_12' title="bbox 2488 1430 2581 1481">
     <span class='ocr_line' id='line_1_70' title="bbox 2488 1430 2581 1481; baseline 0.011 -16"><span class='ocrx_word' id='word_1_533' title='bbox 2488 1430 2581 1481; x_wconf 78' lang='grc' dir='ltr'><strong>α7.</strong></span> 
     </span>
    </p>

    <p class='ocr_par' dir='ltr' id='par_1_13' title="bbox 1758 1521 3315 2471">
     <span class='ocr_line' id='line_1_71' title="bbox 1835 1521 3311 1602; baseline -0.003 -16"><span class='ocrx_word' id='word_1_534' title='bbox 1835 1531 2036 1586; x_wconf 82' lang='lat' dir='ltr'><strong>Strabo</strong></span> <span class='ocrx_word' id='word_1_535' title='bbox 2064 1530 2187 1597; x_wconf 81' lang='lat' dir='ltr'><strong>XV,</strong></span> <span class='ocrx_word' id='word_1_536' title='bbox 2210 1548 2270 1602; x_wconf 90' lang='lat' dir='ltr'><strong>p.</strong></span> <span class='ocrx_word' id='word_1_537' title='bbox 2303 1545 2614 1602; x_wconf 86' lang='lat'>709—710</span> <span class='ocrx_word' id='word_1_538' title='bbox 2649 1545 2661 1583; x_wconf 71' lang='grc' dir='ltr'>ε</span> <span class='ocrx_word' id='word_1_539' title='bbox 2701 1525 2939 1589; x_wconf 80' lang='grc' dir='ltr'>Εὐτελεῖς</span> <span class='ocrx_word' id='word_1_540' title='bbox 2966 1521 3020 1582; x_wconf 77' lang='grc' dir='ltr'><strong>δὲ</strong></span> <span class='ocrx_word' id='word_1_541' title='bbox 3048 1526 3183 1582; x_wconf 74' lang='grc' dir='ltr'>κατὰ</span> <span class='ocrx_word' id='word_1_542' title='bbox 3215 1526 3311 1594; x_wconf 71' lang='grc' dir='ltr'><strong>τὴν</strong></span> 
     </span>
     <span class='ocr_line' id='line_1_72' title="bbox 1759 1610 3310 1690; baseline -0.004 -16"><span class='ocrx_word' id='word_1_543' title='bbox 1759 1614 1959 1674; x_wconf 86' lang='grc' dir='ltr'>δίαιταν</span> <span class='ocrx_word' id='word_1_544' title='bbox 1982 1616 2028 1673; x_wconf 75' lang='grc' dir='ltr'><strong>οἱ</strong></span> <span class='ocrx_word' id='word_1_545' title='bbox 2053 1613 2201 1674; x_wconf 83' lang='grc' dir='ltr'>Ἰνδοὶ</span> <span class='ocrx_word' id='word_1_546' title='bbox 2224 1612 2412 1680; x_wconf 80' lang='grc' dir='ltr'>πάντες</span> <span class='ocrx_word' id='word_1_547' title='bbox 2429 1656 2444 1684; x_wconf 84' lang='grc'>,</span> <span class='ocrx_word' id='word_1_548' title='bbox 2475 1614 2673 1689; x_wconf 82' lang='grc' dir='ltr'>μᾶλλον</span> <span class='ocrx_word' id='word_1_549' title='bbox 2702 1612 2747 1669; x_wconf 83' lang='grc' dir='ltr'><strong>δ’</strong></span> <span class='ocrx_word' id='word_1_550' title='bbox 2772 1614 2826 1668; x_wconf 77' lang='grc' dir='ltr'><strong>ἐν</strong></span> <span class='ocrx_word' id='word_1_551' title='bbox 2853 1613 2963 1676; x_wconf 80' lang='grc' dir='ltr'>ταῖς</span> <span class='ocrx_word' id='word_1_552' title='bbox 2988 1610 3310 1690; x_wconf 81' lang='grc' dir='ltr'>στρατείαις·</span> 
     </span>
     <span class='ocr_line' id='line_1_73' title="bbox 1760 1698 3314 1779; baseline -0.005 -18"><span class='ocrx_word' id='word_1_553' title='bbox 1760 1704 1864 1761; x_wconf 76' lang='grc' dir='ltr'>οὐδ’</span> <span class='ocrx_word' id='word_1_554' title='bbox 1889 1699 2033 1779; x_wconf 50' lang='grc' dir='ltr'>όιλῳ</span> <span class='ocrx_word' id='word_1_555' title='bbox 2051 1703 2277 1779; x_wconf 82' lang='grc' dir='ltr'>περιττῷ</span> <span class='ocrx_word' id='word_1_556' title='bbox 2298 1700 2569 1778; x_wconf 83' lang='grc' dir='ltr'>χαίρουσι·</span> <span class='ocrx_word' id='word_1_557' title='bbox 2594 1701 2771 1776; x_wconf 85' lang='grc' dir='ltr'>διόπερ</span> <span class='ocrx_word' id='word_1_558' title='bbox 2796 1698 3125 1773; x_wconf 79' lang='grc' dir='ltr'>εὖκοσμοῦσι.</span> <span class='ocrx_word' id='word_1_559' title='bbox 3158 1699 3314 1758; x_wconf 79' lang='grc' dir='ltr'>Πλεί-</span> 
     </span>
     <span class='ocr_line' id='line_1_74' title="bbox 1759 1783 3312 1866; baseline -0.005 -18"><span class='ocrx_word' id='word_1_560' title='bbox 1759 1812 1855 1859; x_wconf 87' lang='grc' dir='ltr'><strong>στη</strong></span> <span class='ocrx_word' id='word_1_561' title='bbox 1886 1790 1932 1847; x_wconf 86' lang='grc' dir='ltr'><strong>δ’</strong></span> <span class='ocrx_word' id='word_1_562' title='bbox 1962 1786 2221 1866; x_wconf 76' lang='grc' dir='ltr'>ἐπιχειρία</span> <span class='ocrx_word' id='word_1_563' title='bbox 2241 1786 2363 1864; x_wconf 75' lang='grc' dir='ltr'>περὶ</span> <span class='ocrx_word' id='word_1_564' title='bbox 2386 1786 2478 1852; x_wconf 79' lang='grc' dir='ltr'><strong>τὰς</strong></span> <span class='ocrx_word' id='word_1_565' title='bbox 2504 1784 2716 1850; x_wconf 86' lang='grc' dir='ltr'>κλοπάς.</span> <span class='ocrx_word' id='word_1_566' title='bbox 2749 1787 2791 1843; x_wconf 87' lang='grc' dir='ltr'><strong>Γ</strong></span> <span class='ocrx_word' id='word_1_567' title='bbox 2794 1783 3055 1859; x_wconf 80' lang='grc' dir='ltr'>ενομένους</span> <span class='ocrx_word' id='word_1_568' title='bbox 3077 1784 3312 1860; x_wconf 78' lang='grc' dir='ltr'>(γενόμε-</span> 
     </span>
     <span class='ocr_line' id='line_1_75' title="bbox 1759 1863 3314 1951; baseline -0.004 -19"><span class='ocrx_word' id='word_1_569' title='bbox 1759 1895 1839 1939; x_wconf 88' lang='grc' dir='ltr'><strong>νος</strong></span> <span class='ocrx_word' id='word_1_570' title='bbox 1887 1876 2044 1946; x_wconf 53' lang='lat' dir='ltr'><strong>conj,</strong></span> <span class='ocrx_word' id='word_1_571' title='bbox 2089 1875 2233 1948; x_wconf 85' lang='lat' dir='ltr'><strong>Cas.)</strong></span> <span class='ocrx_word' id='word_1_572' title='bbox 2271 1873 2316 1929; x_wconf 91' lang='grc' dir='ltr'><strong>δ’</strong></span> <span class='ocrx_word' id='word_1_573' title='bbox 2357 1863 2445 1930; x_wconf 67' lang='grc' dir='ltr'><strong>οὗν</strong></span> <span class='ocrx_word' id='word_1_574' title='bbox 2484 1872 2536 1929; x_wconf 75' lang='grc' dir='ltr'><strong>ἐν</strong></span> <span class='ocrx_word' id='word_1_575' title='bbox 2570 1874 2645 1951; x_wconf 80' lang='grc' dir='ltr'><strong>τῷ</strong></span> <span class='ocrx_word' id='word_1_576' title='bbox 2678 1868 3061 1948; x_wconf 83' lang='grc' dir='ltr'>Σανδροκόττου</span> <span class='ocrx_word' id='word_1_577' title='bbox 3095 1891 3314 1947; x_wconf 82' lang='grc' dir='ltr'>στρατο-</span> 
     </span>
     <span class='ocr_line' id='line_1_76' title="bbox 1758 1956 3314 2039; baseline -0.004 -21"><span class='ocrx_word' id='word_1_578' title='bbox 1758 1961 1900 2039; x_wconf 80' lang='grc' dir='ltr'>πέδῳ</span> <span class='ocrx_word' id='word_1_579' title='bbox 1924 1961 2079 2039; x_wconf 82' lang='grc' dir='ltr'>φησὶν</span> <span class='ocrx_word' id='word_1_580' title='bbox 2104 1963 2133 2017; x_wconf 79' lang='grc' dir='ltr'><strong>ὁ</strong></span> <span class='ocrx_word' id='word_1_581' title='bbox 2163 1957 2621 2037; x_wconf 74' lang='grc' dir='ltr'>Μεγασθένης,</span> <span class='ocrx_word' id='word_1_582' title='bbox 2648 1956 3024 2037; x_wconf 84' lang='grc' dir='ltr'>τετταράκοντα</span> <span class='ocrx_word' id='word_1_583' title='bbox 3051 1956 3314 2035; x_wconf 80' lang='grc' dir='ltr'>μυριάδων</span> 
     </span>
     <span class='ocr_line' id='line_1_77' title="bbox 1761 2043 3314 2127; baseline -0.003 -23"><span class='ocrx_word' id='word_1_584' title='bbox 1761 2047 1985 2116; x_wconf 77' lang='grc' dir='ltr'>πλήθους</span> <span class='ocrx_word' id='word_1_585' title='bbox 2011 2047 2310 2127; x_wconf 77' lang='grc' dir='ltr'>ἱδρυμένου,</span> <span class='ocrx_word' id='word_1_586' title='bbox 2331 2046 2591 2123; x_wconf 86' lang='grc' dir='ltr'>μηδεμίαν</span> <span class='ocrx_word' id='word_1_587' title='bbox 2616 2044 2815 2123; x_wconf 77' lang='grc' dir='ltr'>ἡμέραν</span> <span class='ocrx_word' id='word_1_588' title='bbox 2841 2045 2962 2102; x_wconf 80' lang='grc' dir='ltr'>ἰδεῖν</span> <span class='ocrx_word' id='word_1_589' title='bbox 2992 2043 3314 2120; x_wconf 82' lang='grc' dir='ltr'>ἀνηνεγμὲνα</span> 
     </span>
     <span class='ocr_line' id='line_1_78' title="bbox 1761 2127 3315 2210; baseline -0.005 -17"><span class='ocrx_word' id='word_1_590' title='bbox 1761 2128 2042 2209; x_wconf 73' lang='grc' dir='ltr'>κλέμματα</span> <span class='ocrx_word' id='word_1_591' title='bbox 2065 2134 2312 2191; x_wconf 89' lang='grc' dir='ltr'>πλειόνων</span> <span class='ocrx_word' id='word_1_592' title='bbox 2340 2132 2375 2203; x_wconf 78' lang='grc' dir='ltr'>ἢ</span> <span class='ocrx_word' id='word_1_593' title='bbox 2401 2131 2676 2191; x_wconf 86' lang='grc' dir='ltr'>διακοσίων</span> <span class='ocrx_word' id='word_1_594' title='bbox 2704 2133 2954 2210; x_wconf 81' lang='grc' dir='ltr'>δραχμῶν</span> <span class='ocrx_word' id='word_1_595' title='bbox 2982 2127 3127 2201; x_wconf 78' lang='grc' dir='ltr'>ἄξια,</span> <span class='ocrx_word' id='word_1_596' title='bbox 3156 2130 3315 2208; x_wconf 72' lang='grc' dir='ltr'>ἀγρά-</span> 
     </span>
     <span class='ocr_line' id='line_1_79' title="bbox 1766 2215 3314 2299; baseline -0.003 -23"><span class='ocrx_word' id='word_1_597' title='bbox 1766 2242 1875 2299; x_wconf 78' lang='grc' dir='ltr'>φοις</span> <span class='ocrx_word' id='word_1_598' title='bbox 1903 2218 1994 2278; x_wconf 71' lang='grc' dir='ltr'><strong>καὶ</strong></span> <span class='ocrx_word' id='word_1_599' title='bbox 2017 2225 2180 2277; x_wconf 85' lang='grc' dir='ltr'>ταῦτα</span> <span class='ocrx_word' id='word_1_600' title='bbox 2201 2217 2374 2293; x_wconf 85' lang='grc' dir='ltr'>νόμοις</span> <span class='ocrx_word' id='word_1_601' title='bbox 2399 2218 2704 2297; x_wconf 78' lang='grc' dir='ltr'>χρωμένοις.</span> <span class='ocrx_word' id='word_1_602' title='bbox 2744 2219 2810 2293; x_wconf 72' lang='grc'>(2)</span> <span class='ocrx_word' id='word_1_603' title='bbox 2844 2215 2984 2276; x_wconf 73' lang='grc' dir='ltr'>Οὐδὲ</span> <span class='ocrx_word' id='word_1_604' title='bbox 3011 2215 3111 2294; x_wconf 69' lang='grc' dir='ltr'><strong>γὰρ</strong></span> <span class='ocrx_word' id='word_1_605' title='bbox 3137 2217 3314 2293; x_wconf 83' lang='grc' dir='ltr'>γράμ-</span> 
     </span>
     <span class='ocr_line' id='line_1_80' title="bbox 1766 2300 3313 2380; baseline -0.004 -17"><span class='ocrx_word' id='word_1_606' title='bbox 1766 2329 1909 2380; x_wconf 87' lang='grc' dir='ltr'>ματα</span> <span class='ocrx_word' id='word_1_607' title='bbox 1935 2303 2121 2364; x_wconf 81' lang='grc' dir='ltr'>εἰδέναι</span> <span class='ocrx_word' id='word_1_608' title='bbox 2149 2304 2356 2376; x_wconf 71' lang='grc' dir='ltr'>αὐτοὺς,</span> <span class='ocrx_word' id='word_1_609' title='bbox 2385 2306 2500 2363; x_wconf 78' lang='grc' dir='ltr'>ἀλλ’</span> <span class='ocrx_word' id='word_1_610' title='bbox 2528 2303 2632 2360; x_wconf 78' lang='grc' dir='ltr'><strong>ἀπὸ</strong></span> <span class='ocrx_word' id='word_1_611' title='bbox 2654 2301 2863 2379; x_wconf 80' lang='grc' dir='ltr'>μνήμης</span> <span class='ocrx_word' id='word_1_612' title='bbox 2885 2300 3080 2359; x_wconf 80' lang='grc' dir='ltr'>ἕκαστα</span> <span class='ocrx_word' id='word_1_613' title='bbox 3106 2303 3313 2359; x_wconf 83' lang='grc' dir='ltr'>διοικεῖ-</span> 
     </span>
     <span class='ocr_line' id='line_1_81' title="bbox 1765 2384 3315 2471; baseline -0.006 -20"><span class='ocrx_word' id='word_1_614' title='bbox 1765 2398 1883 2452; x_wconf 85' lang='grc' dir='ltr'>σθαι</span> <span class='ocrx_word' id='word_1_615' title='bbox 1917 2394 1984 2469; x_wconf 78' lang='grc'><strong>(’)</strong></span> <span class='ocrx_word' id='word_1_616' title='bbox 2005 2416 2017 2430; x_wconf 93' lang='grc'><em>·</em></span> <span class='ocrx_word' id='word_1_617' title='bbox 2047 2384 2104 2451; x_wconf 67' lang='grc' dir='ltr'><strong>εὖ</strong></span> <span class='ocrx_word' id='word_1_618' title='bbox 2148 2391 2390 2471; x_wconf 82' lang='grc' dir='ltr'>πράττειν</span> <span class='ocrx_word' id='word_1_619' title='bbox 2436 2393 2482 2449; x_wconf 85' lang='grc' dir='ltr'><strong>δ’</strong></span> <span class='ocrx_word' id='word_1_620' title='bbox 2516 2390 2655 2466; x_wconf 84' lang='grc' dir='ltr'>ὅμως</span> <span class='ocrx_word' id='word_1_621' title='bbox 2683 2390 2769 2448; x_wconf 80' lang='grc' dir='ltr'><strong>διὰ</strong></span> <span class='ocrx_word' id='word_1_622' title='bbox 2798 2389 2891 2458; x_wconf 74' lang='grc' dir='ltr'><strong>τὴν</strong></span> <span class='ocrx_word' id='word_1_623' title='bbox 2925 2387 3196 2456; x_wconf 81' lang='grc' dir='ltr'>ἁπλότητα</span> <span class='ocrx_word' id='word_1_624' title='bbox 3226 2387 3315 2444; x_wconf 74' lang='grc' dir='ltr'><strong>καὶ</strong></span> 
     </span>
    </p>
   </div>
   <div class='ocr_carea' id='block_1_13' title="bbox 1767 2527 3328 3357">
    <p class='ocr_par' dir='ltr' id='par_1_14' title="bbox 1767 2527 3328 3357">
     <span class='ocr_line' id='line_1_82' title="bbox 1827 2527 3312 2594; baseline -0.007 -11"><span class='ocrx_word' id='word_1_625' title='bbox 1827 2533 1888 2594; x_wconf 72' lang='grc' dir='ltr'>(Ἴ</span> <span class='ocrx_word' id='word_1_626' title='bbox 1932 2530 2334 2582; x_wconf 84' lang='lat' dir='ltr'><strong>Schwanbeckius</strong></span> <span class='ocrx_word' id='word_1_627' title='bbox 2367 2531 2399 2579; x_wconf 93' lang='grc' dir='ltr'><strong>Ι.</strong></span> <span class='ocrx_word' id='word_1_628' title='bbox 2426 2529 2461 2580; x_wconf 90' lang='lat' dir='ltr'><strong>l.</strong></span> <span class='ocrx_word' id='word_1_629' title='bbox 2492 2543 2537 2591; x_wconf 86' lang='lat' dir='ltr'><strong>p.</strong></span> <span class='ocrx_word' id='word_1_630' title='bbox 2567 2535 2618 2578; x_wconf 80' lang='grc'><strong>51</strong></span> <span class='ocrx_word' id='word_1_631' title='bbox 2653 2543 2665 2576; x_wconf 91' lang='lat'>:</span> <span class='ocrx_word' id='word_1_632' title='bbox 2693 2547 2717 2572; x_wconf 79' lang='grc' dir='ltr'><strong>«ι</strong></span> <span class='ocrx_word' id='word_1_633' title='bbox 2744 2532 2907 2589; x_wconf 82' lang='lat' dir='ltr'><strong>Neque</strong></span> <span class='ocrx_word' id='word_1_634' title='bbox 2929 2527 3008 2589; x_wconf 90' lang='lat' dir='ltr'><strong>qui</strong></span> <span class='ocrx_word' id='word_1_635' title='bbox 3038 2540 3133 2575; x_wconf 85' lang='lat' dir='ltr'><strong>uon</strong></span> <span class='ocrx_word' id='word_1_636' title='bbox 3175 2527 3312 2584; x_wconf 81' lang='lat' dir='ltr'><strong>igno-</strong></span> 
     </span>
     <span class='ocr_line' id='line_1_83' title="bbox 1772 2596 3320 2663; baseline -0.005 -12"><span class='ocrx_word' id='word_1_637' title='bbox 1772 2604 1848 2651; x_wconf 85' lang='lat' dir='ltr'><strong>rat</strong></span> <span class='ocrx_word' id='word_1_638' title='bbox 1869 2601 2203 2663; x_wconf 82' lang='lat' dir='ltr'><strong>antiquitatem</strong></span> <span class='ocrx_word' id='word_1_639' title='bbox 2235 2599 2477 2659; x_wconf 87' lang='lat' dir='ltr'><strong>lndicam‚</strong></span> <span class='ocrx_word' id='word_1_640' title='bbox 2511 2597 2628 2660; x_wconf 87' lang='lat' dir='ltr'><strong>quin</strong></span> <span class='ocrx_word' id='word_1_641' title='bbox 2660 2611 2743 2659; x_wconf 89' lang='lat' dir='ltr'><strong>per</strong></span> <span class='ocrx_word' id='word_1_642' title='bbox 2776 2610 2984 2646; x_wconf 86' lang='lat' dir='ltr'><strong>errorem</strong></span> <span class='ocrx_word' id='word_1_643' title='bbox 3007 2596 3180 2644; x_wconf 82' lang='lat' dir='ltr'><strong>dixerit</strong></span> <span class='ocrx_word' id='word_1_644' title='bbox 3214 2596 3320 2656; x_wconf 89' lang='lat' dir='ltr'><strong>ille,</strong></span> 
     </span>
     <span class='ocr_line' id='line_1_84' title="bbox 1767 2666 3323 2733; baseline -0.004 -14"><span class='ocrx_word' id='word_1_645' title='bbox 1767 2671 1895 2733; x_wconf 85' lang='lat' dir='ltr'><strong>apud</strong></span> <span class='ocrx_word' id='word_1_646' title='bbox 1916 2671 2057 2721; x_wconf 81' lang='lat' dir='ltr'><strong>lndos</strong></span> <span class='ocrx_word' id='word_1_647' title='bbox 2077 2671 2408 2732; x_wconf 80' lang='lat' dir='ltr'><strong>scriptasleges</strong></span> <span class='ocrx_word' id='word_1_648' title='bbox 2427 2682 2524 2718; x_wconf 90' lang='lat' dir='ltr'><strong>non</strong></span> <span class='ocrx_word' id='word_1_649' title='bbox 2547 2669 2721 2727; x_wconf 75' lang='lat' dir='ltr'><strong>valere,</strong></span> <span class='ocrx_word' id='word_1_650' title='bbox 2737 2668 2872 2717; x_wconf 83' lang='lat' dir='ltr'><strong>facile</strong></span> <span class='ocrx_word' id='word_1_651' title='bbox 2888 2666 3143 2716; x_wconf 84' lang='lat' dir='ltr'><strong>dubitabit.</strong></span> <span class='ocrx_word' id='word_1_652' title='bbox 3170 2666 3323 2726; x_wconf 74' lang='lat' dir='ltr'><strong>Cujus</strong></span> 
     </span>
     <span class='ocr_line' id='line_1_85' title="bbox 1768 2735 3322 2801; baseline -0.003 -14"><span class='ocrx_word' id='word_1_653' title='bbox 1768 2740 1943 2788; x_wconf 82' lang='lat' dir='ltr'><strong>erroris</strong></span> <span class='ocrx_word' id='word_1_654' title='bbox 1966 2751 2108 2788; x_wconf 85' lang='lat' dir='ltr'><strong>causa</strong></span> <span class='ocrx_word' id='word_1_655' title='bbox 2129 2742 2288 2801; x_wconf 86' lang='lat' dir='ltr'><strong>potest</strong></span> <span class='ocrx_word' id='word_1_656' title='bbox 2307 2738 2484 2800; x_wconf 80' lang='lat' dir='ltr'><strong>duplex</strong></span> <span class='ocrx_word' id='word_1_657' title='bbox 2518 2739 2661 2787; x_wconf 81' lang='lat' dir='ltr'><strong>fuisse</strong></span> <span class='ocrx_word' id='word_1_658' title='bbox 2683 2756 2696 2786; x_wconf 70' lang='grc' dir='ltr'><strong>ε</strong></span> <span class='ocrx_word' id='word_1_659' title='bbox 2727 2750 2838 2785; x_wconf 88' lang='lat' dir='ltr'><strong>nam</strong></span> <span class='ocrx_word' id='word_1_660' title='bbox 2867 2749 2965 2786; x_wconf 88' lang='lat' dir='ltr'><strong>non</strong></span> <span class='ocrx_word' id='word_1_661' title='bbox 2997 2735 3140 2784; x_wconf 90' lang='lat' dir='ltr'><strong>modo</strong></span> <span class='ocrx_word' id='word_1_662' title='bbox 3163 2735 3322 2785; x_wconf 82' lang='lat' dir='ltr'><strong>adbuc</strong></span> 
     </span>
     <span class='ocr_line' id='line_1_86' title="bbox 1773 2804 3320 2871; baseline -0.004 -14"><span class='ocrx_word' id='word_1_663' title='bbox 1773 2808 2110 2871; x_wconf 84' lang='lat' dir='ltr'><strong>peregrinatori</strong></span> <span class='ocrx_word' id='word_1_664' title='bbox 2136 2820 2262 2870; x_wconf 77' lang='lat' dir='ltr'><strong>aegre</strong></span> <span class='ocrx_word' id='word_1_665' title='bbox 2292 2806 2486 2856; x_wconf 75' lang='lat' dir='ltr'><strong>obvenit</strong></span> <span class='ocrx_word' id='word_1_666' title='bbox 2505 2807 2696 2856; x_wconf 84' lang='lat' dir='ltr'><strong>occasio</strong></span> <span class='ocrx_word' id='word_1_667' title='bbox 2732 2807 2929 2866; x_wconf 84' lang='lat' dir='ltr'><strong>scriptas</strong></span> <span class='ocrx_word' id='word_1_668' title='bbox 2951 2805 3075 2866; x_wconf 76' lang='lat' dir='ltr'><strong>leges</strong></span> <span class='ocrx_word' id='word_1_669' title='bbox 3096 2804 3320 2864; x_wconf 78' lang='lat' dir='ltr'><strong>videndi,</strong></span> 
     </span>
     <span class='ocr_line' id='line_1_87' title="bbox 1770 2873 3322 2941; baseline -0.004 -15"><span class='ocrx_word' id='word_1_670' title='bbox 1770 2892 1920 2941; x_wconf 89' lang='lat' dir='ltr'><strong>quum</strong></span> <span class='ocrx_word' id='word_1_671' title='bbox 1942 2879 2222 2927; x_wconf 74' lang='lat' dir='ltr'><strong>Brahmanae</strong></span> <span class='ocrx_word' id='word_1_672' title='bbox 2252 2877 2300 2926; x_wconf 91' lang='lat' dir='ltr'><strong>in</strong></span> <span class='ocrx_word' id='word_1_673' title='bbox 2324 2877 2556 2926; x_wconf 85' lang='lat' dir='ltr'><strong>memoria</strong></span> <span class='ocrx_word' id='word_1_674' title='bbox 2586 2876 2793 2924; x_wconf 86' lang='lat' dir='ltr'><strong>babeant</strong></span> <span class='ocrx_word' id='word_1_675' title='bbox 2814 2875 2970 2934; x_wconf 72' lang='lat' dir='ltr'><strong>legum</strong></span> <span class='ocrx_word' id='word_1_676' title='bbox 2993 2873 3205 2922; x_wconf 80' lang='lat' dir='ltr'><strong>codicem</strong></span> <span class='ocrx_word' id='word_1_677' title='bbox 3237 2888 3322 2921; x_wconf 84' lang='lat' dir='ltr'><strong>ne-</strong></span> 
     </span>
     <span class='ocr_line' id='line_1_88' title="bbox 1769 2943 3324 3010; baseline -0.003 -14"><span class='ocrx_word' id='word_1_678' title='bbox 1769 2961 1863 3010; x_wconf 87' lang='lat' dir='ltr'><strong>que</strong></span> <span class='ocrx_word' id='word_1_679' title='bbox 1885 2949 1934 2996; x_wconf 91' lang='lat' dir='ltr'><strong>in</strong></span> <span class='ocrx_word' id='word_1_680' title='bbox 1956 2947 2189 3010; x_wconf 84' lang='lat' dir='ltr'><strong>judicium</strong></span> <span class='ocrx_word' id='word_1_681' title='bbox 2210 2950 2488 3009; x_wconf 84' lang='lat' dir='ltr'><strong>apportent,</strong></span> <span class='ocrx_word' id='word_1_682' title='bbox 2511 2946 2596 2995; x_wconf 88' lang='lat' dir='ltr'><strong>sed</strong></span> <span class='ocrx_word' id='word_1_683' title='bbox 2622 2947 2767 2994; x_wconf 84' lang='lat' dir='ltr'><strong>etiam</strong></span> <span class='ocrx_word' id='word_1_684' title='bbox 2797 2944 2902 2994; x_wconf 83' lang='lat' dir='ltr'><strong>lndi</strong></span> <span class='ocrx_word' id='word_1_685' title='bbox 2936 2956 3049 2992; x_wconf 89' lang='lat' dir='ltr'><strong>cum</strong></span> <span class='ocrx_word' id='word_1_686' title='bbox 3076 2943 3324 2992; x_wconf 74' lang='lat' dir='ltr'><strong>manifesta</strong></span> 
     </span>
     <span class='ocr_line' id='line_1_89' title="bbox 1769 3015 3324 3079; baseline -0.003 -15"><span class='ocrx_word' id='word_1_687' title='bbox 1769 3017 1977 3078; x_wconf 86' lang='lat' dir='ltr'><strong>quadam</strong></span> <span class='ocrx_word' id='word_1_688' title='bbox 1997 3031 2138 3066; x_wconf 84' lang='lat' dir='ltr'><strong>causa</strong></span> <span class='ocrx_word' id='word_1_689' title='bbox 2159 3017 2307 3077; x_wconf 83' lang='lat' dir='ltr'><strong>legem</strong></span> <span class='ocrx_word' id='word_1_690' title='bbox 2326 3017 2565 3079; x_wconf 86' lang='lat' dir='ltr'><strong>appellant</strong></span> <span class='ocrx_word' id='word_1_691' title='bbox 2582 3018 2784 3070; x_wconf 52' lang='lat' dir='ltr'><strong>,emirati</strong></span> <span class='ocrx_word' id='word_1_692' title='bbox 2798 3019 2815 3075; x_wconf 87' lang='lat'>(</span> <span class='ocrx_word' id='word_1_693' title='bbox 2830 3015 2862 3064; x_wconf 90' lang='lat' dir='ltr'><strong>i.</strong></span> <span class='ocrx_word' id='word_1_694' title='bbox 2883 3027 2925 3063; x_wconf 87' lang='lat' dir='ltr'><strong>e.</strong></span> <span class='ocrx_word' id='word_1_695' title='bbox 2945 3016 3100 3073; x_wconf 78' lang='grc' dir='ltr'>μνήμη</span> <span class='ocrx_word' id='word_1_696' title='bbox 3115 3049 3128 3072; x_wconf 90' lang='grc'>,</span> <span class='ocrx_word' id='word_1_697' title='bbox 3148 3026 3324 3061; x_wconf 88' lang='lat' dir='ltr'><strong>memo·</strong></span> 
     </span>
     <span class='ocr_line' id='line_1_90' title="bbox 1771 3082 3328 3148; baseline -0.004 -13"><span class='ocrx_word' id='word_1_698' title='bbox 1771 3087 1903 3147; x_wconf 87' lang='lat' dir='ltr'><strong>ria);</strong></span> <span class='ocrx_word' id='word_1_699' title='bbox 1928 3087 2092 3148; x_wconf 87' lang='lat' dir='ltr'><strong>itaque</strong></span> <span class='ocrx_word' id='word_1_700' title='bbox 2107 3088 2190 3148; x_wconf 88' lang='lat' dir='ltr'><strong>qui</strong></span> <span class='ocrx_word' id='word_1_701' title='bbox 2211 3086 2354 3147; x_wconf 80' lang='lat' dir='ltr'><strong>hujus</strong></span> <span class='ocrx_word' id='word_1_702' title='bbox 2371 3087 2436 3134; x_wconf 90' lang='lat' dir='ltr'><strong>rei</strong></span> <span class='ocrx_word' id='word_1_703' title='bbox 2458 3087 2648 3147; x_wconf 86' lang='lat' dir='ltr'><strong>ignarus</strong></span> <span class='ocrx_word' id='word_1_704' title='bbox 2669 3087 2800 3142; x_wconf 85' lang='lat' dir='ltr'><strong>erat,</strong></span> <span class='ocrx_word' id='word_1_705' title='bbox 2827 3083 3088 3132; x_wconf 82' lang='lat' dir='ltr'><strong>necessario</strong></span> <span class='ocrx_word' id='word_1_706' title='bbox 3124 3083 3169 3129; x_wconf 88' lang='lat' dir='ltr'><strong>iu</strong></span> <span class='ocrx_word' id='word_1_707' title='bbox 3199 3082 3328 3130; x_wconf 85' lang='lat' dir='ltr'><strong>bunc</strong></span> 
     </span>
     <span class='ocr_line' id='line_1_91' title="bbox 1774 3151 3325 3216; baseline -0.005 -11"><span class='ocrx_word' id='word_1_708' title='bbox 1774 3156 1971 3205; x_wconf 90' lang='lat' dir='ltr'><strong>modum</strong></span> <span class='ocrx_word' id='word_1_709' title='bbox 2013 3156 2322 3206; x_wconf 82' lang='lat' dir='ltr'><strong>ratiocinatus</strong></span> <span class='ocrx_word' id='word_1_710' title='bbox 2346 3158 2444 3211; x_wconf 85' lang='lat' dir='ltr'><strong>est.</strong></span> <span class='ocrx_word' id='word_1_711' title='bbox 2467 3155 2666 3216; x_wconf 86' lang='lat' dir='ltr'><strong>scriptas</strong></span> <span class='ocrx_word' id='word_1_712' title='bbox 2701 3166 2797 3212; x_wconf 85' lang='lat' dir='ltr'><strong>non</strong></span> <span class='ocrx_word' id='word_1_713' title='bbox 2830 3155 3018 3201; x_wconf 77' lang='lat' dir='ltr'><strong>exstare</strong></span> <span class='ocrx_word' id='word_1_714' title='bbox 3056 3151 3206 3212; x_wconf 71' lang='lat' dir='ltr'><strong>legeS,</strong></span> <span class='ocrx_word' id='word_1_715' title='bbox 3244 3151 3325 3198; x_wconf 88' lang='lat' dir='ltr'><strong>ubi</strong></span> 
     </span>
     <span class='ocr_line' id='line_1_92' title="bbox 1774 3222 3322 3284; baseline -0.005 -10"><span class='ocrx_word' id='word_1_716' title='bbox 1774 3226 2043 3284; x_wconf 78' lang='lat' dir='ltr'><strong>iudicentur</strong></span> <span class='ocrx_word' id='word_1_717' title='bbox 2061 3239 2122 3275; x_wconf 78' lang='lat' dir='ltr'><strong>ex</strong></span> <span class='ocrx_word' id='word_1_718' title='bbox 2142 3226 2369 3275; x_wconf 87' lang='lat' dir='ltr'><strong>memoria</strong></span> <span class='ocrx_word' id='word_1_719' title='bbox 2387 3224 2566 3273; x_wconf 89' lang='lat' dir='ltr'><strong>omnia.</strong></span> <span class='ocrx_word' id='word_1_720' title='bbox 2633 3225 2705 3272; x_wconf 86' lang='lat' dir='ltr'><strong>lta</strong></span> <span class='ocrx_word' id='word_1_721' title='bbox 2740 3235 2800 3271; x_wconf 91' lang='lat' dir='ltr'><strong>ue</strong></span> <span class='ocrx_word' id='word_1_722' title='bbox 2816 3222 2958 3271; x_wconf 81' lang='lat' dir='ltr'><strong>etiam</strong></span> <span class='ocrx_word' id='word_1_723' title='bbox 2981 3222 3224 3270; x_wconf 79' lang='lat' dir='ltr'><strong>Nearchus</strong></span> <span class='ocrx_word' id='word_1_724' title='bbox 3241 3234 3322 3281; x_wconf 86' lang='lat' dir='ltr'><strong>ap.</strong></span> 
     </span>
     <span class='ocr_line' id='line_1_93' title="bbox 1777 3289 3326 3357; baseline -0.004 -13"><span class='ocrx_word' id='word_1_725' title='bbox 1777 3295 1935 3344; x_wconf 79' lang='lat' dir='ltr'><strong>strab.</strong></span> <span class='ocrx_word' id='word_1_726' title='bbox 1959 3308 2008 3357; x_wconf 83' lang='lat' dir='ltr'><strong>p.</strong></span> <span class='ocrx_word' id='word_1_727' title='bbox 2026 3299 2117 3345; x_wconf 85' lang='lat'><strong>716</strong></span> <span class='ocrx_word' id='word_1_728' title='bbox 2137 3293 2514 3355; x_wconf 64' lang='lat' dir='ltr'><strong>contenditssobc</strong></span> <span class='ocrx_word' id='word_1_729' title='bbox 2527 3293 2693 3354; x_wconf 83' lang='grc' dir='ltr'>νόμους</span> <span class='ocrx_word' id='word_1_730' title='bbox 2748 3293 2941 3354; x_wconf 80' lang='grc' dir='ltr'>γράφους</span> <span class='ocrx_word' id='word_1_731' title='bbox 2959 3292 3102 3350; x_wconf 86' lang='grc' dir='ltr'>εἶναι,</span> <span class='ocrx_word' id='word_1_732' title='bbox 3126 3295 3173 3339; x_wconf 85' lang='lat' dir='ltr'><strong>et</strong></span> <span class='ocrx_word' id='word_1_733' title='bbox 3198 3289 3326 3351; x_wconf 82' lang='lat' dir='ltr'><strong>quod</strong></span> 
     </span>
    </p>
   </div>
   <div class='ocr_carea' id='block_1_14' title="bbox 1770 3439 3354 5358">
    <p class='ocr_par' dir='ltr' id='par_1_15' title="bbox 1770 3439 3334 4421">
     <span class='ocr_line' id='line_1_94' title="bbox 1770 3439 3330 3514; baseline -0.003 -21"><span class='ocrx_word' id='word_1_734' title='bbox 1770 3449 1820 3493; x_wconf 81' lang='lat' dir='ltr'><strong>et</strong></span> <span class='ocrx_word' id='word_1_735' title='bbox 1842 3445 1997 3505; x_wconf 74' lang='lat' dir='ltr'><strong>maior</strong></span> <span class='ocrx_word' id='word_1_736' title='bbox 2020 3446 2102 3493; x_wconf 87' lang='lat' dir='ltr'><strong>bic</strong></span> <span class='ocrx_word' id='word_1_737' title='bbox 2124 3458 2319 3507; x_wconf 88' lang='lat' dir='ltr'><strong>quoque</strong></span> <span class='ocrx_word' id='word_1_738' title='bbox 2348 3444 2551 3493; x_wconf 86' lang='lat' dir='ltr'><strong>aliarum</strong></span> <span class='ocrx_word' id='word_1_739' title='bbox 2567 3446 2806 3491; x_wconf 86' lang='lat' dir='ltr'><strong>terrarum</strong></span> <span class='ocrx_word' id='word_1_740' title='bbox 2827 3442 3010 3514; x_wconf 50' lang='lat' dir='ltr'><strong>tiuviiffi</strong></span> <span class='ocrx_word' id='word_1_741' title='bbox 3047 3441 3130 3490; x_wconf 82' lang='lat' dir='ltr'><strong>sed</strong></span> <span class='ocrx_word' id='word_1_742' title='bbox 3172 3439 3330 3503; x_wconf 83' lang='lat' dir='ltr'><strong>Gangi</strong></span> 
     </span>
     <span class='ocr_line' id='line_1_95' title="bbox 1771 3518 3328 3584; baseline -0.003 -14"><span class='ocrx_word' id='word_1_743' title='bbox 1771 3521 1898 3570; x_wconf 81' lang='lat' dir='ltr'><strong>cedit</strong></span> <span class='ocrx_word' id='word_1_744' title='bbox 1912 3557 1929 3581; x_wconf 84' lang='lat'><strong>,</strong></span> <span class='ocrx_word' id='word_1_745' title='bbox 1948 3535 2100 3584; x_wconf 90' lang='lat' dir='ltr'><strong>quum</strong></span> <span class='ocrx_word' id='word_1_746' title='bbox 2120 3522 2168 3570; x_wconf 89' lang='lat' dir='ltr'><strong>in</strong></span> <span class='ocrx_word' id='word_1_747' title='bbox 2189 3535 2300 3571; x_wconf 90' lang='lat' dir='ltr'><strong>eum</strong></span> <span class='ocrx_word' id='word_1_748' title='bbox 2329 3533 2506 3582; x_wconf 86' lang='lat' dir='ltr'><strong>aquam</strong></span> <span class='ocrx_word' id='word_1_749' title='bbox 2524 3533 2661 3568; x_wconf 85' lang='lat' dir='ltr'><strong>suam</strong></span> <span class='ocrx_word' id='word_1_750' title='bbox 2679 3518 2927 3567; x_wconf 79' lang='lat' dir='ltr'><strong>immittat.</strong></span> <span class='ocrx_word' id='word_1_751' title='bbox 2990 3521 3059 3578; x_wconf 80' lang='grc'><strong>(6)</strong></span> <span class='ocrx_word' id='word_1_752' title='bbox 3093 3518 3166 3566; x_wconf 78' lang='lat' dir='ltr'><strong>Ait</strong></span> <span class='ocrx_word' id='word_1_753' title='bbox 3184 3530 3328 3578; x_wconf 88' lang='lat' dir='ltr'><strong>porro</strong></span> 
     </span>
     <span class='ocr_line' id='line_1_96' title="bbox 1771 3594 3328 3660; baseline -0.003 -12"><span class='ocrx_word' id='word_1_754' title='bbox 1771 3599 2098 3660; x_wconf 75' lang='lat' dir='ltr'><strong>Megasthenes</strong></span> <span class='ocrx_word' id='word_1_755' title='bbox 2129 3597 2473 3658; x_wconf 80' lang='lat' dir='ltr'><strong>longitudinem</strong></span> <span class='ocrx_word' id='word_1_756' title='bbox 2517 3596 2649 3645; x_wconf 86' lang='lat' dir='ltr'><strong>urbis</strong></span> <span class='ocrx_word' id='word_1_757' title='bbox 2676 3608 2779 3644; x_wconf 81' lang='lat' dir='ltr'><strong>esse</strong></span> <span class='ocrx_word' id='word_1_758' title='bbox 2810 3594 2874 3643; x_wconf 90' lang='lat' dir='ltr'><strong>ab</strong></span> <span class='ocrx_word' id='word_1_759' title='bbox 2908 3597 3113 3656; x_wconf 84' lang='lat' dir='ltr'><strong>utroque</strong></span> <span class='ocrx_word' id='word_1_760' title='bbox 3153 3594 3328 3653; x_wconf 87' lang='lat' dir='ltr'><strong>latere,</strong></span> 
     </span>
     <span class='ocr_line' id='line_1_97' title="bbox 1775 3672 3326 3737; baseline -0.003 -13"><span class='ocrx_word' id='word_1_761' title='bbox 1775 3689 1872 3737; x_wconf 88' lang='lat' dir='ltr'><strong>qua</strong></span> <span class='ocrx_word' id='word_1_762' title='bbox 1889 3675 2158 3737; x_wconf 82' lang='lat' dir='ltr'><strong>longissime</strong></span> <span class='ocrx_word' id='word_1_763' title='bbox 2175 3674 2436 3734; x_wconf 81' lang='lat' dir='ltr'><strong>habitatur,</strong></span> <span class='ocrx_word' id='word_1_764' title='bbox 2454 3674 2716 3723; x_wconf 84' lang='lat' dir='ltr'><strong>stadiorum</strong></span> <span class='ocrx_word' id='word_1_765' title='bbox 2735 3687 2883 3733; x_wconf 72' lang='lat' dir='ltr'><strong>Lux,</strong></span> <span class='ocrx_word' id='word_1_766' title='bbox 2904 3672 3205 3722; x_wconf 83' lang='lat' dir='ltr'><strong>latitudinem</strong></span> <span class='ocrx_word' id='word_1_767' title='bbox 3225 3686 3291 3721; x_wconf 76' lang='lat' dir='ltr'><strong>xv</strong></span> <span class='ocrx_word' id='word_1_768' title='bbox 3311 3691 3326 3734; x_wconf 69' lang='grc' dir='ltr'>ς</span> 
     </span>
     <span class='ocr_line' id='line_1_98' title="bbox 1774 3749 3325 3815; baseline -0.005 -12"><span class='ocrx_word' id='word_1_769' title='bbox 1774 3755 1843 3814; x_wconf 86' lang='grc'><strong>(7)</strong></span> <span class='ocrx_word' id='word_1_770' title='bbox 1860 3755 2130 3815; x_wconf 75' lang='lat' dir='ltr'><strong>fossamque</strong></span> <span class='ocrx_word' id='word_1_771' title='bbox 2163 3753 2269 3802; x_wconf 90' lang='lat' dir='ltr'><strong>urbi</strong></span> <span class='ocrx_word' id='word_1_772' title='bbox 2295 3752 2692 3811; x_wconf 83' lang='lat' dir='ltr'><strong>circumductam,</strong></span> <span class='ocrx_word' id='word_1_773' title='bbox 2714 3750 2964 3801; x_wconf 87' lang='lat' dir='ltr'><strong>latitudine</strong></span> <span class='ocrx_word' id='word_1_774' title='bbox 2983 3763 3068 3799; x_wconf 74' lang='lat' dir='ltr'><strong>sex</strong></span> <span class='ocrx_word' id='word_1_775' title='bbox 3082 3749 3325 3810; x_wconf 81' lang='lat' dir='ltr'><strong>jugerum,</strong></span> 
     </span>
     <span class='ocr_line' id='line_1_99' title="bbox 1773 3826 3327 3890; baseline -0.003 -11"><span class='ocrx_word' id='word_1_776' title='bbox 1773 3830 2025 3879; x_wconf 85' lang='lat' dir='ltr'><strong>altitudine</strong></span> <span class='ocrx_word' id='word_1_777' title='bbox 2057 3830 2332 3879; x_wconf 87' lang='lat' dir='ltr'><strong>cubitorum</strong></span> <span class='ocrx_word' id='word_1_778' title='bbox 2370 3839 2499 3890; x_wconf 77' lang='lat' dir='ltr'><strong>xxx;</strong></span> <span class='ocrx_word' id='word_1_779' title='bbox 2532 3841 2724 3877; x_wconf 89' lang='lat' dir='ltr'><strong>murum</strong></span> <span class='ocrx_word' id='word_1_780' title='bbox 2761 3832 2919 3876; x_wconf 83' lang='lat' dir='ltr'><strong>turres</strong></span> <span class='ocrx_word' id='word_1_781' title='bbox 2950 3826 3126 3875; x_wconf 85' lang='lat' dir='ltr'><strong>babere</strong></span> <span class='ocrx_word' id='word_1_782' title='bbox 3168 3839 3293 3875; x_wconf 71' lang='lat' dir='ltr'><strong>nnn</strong></span> <span class='ocrx_word' id='word_1_783' title='bbox 3311 3863 3327 3886; x_wconf 88' lang='lat'>‚</span> 
     </span>
     <span class='ocr_line' id='line_1_100' title="bbox 1776 3901 3334 3968; baseline -0.003 -13"><span class='ocrx_word' id='word_1_784' title='bbox 1776 3909 1936 3968; x_wconf 84' lang='lat' dir='ltr'><strong>portas</strong></span> <span class='ocrx_word' id='word_1_785' title='bbox 1954 3918 2087 3955; x_wconf 72' lang='grc' dir='ltr'>ικιτ.</span> <span class='ocrx_word' id='word_1_786' title='bbox 2116 3905 2184 3967; x_wconf 83' lang='grc'><strong>(8)</strong></span> <span class='ocrx_word' id='word_1_787' title='bbox 2199 3908 2303 3955; x_wconf 79' lang='lat' dir='ltr'><strong>Hoc</strong></span> <span class='ocrx_word' id='word_1_788' title='bbox 2320 3905 2465 3955; x_wconf 85' lang='lat' dir='ltr'><strong>etiam</strong></span> <span class='ocrx_word' id='word_1_789' title='bbox 2482 3917 2585 3954; x_wconf 80' lang='lat' dir='ltr'><strong>esse</strong></span> <span class='ocrx_word' id='word_1_790' title='bbox 2603 3903 2912 3953; x_wconf 86' lang='lat' dir='ltr'><strong>memorabile</strong></span> <span class='ocrx_word' id='word_1_791' title='bbox 2930 3906 2979 3950; x_wconf 83' lang='lat' dir='ltr'><strong>in</strong></span> <span class='ocrx_word' id='word_1_792' title='bbox 2999 3901 3151 3963; x_wconf 82' lang='lat' dir='ltr'><strong>ludia,</strong></span> <span class='ocrx_word' id='word_1_793' title='bbox 3166 3915 3334 3951; x_wconf 77' lang='lat' dir='ltr'><strong>omnes</strong></span> 
     </span>
     <span class='ocr_line' id='line_1_101' title="bbox 1778 3979 3323 4044; baseline -0.005 -12"><span class='ocrx_word' id='word_1_794' title='bbox 1778 3982 1920 4032; x_wconf 84' lang='lat' dir='ltr'><strong>Indos</strong></span> <span class='ocrx_word' id='word_1_795' title='bbox 1930 3982 2212 4032; x_wconf 77' lang='lat' dir='ltr'><strong>liberosesse</strong></span> <span class='ocrx_word' id='word_1_796' title='bbox 2225 4019 2240 4044; x_wconf 86' lang='lat'><strong>,</strong></span> <span class='ocrx_word' id='word_1_797' title='bbox 2256 3995 2413 4043; x_wconf 87' lang='lat' dir='ltr'><strong>neque</strong></span> <span class='ocrx_word' id='word_1_798' title='bbox 2424 3981 2578 4031; x_wconf 92' lang='lat' dir='ltr'><strong>ullum</strong></span> <span class='ocrx_word' id='word_1_799' title='bbox 2589 3981 2785 4030; x_wconf 86' lang='lat' dir='ltr'><strong>omnino</strong></span> <span class='ocrx_word' id='word_1_800' title='bbox 2804 3979 2976 4030; x_wconf 91' lang='lat' dir='ltr'><strong>lndum</strong></span> <span class='ocrx_word' id='word_1_801' title='bbox 2995 3991 3189 4026; x_wconf 70' lang='lat' dir='ltr'><strong>servum</strong></span> <span class='ocrx_word' id='word_1_802' title='bbox 3204 3992 3323 4027; x_wconf 61' lang='lat' dir='ltr'><strong>esse.</strong></span> 
     </span>
     <span class='ocr_line' id='line_1_102' title="bbox 1780 4054 3330 4122; baseline -0.002 -14"><span class='ocrx_word' id='word_1_803' title='bbox 1780 4063 1888 4117; x_wconf 89' lang='lat' dir='ltr'><strong>Qua</strong></span> <span class='ocrx_word' id='word_1_804' title='bbox 1910 4059 2104 4122; x_wconf 87' lang='lat' dir='ltr'><strong>quidem</strong></span> <span class='ocrx_word' id='word_1_805' title='bbox 2114 4059 2162 4107; x_wconf 90' lang='lat' dir='ltr'><strong>in</strong></span> <span class='ocrx_word' id='word_1_806' title='bbox 2182 4074 2233 4107; x_wconf 87' lang='lat' dir='ltr'><strong>re</strong></span> <span class='ocrx_word' id='word_1_807' title='bbox 2260 4058 2389 4109; x_wconf 85' lang='lat' dir='ltr'><strong>Indis</strong></span> <span class='ocrx_word' id='word_1_808' title='bbox 2402 4071 2513 4106; x_wconf 90' lang='lat' dir='ltr'><strong>cum</strong></span> <span class='ocrx_word' id='word_1_809' title='bbox 2533 4055 2899 4107; x_wconf 77' lang='lat' dir='ltr'><strong>Lacedaemoniis</strong></span> <span class='ocrx_word' id='word_1_810' title='bbox 2919 4054 3154 4103; x_wconf 77' lang='lat' dir='ltr'><strong>convenit.</strong></span> <span class='ocrx_word' id='word_1_811' title='bbox 3166 4055 3233 4116; x_wconf 82' lang='grc'><strong>(9)</strong></span> <span class='ocrx_word' id='word_1_812' title='bbox 3247 4058 3330 4105; x_wconf 83' lang='lat' dir='ltr'><strong>La·</strong></span> 
     </span>
     <span class='ocr_line' id='line_1_103' title="bbox 1778 4132 3332 4194; baseline -0.003 -8"><span class='ocrx_word' id='word_1_813' title='bbox 1778 4136 2080 4187; x_wconf 80' lang='lat' dir='ltr'><strong>cedaemoniis</strong></span> <span class='ocrx_word' id='word_1_814' title='bbox 2097 4139 2258 4186; x_wconf 85' lang='lat' dir='ltr'><strong>tamen</strong></span> <span class='ocrx_word' id='word_1_815' title='bbox 2298 4137 2490 4185; x_wconf 81' lang='lat' dir='ltr'><strong>Helotea</strong></span> <span class='ocrx_word' id='word_1_816' title='bbox 2511 4135 2633 4184; x_wconf 82' lang='lat' dir='ltr'><strong>servi</strong></span> <span class='ocrx_word' id='word_1_817' title='bbox 2681 4138 2790 4183; x_wconf 84' lang='lat' dir='ltr'><strong>sunt</strong></span> <span class='ocrx_word' id='word_1_818' title='bbox 2805 4171 2820 4194; x_wconf 89' lang='lat'><strong>,</strong></span> <span class='ocrx_word' id='word_1_819' title='bbox 2856 4132 3138 4192; x_wconf 75' lang='lat' dir='ltr'><strong>servitiaque</strong></span> <span class='ocrx_word' id='word_1_820' title='bbox 3169 4134 3332 4181; x_wconf 89' lang='lat' dir='ltr'><strong>munia</strong></span> 
     </span>
     <span class='ocr_line' id='line_1_104' title="bbox 1777 4208 3332 4274; baseline -0.003 -12"><span class='ocrx_word' id='word_1_821' title='bbox 1777 4213 1957 4262; x_wconf 85' lang='lat' dir='ltr'><strong>obeunt</strong></span> <span class='ocrx_word' id='word_1_822' title='bbox 1978 4233 1990 4261; x_wconf 92' lang='lat'>:</span> <span class='ocrx_word' id='word_1_823' title='bbox 2016 4212 2143 4263; x_wconf 77' lang='lat' dir='ltr'><strong>indis</strong></span> <span class='ocrx_word' id='word_1_824' title='bbox 2161 4226 2278 4263; x_wconf 79' lang='lat' dir='ltr'><strong>vero</strong></span> <span class='ocrx_word' id='word_1_825' title='bbox 2304 4225 2461 4274; x_wconf 87' lang='lat' dir='ltr'><strong>neque</strong></span> <span class='ocrx_word' id='word_1_826' title='bbox 2477 4212 2600 4260; x_wconf 86' lang='lat' dir='ltr'><strong>alins</strong></span> <span class='ocrx_word' id='word_1_827' title='bbox 2616 4223 2781 4260; x_wconf 76' lang='lat' dir='ltr'><strong>servus</strong></span> <span class='ocrx_word' id='word_1_828' title='bbox 2797 4213 2895 4270; x_wconf 84' lang='lat' dir='ltr'><strong>est,</strong></span> <span class='ocrx_word' id='word_1_829' title='bbox 2914 4208 3090 4258; x_wconf 87' lang='lat' dir='ltr'><strong>nedum</strong></span> <span class='ocrx_word' id='word_1_830' title='bbox 3106 4210 3332 4258; x_wconf 83' lang='lat' dir='ltr'><strong>ludorum</strong></span> 
     </span>
     <span class='ocr_line' id='line_1_105' title="bbox 1780 4289 2051 4351; baseline -0.018 -14"><span class='ocrx_word' id='word_1_831' title='bbox 1780 4289 2051 4351; x_wconf 87' lang='lat' dir='ltr'><strong>quisquam.</strong></span> 
     </span>
     <span class='ocr_line' id='line_1_106' title="bbox 2508 4372 2596 4421; baseline 0 0"><span class='ocrx_word' id='word_1_832' title='bbox 2508 4372 2574 4421; x_wconf 82' lang='lat'><strong>27</strong></span> <span class='ocrx_word' id='word_1_833' title='bbox 2585 4410 2596 4421; x_wconf 94' lang='lat'><strong>.</strong></span> 
     </span>
    </p>

    <p class='ocr_par' dir='ltr' id='par_1_16' title="bbox 1782 4450 3354 5358">
     <span class='ocr_line' id='line_1_107' title="bbox 1842 4450 3338 4514; baseline -0.003 -12"><span class='ocrx_word' id='word_1_834' title='bbox 1842 4452 1945 4502; x_wconf 85' lang='lat' dir='ltr'><strong>ludi</strong></span> <span class='ocrx_word' id='word_1_835' title='bbox 1967 4453 2014 4502; x_wconf 90' lang='lat' dir='ltr'><strong>in</strong></span> <span class='ocrx_word' id='word_1_836' title='bbox 2035 4452 2166 4502; x_wconf 84' lang='lat' dir='ltr'><strong>victu</strong></span> <span class='ocrx_word' id='word_1_837' title='bbox 2198 4452 2402 4514; x_wconf 77' lang='lat' dir='ltr'><strong>frugales</strong></span> <span class='ocrx_word' id='word_1_838' title='bbox 2419 4453 2559 4513; x_wconf 80' lang='lat' dir='ltr'><strong>sunt,</strong></span> <span class='ocrx_word' id='word_1_839' title='bbox 2585 4450 2846 4514; x_wconf 73' lang='lat' dir='ltr'><strong>pmserum</strong></span> <span class='ocrx_word' id='word_1_840' title='bbox 2865 4451 2915 4500; x_wconf 86' lang='lat' dir='ltr'><strong>in</strong></span> <span class='ocrx_word' id='word_1_841' title='bbox 2938 4451 3134 4511; x_wconf 80' lang='lat' dir='ltr'><strong>castris,</strong></span> <span class='ocrx_word' id='word_1_842' title='bbox 3156 4454 3205 4500; x_wconf 84' lang='lat' dir='ltr'><strong>et</strong></span> <span class='ocrx_word' id='word_1_843' title='bbox 3219 4451 3338 4511; x_wconf 80' lang='lat' dir='ltr'><strong>quia</strong></span> 
     </span>
     <span class='ocr_line' id='line_1_108' title="bbox 1782 4526 3329 4591; baseline -0.002 -14"><span class='ocrx_word' id='word_1_844' title='bbox 1782 4528 2145 4591; x_wconf 81' lang='lat' dir='ltr'><strong>supervacaneis</strong></span> <span class='ocrx_word' id='word_1_845' title='bbox 2175 4540 2272 4577; x_wconf 89' lang='lat' dir='ltr'><strong>non</strong></span> <span class='ocrx_word' id='word_1_846' title='bbox 2310 4527 2629 4590; x_wconf 83' lang='lat' dir='ltr'><strong>delectentur,</strong></span> <span class='ocrx_word' id='word_1_847' title='bbox 2669 4529 2842 4576; x_wconf 80' lang='lat' dir='ltr'><strong>ormtn</strong></span> <span class='ocrx_word' id='word_1_848' title='bbox 2873 4526 3076 4587; x_wconf 83' lang='lat' dir='ltr'><strong>eleganti</strong></span> <span class='ocrx_word' id='word_1_849' title='bbox 3114 4529 3329 4575; x_wconf 84' lang='lat' dir='ltr'><strong>utantur.</strong></span> 
     </span>
     <span class='ocr_line' id='line_1_109' title="bbox 1784 4605 3333 4669; baseline -0.005 -11"><span class='ocrx_word' id='word_1_850' title='bbox 1784 4610 1932 4658; x_wconf 83' lang='lat' dir='ltr'><strong>Furta</strong></span> <span class='ocrx_word' id='word_1_851' title='bbox 1949 4605 2076 4669; x_wconf 89' lang='lat' dir='ltr'><strong>apud</strong></span> <span class='ocrx_word' id='word_1_852' title='bbox 2102 4619 2185 4656; x_wconf 83' lang='lat' dir='ltr'><strong>eos</strong></span> <span class='ocrx_word' id='word_1_853' title='bbox 2211 4619 2420 4668; x_wconf 86' lang='lat' dir='ltr'><strong>perrara.</strong></span> <span class='ocrx_word' id='word_1_854' title='bbox 2461 4609 2628 4668; x_wconf 82' lang='lat' dir='ltr'><strong>ltaque</strong></span> <span class='ocrx_word' id='word_1_855' title='bbox 2657 4619 2739 4656; x_wconf 78' lang='lat' dir='ltr'><strong>eos</strong></span> <span class='ocrx_word' id='word_1_856' title='bbox 2762 4606 2915 4667; x_wconf 90' lang='lat' dir='ltr'><strong>quiin</strong></span> <span class='ocrx_word' id='word_1_857' title='bbox 2933 4607 3101 4653; x_wconf 82' lang='lat' dir='ltr'><strong>castris</strong></span> <span class='ocrx_word' id='word_1_858' title='bbox 3126 4605 3333 4655; x_wconf 81' lang='lat' dir='ltr'><strong>Sandra-</strong></span> 
     </span>
     <span class='ocr_line' id='line_1_110' title="bbox 1785 4681 3348 4745; baseline -0.003 -10"><span class='ocrx_word' id='word_1_859' title='bbox 1785 4686 1902 4735; x_wconf 85' lang='lat' dir='ltr'><strong>cotti</strong></span> <span class='ocrx_word' id='word_1_860' title='bbox 1940 4683 2116 4734; x_wconf 74' lang='lat' dir='ltr'><strong>tuerint</strong></span> <span class='ocrx_word' id='word_1_861' title='bbox 2129 4719 2143 4742; x_wconf 97' lang='lat'><strong>,</strong></span> <span class='ocrx_word' id='word_1_862' title='bbox 2189 4695 2482 4744; x_wconf 85' lang='lat' dir='ltr'><strong>quamquam</strong></span> <span class='ocrx_word' id='word_1_863' title='bbox 2521 4683 2587 4732; x_wconf 88' lang='lat' dir='ltr'><strong>ibi</strong></span> <span class='ocrx_word' id='word_1_864' title='bbox 2631 4681 3090 4745; x_wconf 79' lang='lat' dir='ltr'><strong>quadringentorum</strong></span> <span class='ocrx_word' id='word_1_865' title='bbox 3125 4682 3348 4731; x_wconf 61' lang='lat' dir='ltr'><strong>millium„</strong></span> 
     </span>
     <span class='ocr_line' id='line_1_111' title="bbox 1787 4756 3354 4818; baseline -0.005 -7"><span class='ocrx_word' id='word_1_866' title='bbox 1787 4762 2022 4811; x_wconf 85' lang='lat' dir='ltr'><strong>collocata</strong></span> <span class='ocrx_word' id='word_1_867' title='bbox 2045 4758 2304 4808; x_wconf 87' lang='lat' dir='ltr'><strong>multitudo</strong></span> <span class='ocrx_word' id='word_1_868' title='bbox 2316 4760 2441 4807; x_wconf 77' lang='lat' dir='ltr'><strong>esset</strong></span> <span class='ocrx_word' id='word_1_869' title='bbox 2456 4794 2470 4818; x_wconf 92' lang='lat'>‚</span> <span class='ocrx_word' id='word_1_870' title='bbox 2495 4759 2675 4808; x_wconf 83' lang='lat' dir='ltr'><strong>nullam</strong></span> <span class='ocrx_word' id='word_1_871' title='bbox 2693 4764 2855 4807; x_wconf 86' lang='lat' dir='ltr'><strong>tamen</strong></span> <span class='ocrx_word' id='word_1_872' title='bbox 2874 4757 3000 4806; x_wconf 88' lang='lat' dir='ltr'><strong>diem</strong></span> <span class='ocrx_word' id='word_1_873' title='bbox 3018 4756 3216 4815; x_wconf 80' lang='lat' dir='ltr'><strong>vidisse,</strong></span> <span class='ocrx_word' id='word_1_874' title='bbox 3240 4770 3354 4816; x_wconf 66' lang='lat' dir='ltr'><strong>qua-</strong></span> 
     </span>
     <span class='ocr_line' id='line_1_112' title="bbox 1789 4832 3339 4897; baseline -0.005 -10"><span class='ocrx_word' id='word_1_875' title='bbox 1789 4837 1916 4887; x_wconf 89' lang='lat' dir='ltr'><strong>ultra</strong></span> <span class='ocrx_word' id='word_1_876' title='bbox 1934 4836 2250 4885; x_wconf 83' lang='lat' dir='ltr'><strong>ducentarum</strong></span> <span class='ocrx_word' id='word_1_877' title='bbox 2267 4834 2604 4884; x_wconf 82' lang='lat' dir='ltr'><strong>drachmarum</strong></span> <span class='ocrx_word' id='word_1_878' title='bbox 2619 4834 2825 4897; x_wconf 88' lang='lat' dir='ltr'><strong>pretium</strong></span> <span class='ocrx_word' id='word_1_879' title='bbox 2839 4833 2967 4882; x_wconf 78' lang='lat' dir='ltr'><strong>furto</strong></span> <span class='ocrx_word' id='word_1_880' title='bbox 2984 4836 3138 4882; x_wconf 80' lang='lat' dir='ltr'><strong>essent</strong></span> <span class='ocrx_word' id='word_1_881' title='bbox 3156 4832 3339 4890; x_wconf 61' lang='lat' dir='ltr'><strong>abiam</strong></span> 
     </span>
     <span class='ocr_line' id='line_1_113' title="bbox 1788 4907 3336 4976; baseline -0.003 -13"><span class='ocrx_word' id='word_1_882' title='bbox 1788 4914 1933 4976; x_wconf 90' lang='lat' dir='ltr'><strong>idque</strong></span> <span class='ocrx_word' id='word_1_883' title='bbox 1969 4912 2096 4975; x_wconf 86' lang='lat' dir='ltr'><strong>apud</strong></span> <span class='ocrx_word' id='word_1_884' title='bbox 2130 4911 2270 4961; x_wconf 84' lang='lat' dir='ltr'><strong>ludos</strong></span> <span class='ocrx_word' id='word_1_885' title='bbox 2313 4910 2414 4960; x_wconf 73' lang='lat' dir='ltr'><strong>lieri</strong></span> <span class='ocrx_word' id='word_1_886' title='bbox 2454 4913 2536 4974; x_wconf 86' lang='lat' dir='ltr'><strong>qui</strong></span> <span class='ocrx_word' id='word_1_887' title='bbox 2562 4924 2659 4961; x_wconf 91' lang='lat' dir='ltr'><strong>non</strong></span> <span class='ocrx_word' id='word_1_888' title='bbox 2694 4909 2880 4972; x_wconf 85' lang='lat' dir='ltr'><strong>scriptis</strong></span> <span class='ocrx_word' id='word_1_889' title='bbox 2913 4909 3112 4957; x_wconf 84' lang='lat' dir='ltr'><strong>utantur</strong></span> <span class='ocrx_word' id='word_1_890' title='bbox 3138 4907 3336 4969; x_wconf 47' lang='lat' dir='ltr'><strong>legibus,</strong></span> 
     </span>
     <span class='ocr_line' id='line_1_114' title="bbox 1791 4984 3335 5052; baseline -0.006 -13"><span class='ocrx_word' id='word_1_891' title='bbox 1791 4993 1859 5050; x_wconf 82' lang='lat'><strong>(2)</strong></span> <span class='ocrx_word' id='word_1_892' title='bbox 1890 4994 2056 5052; x_wconf 85' lang='lat' dir='ltr'><strong>Neque</strong></span> <span class='ocrx_word' id='word_1_893' title='bbox 2066 4989 2193 5038; x_wconf 84' lang='lat' dir='ltr'><strong>enim</strong></span> <span class='ocrx_word' id='word_1_894' title='bbox 2215 4989 2376 5039; x_wconf 84' lang='lat' dir='ltr'><strong>literas</strong></span> <span class='ocrx_word' id='word_1_895' title='bbox 2396 5002 2478 5038; x_wconf 85' lang='lat' dir='ltr'><strong>eos</strong></span> <span class='ocrx_word' id='word_1_896' title='bbox 2495 5001 2631 5038; x_wconf 82' lang='lat' dir='ltr'><strong>nosse</strong></span> <span class='ocrx_word' id='word_1_897' title='bbox 2648 5024 2663 5048; x_wconf 93' lang='lat'><strong>,</strong></span> <span class='ocrx_word' id='word_1_898' title='bbox 2685 4987 2766 5036; x_wconf 82' lang='lat' dir='ltr'><strong>sed</strong></span> <span class='ocrx_word' id='word_1_899' title='bbox 2783 4984 3059 5035; x_wconf 87' lang='lat' dir='ltr'><strong>memoriter</strong></span> <span class='ocrx_word' id='word_1_900' title='bbox 3077 4984 3235 5033; x_wconf 87' lang='lat' dir='ltr'><strong>omnia</strong></span> <span class='ocrx_word' id='word_1_901' title='bbox 3251 4984 3335 5033; x_wconf 69' lang='lat' dir='ltr'><strong>ail-</strong></span> 
     </span>
     <span class='ocr_line' id='line_1_115' title="bbox 1791 5061 3336 5126; baseline -0.006 -11"><span class='ocrx_word' id='word_1_902' title='bbox 1791 5065 2058 5116; x_wconf 84' lang='lat' dir='ltr'><strong>ministrare</strong></span> <span class='ocrx_word' id='word_1_903' title='bbox 2074 5102 2089 5126; x_wconf 89' lang='lat'><strong>,</strong></span> <span class='ocrx_word' id='word_1_904' title='bbox 2116 5069 2166 5115; x_wconf 88' lang='lat' dir='ltr'><strong>et</strong></span> <span class='ocrx_word' id='word_1_905' title='bbox 2198 5066 2508 5116; x_wconf 87' lang='lat' dir='ltr'><strong>nibilominus</strong></span> <span class='ocrx_word' id='word_1_906' title='bbox 2529 5079 2604 5114; x_wconf 81' lang='lat' dir='ltr'><strong>res</strong></span> <span class='ocrx_word' id='word_1_907' title='bbox 2620 5065 2680 5119; x_wconf 75' lang='lat' dir='ltr'><strong>iis</strong></span> <span class='ocrx_word' id='word_1_908' title='bbox 2709 5074 2931 5125; x_wconf 85' lang='lat' dir='ltr'><strong>prospere</strong></span> <span class='ocrx_word' id='word_1_909' title='bbox 2951 5061 3204 5110; x_wconf 75' lang='lat' dir='ltr'><strong>succedere</strong></span> <span class='ocrx_word' id='word_1_910' title='bbox 3223 5074 3336 5122; x_wconf 83' lang='lat' dir='ltr'><strong>pro-</strong></span> 
     </span>
     <span class='ocr_line' id='line_1_116' title="bbox 1790 5140 3339 5205; baseline -0.003 -12"><span class='ocrx_word' id='word_1_911' title='bbox 1790 5146 1897 5204; x_wconf 89' lang='lat' dir='ltr'><strong>pter</strong></span> <span class='ocrx_word' id='word_1_912' title='bbox 1909 5144 2258 5205; x_wconf 83' lang='lat' dir='ltr'><strong>simplicitatem</strong></span> <span class='ocrx_word' id='word_1_913' title='bbox 2276 5147 2324 5194; x_wconf 88' lang='lat' dir='ltr'><strong>et</strong></span> <span class='ocrx_word' id='word_1_914' title='bbox 2344 5144 2453 5192; x_wconf 84' lang='lat' dir='ltr'><strong>viiae</strong></span> <span class='ocrx_word' id='word_1_915' title='bbox 2473 5143 2927 5205; x_wconf 79' lang='lat' dir='ltr'><strong>trugalitatem3nam</strong></span> <span class='ocrx_word' id='word_1_916' title='bbox 2947 5140 3106 5188; x_wconf 77' lang='lat' dir='ltr'><strong>vinum</strong></span> <span class='ocrx_word' id='word_1_917' title='bbox 3126 5152 3208 5187; x_wconf 84' lang='lat' dir='ltr'><strong>eos</strong></span> <span class='ocrx_word' id='word_1_918' title='bbox 3225 5153 3339 5188; x_wconf 88' lang='lat' dir='ltr'><strong>non-</strong></span> 
     </span>
     <span class='ocr_line' id='line_1_117' title="bbox 1792 5216 3338 5280; baseline -0.003 -12"><span class='ocrx_word' id='word_1_919' title='bbox 1792 5220 1880 5268; x_wconf 84' lang='lat' dir='ltr'><strong>nisi</strong></span> <span class='ocrx_word' id='word_1_920' title='bbox 1903 5221 1950 5268; x_wconf 91' lang='lat' dir='ltr'><strong>in</strong></span> <span class='ocrx_word' id='word_1_921' title='bbox 1967 5220 2205 5269; x_wconf 76' lang='lat' dir='ltr'><strong>sacrificiis</strong></span> <span class='ocrx_word' id='word_1_922' title='bbox 2219 5221 2396 5280; x_wconf 80' lang='lat' dir='ltr'><strong>bibere,</strong></span> <span class='ocrx_word' id='word_1_923' title='bbox 2412 5219 2572 5267; x_wconf 88' lang='lat' dir='ltr'><strong>bibere</strong></span> <span class='ocrx_word' id='word_1_924' title='bbox 2595 5231 2707 5267; x_wconf 78' lang='lat' dir='ltr'><strong>vero</strong></span> <span class='ocrx_word' id='word_1_925' title='bbox 2721 5231 2775 5266; x_wconf 80' lang='lat' dir='ltr'><strong>ex</strong></span> <span class='ocrx_word' id='word_1_926' title='bbox 2792 5230 2932 5279; x_wconf 81' lang='lat' dir='ltr'><strong>oryza</strong></span> <span class='ocrx_word' id='word_1_927' title='bbox 2950 5217 3218 5265; x_wconf 83' lang='lat' dir='ltr'><strong>confectum</strong></span> <span class='ocrx_word' id='word_1_928' title='bbox 3234 5216 3338 5264; x_wconf 76' lang='lat' dir='ltr'><strong>loro</strong></span> 
     </span>
     <span class='ocr_line' id='line_1_118' title="bbox 1794 5292 3332 5358; baseline -0.002 -16"><span class='ocrx_word' id='word_1_929' title='bbox 1794 5295 1974 5344; x_wconf 83' lang='lat' dir='ltr'><strong>bordei.</strong></span> <span class='ocrx_word' id='word_1_930' title='bbox 2000 5296 2174 5346; x_wconf 88' lang='lat' dir='ltr'><strong>Cibum</strong></span> <span class='ocrx_word' id='word_1_931' title='bbox 2198 5310 2389 5358; x_wconf 86' lang='lat' dir='ltr'><strong>quoque</strong></span> <span class='ocrx_word' id='word_1_932' title='bbox 2407 5309 2576 5357; x_wconf 79' lang='lat' dir='ltr'><strong>magna</strong></span> <span class='ocrx_word' id='word_1_933' title='bbox 2598 5309 2656 5344; x_wconf 79' lang='lat' dir='ltr'><strong>ex</strong></span> <span class='ocrx_word' id='word_1_934' title='bbox 2679 5296 2812 5356; x_wconf 86' lang='lat' dir='ltr'><strong>parte</strong></span> <span class='ocrx_word' id='word_1_935' title='bbox 2827 5305 3020 5355; x_wconf 74' lang='lat' dir='ltr'><strong>oryzam</strong></span> <span class='ocrx_word' id='word_1_936' title='bbox 3047 5305 3148 5342; x_wconf 85' lang='lat' dir='ltr'><strong>csse</strong></span> <span class='ocrx_word' id='word_1_937' title='bbox 3178 5292 3332 5341; x_wconf 88' lang='lat' dir='ltr'><strong>sorbi-</strong></span> 
     </span>
    </p>
   </div>
  </div>
 </body>
</html>
