<?xml version="1.0" encoding="UTF-8"?>
<!DOCTYPE html PUBLIC "-//W3C//DTD XHTML 1.0 Transitional//EN"
    "http://www.w3.org/TR/xhtml1/DTD/xhtml1-transitional.dtd">
<html xmlns="http://www.w3.org/1999/xhtml" xml:lang="en" lang="en">
 <head>
  <title>
</title>
<meta http-equiv="Content-Type" content="text/html;charset=utf-8" />
  <meta name='ocr-system' content='tesseract 3.04.00' />
  <meta name='ocr-capabilities' content='ocr_page ocr_carea ocr_par ocr_line ocrx_word'/>
</head>
<body>
  <div class='ocr_page' id='page_1' title='image "./fragmentahistor03unkngoog_0170.png"; bbox 0 0 3900 6042; ppageno 0'>
   <div class='ocr_carea' id='block_1_1' title="bbox 1263 484 2361 547">
    <p class='ocr_par' dir='ltr' id='par_1_1' title="bbox 1263 484 2361 547">
     <span class='ocr_line' id='line_1_1' title="bbox 1263 484 2361 547; baseline 0.002 -4"><span class='ocrx_word' id='word_1_1' title='bbox 1263 484 1838 546; x_wconf 69' lang='lat' dir='ltr'><strong>ATHENIENSIUM</strong></span> <span class='ocrx_word' id='word_1_2' title='bbox 1883 484 2361 547; x_wconf 76' lang='lat' dir='ltr'><strong>RESPUBLICA.</strong></span> 
     </span>
    </p>
   </div>
   <div class='ocr_carea' id='block_1_2' title="bbox 155 615 1706 760">
    <p class='ocr_par' dir='ltr' id='par_1_2' title="bbox 155 615 1706 760">
     <span class='ocr_line' id='line_1_2' title="bbox 155 615 1706 689; baseline -0.002 -15"><span class='ocrx_word' id='word_1_3' title='bbox 155 615 438 674; x_wconf 76' lang='lat' dir='ltr'><strong>Libellum</strong></span> <span class='ocrx_word' id='word_1_4' title='bbox 475 615 633 669; x_wconf 88' lang='lat' dir='ltr'><strong>illum</strong></span> <span class='ocrx_word' id='word_1_5' title='bbox 671 616 865 670; x_wconf 85' lang='lat' dir='ltr'><strong>Meieri</strong></span> <span class='ocrx_word' id='word_1_6' title='bbox 907 617 1141 671; x_wconf 82' lang='lat' dir='ltr'><strong>Lutetiae</strong></span> <span class='ocrx_word' id='word_1_7' title='bbox 1172 617 1446 689; x_wconf 82' lang='lat' dir='ltr'>inspicere</span> <span class='ocrx_word' id='word_1_8' title='bbox 1487 636 1604 672; x_wconf 90' lang='lat' dir='ltr'><strong>non</strong></span> <span class='ocrx_word' id='word_1_9' title='bbox 1632 619 1706 673; x_wconf 85' lang='lat' dir='ltr'><strong>li·</strong></span> 
     </span>
     <span class='ocr_line' id='line_1_3' title="bbox 155 706 284 760; baseline 0.016 -2"><span class='ocrx_word' id='word_1_10' title='bbox 155 706 284 760; x_wconf 87' lang='lat' dir='ltr'><strong>cuit.</strong></span> 
     </span>
    </p>
   </div>
   <div class='ocr_carea' id='block_1_3' title="bbox 879 832 974 891">
    <p class='ocr_par' dir='ltr' id='par_1_3' title="bbox 879 832 974 891">
     <span class='ocr_line' id='line_1_4' title="bbox 879 832 974 891; baseline 0.042 -5"><span class='ocrx_word' id='word_1_11' title='bbox 879 832 974 891; x_wconf 83' lang='lat'><strong>33.</strong></span> 
     </span>
    </p>
   </div>
   <div class='ocr_carea' id='block_1_4' title="bbox 152 962 1707 4420">
    <p class='ocr_par' dir='ltr' id='par_1_4' title="bbox 152 962 1707 1899">
     <span class='ocr_line' id='line_1_5' title="bbox 227 962 1707 1043; baseline 0.003 -20"><span class='ocrx_word' id='word_1_12' title='bbox 227 969 649 1041; x_wconf 79' lang='lat' dir='ltr'><strong>Harpocration</strong></span> <span class='ocrx_word' id='word_1_13' title='bbox 674 985 730 1024; x_wconf 80' lang='lat' dir='ltr'><strong>v.</strong></span> <span class='ocrx_word' id='word_1_14' title='bbox 760 962 929 1043; x_wconf 81' lang='grc' dir='ltr'>Κυρία</span> <span class='ocrx_word' id='word_1_15' title='bbox 958 965 1210 1034; x_wconf 73' lang='grc' dir='ltr'>ἐκκλησία</span> <span class='ocrx_word' id='word_1_16' title='bbox 1243 985 1258 1026; x_wconf 79' lang='lat' dir='ltr'><strong>t</strong></span> <span class='ocrx_word' id='word_1_17' title='bbox 1283 965 1432 1032; x_wconf 86' lang='grc' dir='ltr'>Τίνες</span> <span class='ocrx_word' id='word_1_18' title='bbox 1455 967 1511 1025; x_wconf 77' lang='grc' dir='ltr'>δὲ</span> <span class='ocrx_word' id='word_1_19' title='bbox 1531 971 1585 1026; x_wconf 78' lang='grc' dir='ltr'><strong>αἱ</strong></span> <span class='ocrx_word' id='word_1_20' title='bbox 1613 968 1707 1027; x_wconf 79' lang='grc' dir='ltr'><strong>κύ-</strong></span> 
     </span>
     <span class='ocr_line' id='line_1_6' title="bbox 154 1047 1701 1131; baseline 0.003 -23"><span class='ocrx_word' id='word_1_21' title='bbox 154 1074 254 1128; x_wconf 89' lang='grc' dir='ltr'>ριαι</span> <span class='ocrx_word' id='word_1_22' title='bbox 288 1050 602 1125; x_wconf 76' lang='grc' dir='ltr'><strong>ἐκκλησίαι,</strong></span> <span class='ocrx_word' id='word_1_23' title='bbox 637 1047 992 1128; x_wconf 71' lang='grc' dir='ltr'>Ἀριστοτέλης</span> <span class='ocrx_word' id='word_1_24' title='bbox 1028 1049 1316 1119; x_wconf 73' lang='grc' dir='ltr'>δεδήλωκεν</span> <span class='ocrx_word' id='word_1_25' title='bbox 1356 1054 1411 1111; x_wconf 70' lang='grc' dir='ltr'>ἐν</span> <span class='ocrx_word' id='word_1_26' title='bbox 1448 1057 1514 1131; x_wconf 81' lang='grc' dir='ltr'><strong>τῇ</strong></span> <span class='ocrx_word' id='word_1_27' title='bbox 1554 1053 1701 1125; x_wconf 81' lang='grc' dir='ltr'>Ἀθη·</span> 
     </span>
     <span class='ocr_line' id='line_1_7' title="bbox 155 1133 1705 1217; baseline 0.003 -24"><span class='ocrx_word' id='word_1_28' title='bbox 155 1135 308 1193; x_wconf 81' lang='grc' dir='ltr'>ναίων</span> <span class='ocrx_word' id='word_1_29' title='bbox 344 1134 627 1216; x_wconf 73' lang='grc' dir='ltr'>πολιτεία,</span> <span class='ocrx_word' id='word_1_30' title='bbox 663 1134 828 1210; x_wconf 74' lang='grc' dir='ltr'>λέγων</span> <span class='ocrx_word' id='word_1_31' title='bbox 867 1133 983 1201; x_wconf 74' lang='grc' dir='ltr'>τοὺς</span> <span class='ocrx_word' id='word_1_32' title='bbox 1023 1135 1294 1214; x_wconf 75' lang='grc' dir='ltr'>πρυτάνεις</span> <span class='ocrx_word' id='word_1_33' title='bbox 1334 1139 1573 1217; x_wconf 77' lang='grc' dir='ltr'>συνάγειν</span> <span class='ocrx_word' id='word_1_34' title='bbox 1610 1140 1705 1211; x_wconf 81' lang='grc' dir='ltr'><strong>τὴν</strong></span> 
     </span>
     <span class='ocr_line' id='line_1_8' title="bbox 161 1219 1702 1305; baseline 0.003 -26"><span class='ocrx_word' id='word_1_35' title='bbox 161 1221 347 1300; x_wconf 81' lang='grc' dir='ltr'>βουλὴν</span> <span class='ocrx_word' id='word_1_36' title='bbox 383 1222 478 1280; x_wconf 78' lang='grc' dir='ltr'><strong>καὶ</strong></span> <span class='ocrx_word' id='word_1_37' title='bbox 518 1221 608 1279; x_wconf 83' lang='grc' dir='ltr'><strong>τὸν</strong></span> <span class='ocrx_word' id='word_1_38' title='bbox 656 1222 852 1297; x_wconf 73' lang='grc' dir='ltr'>δῆμον,</span> <span class='ocrx_word' id='word_1_39' title='bbox 892 1220 986 1292; x_wconf 74' lang='grc' dir='ltr'><strong>τὴν</strong></span> <span class='ocrx_word' id='word_1_40' title='bbox 1033 1219 1129 1299; x_wconf 85' lang='grc' dir='ltr'>μὲν</span> <span class='ocrx_word' id='word_1_41' title='bbox 1182 1223 1373 1300; x_wconf 79' lang='grc' dir='ltr'>βουλὴν</span> <span class='ocrx_word' id='word_1_42' title='bbox 1414 1226 1702 1305; x_wconf 69' lang='grc' dir='ltr'>ὁσημέραι,</span> 
     </span>
     <span class='ocr_line' id='line_1_9' title="bbox 152 1301 1701 1389; baseline 0.004 -25"><span class='ocrx_word' id='word_1_43' title='bbox 152 1307 280 1376; x_wconf 79' lang='grc' dir='ltr'>πλὴν</span> <span class='ocrx_word' id='word_1_44' title='bbox 293 1306 387 1364; x_wconf 77' lang='grc' dir='ltr'>ἐάν</span> <span class='ocrx_word' id='word_1_45' title='bbox 408 1329 492 1373; x_wconf 88' lang='grc' dir='ltr'><strong>τις</strong></span> <span class='ocrx_word' id='word_1_46' title='bbox 520 1304 771 1386; x_wconf 76' lang='grc' dir='ltr'>ἄφέσιμος</span> <span class='ocrx_word' id='word_1_47' title='bbox 811 1304 1022 1384; x_wconf 76' lang='grc' dir='ltr'>(ἄφετος</span> <span class='ocrx_word' id='word_1_48' title='bbox 1041 1310 1284 1387; x_wconf 84' lang='lat' dir='ltr'><strong>Pollux)</strong></span> <span class='ocrx_word' id='word_1_49' title='bbox 1314 1301 1350 1389; x_wconf 72' lang='grc' dir='ltr'>ᾖ</span> <span class='ocrx_word' id='word_1_50' title='bbox 1373 1353 1390 1382; x_wconf 89' lang='grc'>,</span> <span class='ocrx_word' id='word_1_51' title='bbox 1417 1311 1504 1368; x_wconf 81' lang='grc' dir='ltr'><strong>τὸν</strong></span> <span class='ocrx_word' id='word_1_52' title='bbox 1533 1312 1587 1369; x_wconf 76' lang='grc' dir='ltr'>δὲ</span> <span class='ocrx_word' id='word_1_53' title='bbox 1612 1312 1701 1382; x_wconf 83' lang='grc' dir='ltr'><strong>δῆ-</strong></span> 
     </span>
     <span class='ocr_line' id='line_1_10' title="bbox 162 1393 1704 1476; baseline 0.001 -23"><span class='ocrx_word' id='word_1_54' title='bbox 162 1416 252 1474; x_wconf 85' lang='grc' dir='ltr'><strong>μον</strong></span> <span class='ocrx_word' id='word_1_55' title='bbox 275 1393 524 1476; x_wconf 79' lang='grc' dir='ltr'>τετράκις</span> <span class='ocrx_word' id='word_1_56' title='bbox 551 1398 644 1468; x_wconf 80' lang='grc' dir='ltr'><strong>τῆς</strong></span> <span class='ocrx_word' id='word_1_57' title='bbox 665 1399 977 1475; x_wconf 82' lang='grc' dir='ltr'>πρυτανείας</span> <span class='ocrx_word' id='word_1_58' title='bbox 997 1395 1237 1467; x_wconf 73' lang='grc' dir='ltr'>ἑκάστης.</span> <span class='ocrx_word' id='word_1_59' title='bbox 1285 1422 1307 1448; x_wconf 78' lang='grc' dir='ltr'><strong>σι</strong></span> <span class='ocrx_word' id='word_1_60' title='bbox 1333 1397 1704 1476; x_wconf 84' lang='grc' dir='ltr'>Προγράφουσι</span> 
     </span>
     <span class='ocr_line' id='line_1_11' title="bbox 153 1473 1706 1562; baseline -0.001 -21"><span class='ocrx_word' id='word_1_61' title='bbox 153 1480 232 1555; x_wconf 69' lang='grc' dir='ltr'>δὲ,</span> <span class='ocrx_word' id='word_1_62' title='bbox 279 1483 434 1562; x_wconf 73' lang='grc' dir='ltr'>φησὶ,</span> <span class='ocrx_word' id='word_1_63' title='bbox 484 1482 578 1540; x_wconf 77' lang='grc' dir='ltr'><strong>καὶ</strong></span> <span class='ocrx_word' id='word_1_64' title='bbox 630 1482 813 1560; x_wconf 90' lang='grc' dir='ltr'>κυρίαν</span> <span class='ocrx_word' id='word_1_65' title='bbox 837 1480 1141 1555; x_wconf 73' lang='grc' dir='ltr'>ἐκκλησίαν,</span> <span class='ocrx_word' id='word_1_66' title='bbox 1165 1483 1216 1539; x_wconf 73' lang='grc' dir='ltr'>ἐν</span> <span class='ocrx_word' id='word_1_67' title='bbox 1266 1473 1406 1561; x_wconf 71' lang='grc' dir='ltr'>ᾔδεῖ</span> <span class='ocrx_word' id='word_1_68' title='bbox 1424 1481 1518 1549; x_wconf 77' lang='grc' dir='ltr'><strong>τὰς</strong></span> <span class='ocrx_word' id='word_1_69' title='bbox 1541 1482 1706 1562; x_wconf 74' lang='grc' dir='ltr'>ἀρχὰς</span> 
     </span>
     <span class='ocr_line' id='line_1_12' title="bbox 159 1567 1701 1651; baseline 0.001 -25"><span class='ocrx_word' id='word_1_70' title='bbox 159 1571 588 1649; x_wconf 76' lang='grc' dir='ltr'>ἀποχειροτονεῖν,</span> <span class='ocrx_word' id='word_1_71' title='bbox 627 1567 679 1627; x_wconf 76' lang='grc' dir='ltr'>οἳ</span> <span class='ocrx_word' id='word_1_72' title='bbox 705 1571 911 1627; x_wconf 77' lang='grc' dir='ltr'>δοκοῦσι</span> <span class='ocrx_word' id='word_1_73' title='bbox 940 1569 1014 1644; x_wconf 79' lang='grc' dir='ltr'><strong>μὴ</strong></span> <span class='ocrx_word' id='word_1_74' title='bbox 1037 1570 1210 1635; x_wconf 84' lang='grc' dir='ltr'>καλῶς</span> <span class='ocrx_word' id='word_1_75' title='bbox 1236 1568 1433 1649; x_wconf 80' lang='grc' dir='ltr'>ἄρχειν,</span> <span class='ocrx_word' id='word_1_76' title='bbox 1457 1569 1546 1629; x_wconf 78' lang='grc' dir='ltr'><strong>καὶ</strong></span> <span class='ocrx_word' id='word_1_77' title='bbox 1582 1571 1701 1651; x_wconf 82' lang='grc' dir='ltr'>περὶ</span> 
     </span>
     <span class='ocr_line' id='line_1_13' title="bbox 161 1654 1701 1736; baseline 0 -22"><span class='ocrx_word' id='word_1_78' title='bbox 161 1659 387 1736; x_wconf 80' lang='grc' dir='ltr'>φυλακῆς</span> <span class='ocrx_word' id='word_1_79' title='bbox 408 1656 469 1714; x_wconf 78' lang='grc' dir='ltr'>δὲ</span> <span class='ocrx_word' id='word_1_80' title='bbox 497 1661 594 1728; x_wconf 77' lang='grc' dir='ltr'><strong>τῆς</strong></span> <span class='ocrx_word' id='word_1_81' title='bbox 609 1655 805 1736; x_wconf 81' lang='grc' dir='ltr'>χώρας.</span> <span class='ocrx_word' id='word_1_82' title='bbox 826 1681 852 1708; x_wconf 77' lang='lat'><strong>1·</strong></span> <span class='ocrx_word' id='word_1_83' title='bbox 868 1654 978 1715; x_wconf 72' lang='grc' dir='ltr'><strong>Καὶ</strong></span> <span class='ocrx_word' id='word_1_84' title='bbox 995 1655 1088 1723; x_wconf 79' lang='grc' dir='ltr'><strong>τὰς</strong></span> <span class='ocrx_word' id='word_1_85' title='bbox 1115 1656 1439 1733; x_wconf 87' lang='grc' dir='ltr'>εἰσαγγελίας</span> <span class='ocrx_word' id='word_1_86' title='bbox 1457 1658 1510 1715; x_wconf 67' lang='grc' dir='ltr'>ἓν</span> <span class='ocrx_word' id='word_1_87' title='bbox 1537 1656 1701 1734; x_wconf 84' lang='grc' dir='ltr'>ταύτῃ</span> 
     </span>
     <span class='ocr_line' id='line_1_14' title="bbox 158 1741 1699 1823; baseline -0.001 -22"><span class='ocrx_word' id='word_1_88' title='bbox 158 1747 217 1820; x_wconf 80' lang='grc' dir='ltr'><strong>τῇ</strong></span> <span class='ocrx_word' id='word_1_89' title='bbox 257 1743 433 1823; x_wconf 68' lang='grc' dir='ltr'>ἡμέρα</span> <span class='ocrx_word' id='word_1_90' title='bbox 468 1743 593 1811; x_wconf 77' lang='grc' dir='ltr'>τοὺς</span> <span class='ocrx_word' id='word_1_91' title='bbox 637 1742 975 1822; x_wconf 72' lang='grc' dir='ltr'>βουλομένους</span> <span class='ocrx_word' id='word_1_92' title='bbox 1019 1741 1278 1800; x_wconf 78' lang='grc' dir='ltr'>ποιεῖσθαί</span> <span class='ocrx_word' id='word_1_93' title='bbox 1321 1764 1482 1820; x_wconf 83' lang='grc' dir='ltr'>φησι,</span> <span class='ocrx_word' id='word_1_94' title='bbox 1516 1742 1699 1800; x_wconf 75' lang='grc' dir='ltr'>καὶτὰ</span> 
     </span>
     <span class='ocr_line' id='line_1_15' title="bbox 157 1828 278 1899; baseline 0.025 -13"><span class='ocrx_word' id='word_1_95' title='bbox 157 1828 278 1899; x_wconf 73' lang='grc' dir='ltr'>ἑξῆς.</span> 
     </span>
    </p>

    <p class='ocr_par' dir='ltr' id='par_1_5' title="bbox 155 1914 1705 3127">
     <span class='ocr_line' id='line_1_16' title="bbox 222 1914 1704 1992; baseline -0.002 -17"><span class='ocrx_word' id='word_1_96' title='bbox 222 1918 306 1988; x_wconf 86' lang='lat' dir='ltr'><strong>Ex</strong></span> <span class='ocrx_word' id='word_1_97' title='bbox 327 1920 790 1992; x_wconf 79' lang='lat' dir='ltr'><strong>Harpocratione</strong></span> <span class='ocrx_word' id='word_1_98' title='bbox 808 1936 906 1974; x_wconf 86' lang='lat' dir='ltr'><strong>sua</strong></span> <span class='ocrx_word' id='word_1_99' title='bbox 921 1917 1134 1972; x_wconf 81' lang='lat' dir='ltr'><strong>habent</strong></span> <span class='ocrx_word' id='word_1_100' title='bbox 1152 1914 1386 1973; x_wconf 84' lang='lat' dir='ltr'><strong>Photius</strong></span> <span class='ocrx_word' id='word_1_101' title='bbox 1402 1935 1465 1990; x_wconf 88' lang='lat' dir='ltr'><strong>p.</strong></span> <span class='ocrx_word' id='word_1_102' title='bbox 1496 1935 1597 1992; x_wconf 85' lang='lat'><strong>191</strong></span> <span class='ocrx_word' id='word_1_103' title='bbox 1609 1959 1626 1986; x_wconf 96' lang='lat'><strong>,</strong></span> <span class='ocrx_word' id='word_1_104' title='bbox 1655 1936 1704 1988; x_wconf 87' lang='lat'><strong>1,</strong></span> 
     </span>
     <span class='ocr_line' id='line_1_17' title="bbox 161 2005 1704 2081; baseline -0.001 -19"><span class='ocrx_word' id='word_1_105' title='bbox 161 2007 346 2062; x_wconf 87' lang='lat' dir='ltr'><strong>Suidas</strong></span> <span class='ocrx_word' id='word_1_106' title='bbox 391 2019 450 2062; x_wconf 89' lang='lat' dir='ltr'><strong>et</strong></span> <span class='ocrx_word' id='word_1_107' title='bbox 493 2010 687 2081; x_wconf 83' lang='lat' dir='ltr'><strong>Etym.</strong></span> <span class='ocrx_word' id='word_1_108' title='bbox 731 2009 816 2064; x_wconf 85' lang='lat' dir='ltr'><strong>M.</strong></span> <span class='ocrx_word' id='word_1_109' title='bbox 859 2025 904 2062; x_wconf 85' lang='lat' dir='ltr'><strong>s.</strong></span> <span class='ocrx_word' id='word_1_110' title='bbox 953 2023 1010 2063; x_wconf 81' lang='lat' dir='ltr'><strong>v.</strong></span> <span class='ocrx_word' id='word_1_111' title='bbox 1054 2005 1141 2062; x_wconf 80' lang='lat' dir='ltr'><strong>cf.</strong></span> <span class='ocrx_word' id='word_1_112' title='bbox 1182 2006 1490 2078; x_wconf 79' lang='lat' dir='ltr'><strong>Hesychius</strong></span> <span class='ocrx_word' id='word_1_113' title='bbox 1534 2015 1704 2077; x_wconf 88' lang='lat' dir='ltr'><strong>atque</strong></span> 
     </span>
     <span class='ocr_line' id='line_1_18' title="bbox 155 2092 1705 2169; baseline 0.001 -22"><span class='ocrx_word' id='word_1_114' title='bbox 155 2095 340 2149; x_wconf 84' lang='lat' dir='ltr'>Pollux</span> <span class='ocrx_word' id='word_1_115' title='bbox 385 2096 561 2164; x_wconf 80' lang='lat' dir='ltr'><strong>vlu,</strong></span> <span class='ocrx_word' id='word_1_116' title='bbox 599 2094 673 2169; x_wconf 88' lang='lat'><strong>95</strong></span> <span class='ocrx_word' id='word_1_117' title='bbox 690 2135 707 2164; x_wconf 89' lang='lat'><strong><em>‚</em></strong></span> <span class='ocrx_word' id='word_1_118' title='bbox 762 2112 932 2166; x_wconf 87' lang='lat' dir='ltr'><strong>quem</strong></span> <span class='ocrx_word' id='word_1_119' title='bbox 989 2110 1061 2149; x_wconf 86' lang='lat' dir='ltr'><strong>ex</strong></span> <span class='ocrx_word' id='word_1_120' title='bbox 1115 2094 1417 2148; x_wconf 82' lang='lat' dir='ltr'><strong>Aristotele</strong></span> <span class='ocrx_word' id='word_1_121' title='bbox 1467 2092 1705 2148; x_wconf 83' lang='lat' dir='ltr'><strong>hausisse</strong></span> 
     </span>
     <span class='ocr_line' id='line_1_19' title="bbox 157 2174 1703 2256; baseline -0.001 -21"><span class='ocrx_word' id='word_1_122' title='bbox 157 2199 264 2236; x_wconf 89' lang='lat' dir='ltr'><strong>non</strong></span> <span class='ocrx_word' id='word_1_123' title='bbox 300 2181 552 2238; x_wconf 87' lang='lat' dir='ltr'><strong>dubium</strong></span> <span class='ocrx_word' id='word_1_124' title='bbox 579 2193 661 2236; x_wconf 87' lang='lat' dir='ltr'><strong>est</strong></span> <span class='ocrx_word' id='word_1_125' title='bbox 692 2200 706 2234; x_wconf 70' lang='grc' dir='ltr'><strong>ε</strong></span> <span class='ocrx_word' id='word_1_126' title='bbox 744 2181 866 2238; x_wconf 83' lang='grc' dir='ltr'>Τῶν</span> <span class='ocrx_word' id='word_1_127' title='bbox 903 2177 948 2234; x_wconf 84' lang='grc' dir='ltr'>δ’</span> <span class='ocrx_word' id='word_1_128' title='bbox 987 2177 1276 2248; x_wconf 75' lang='grc' dir='ltr'>ἐκκλησιῶν</span> <span class='ocrx_word' id='word_1_129' title='bbox 1321 2181 1353 2247; x_wconf 83' lang='grc' dir='ltr'><strong>ἦ</strong></span> <span class='ocrx_word' id='word_1_130' title='bbox 1400 2174 1494 2252; x_wconf 81' lang='grc' dir='ltr'>μὲν</span> <span class='ocrx_word' id='word_1_131' title='bbox 1520 2176 1703 2256; x_wconf 90' lang='grc' dir='ltr'>κυρία,</span> 
     </span>
     <span class='ocr_line' id='line_1_20' title="bbox 157 2248 1703 2344; baseline 0.001 -24"><span class='ocrx_word' id='word_1_132' title='bbox 157 2257 268 2342; x_wconf 67' lang='grc' dir='ltr'><strong>ἕνῇ</strong></span> <span class='ocrx_word' id='word_1_133' title='bbox 309 2265 402 2332; x_wconf 74' lang='grc' dir='ltr'><strong>τὰς</strong></span> <span class='ocrx_word' id='word_1_134' title='bbox 442 2264 618 2344; x_wconf 74' lang='grc' dir='ltr'>ἀρχὰς</span> <span class='ocrx_word' id='word_1_135' title='bbox 664 2266 1147 2342; x_wconf 75' lang='grc' dir='ltr'>ἔπιχειροτονοῦσιν,</span> <span class='ocrx_word' id='word_1_136' title='bbox 1204 2261 1349 2342; x_wconf 79' lang='grc' dir='ltr'>εἰπερ</span> <span class='ocrx_word' id='word_1_137' title='bbox 1394 2266 1566 2330; x_wconf 87' lang='grc' dir='ltr'>καλῶς</span> <span class='ocrx_word' id='word_1_138' title='bbox 1610 2248 1703 2343; x_wconf 64' lang='lat' dir='ltr'><strong>cip·</strong></span> 
     </span>
     <span class='ocr_line' id='line_1_21' title="bbox 160 2340 1701 2431; baseline -0.002 -21"><span class='ocrx_word' id='word_1_139' title='bbox 160 2372 346 2429; x_wconf 77' lang='grc' dir='ltr'>χουσιν,</span> <span class='ocrx_word' id='word_1_140' title='bbox 373 2350 411 2422; x_wconf 77' lang='grc' dir='ltr'><strong>ἢ</strong></span> <span class='ocrx_word' id='word_1_141' title='bbox 440 2353 933 2431; x_wconf 79' lang='grc' dir='ltr'>ἄποχειροτονοῦσιν</span> <span class='ocrx_word' id='word_1_142' title='bbox 951 2372 965 2387; x_wconf 88' lang='grc'><em>·</em></span> <span class='ocrx_word' id='word_1_143' title='bbox 990 2351 1044 2408; x_wconf 79' lang='grc' dir='ltr'>ἐν</span> <span class='ocrx_word' id='word_1_144' title='bbox 1079 2340 1117 2428; x_wconf 69' lang='grc' dir='ltr'>ᾖ</span> <span class='ocrx_word' id='word_1_145' title='bbox 1142 2347 1232 2406; x_wconf 72' lang='grc' dir='ltr'><strong>καὶ</strong></span> <span class='ocrx_word' id='word_1_146' title='bbox 1253 2348 1346 2415; x_wconf 74' lang='grc' dir='ltr'><strong>τὰς</strong></span> <span class='ocrx_word' id='word_1_147' title='bbox 1373 2349 1701 2429; x_wconf 86' lang='grc' dir='ltr'>εἰσαγγελίας</span> 
     </span>
     <span class='ocr_line' id='line_1_22' title="bbox 166 2435 1702 2517; baseline -0.002 -20"><span class='ocrx_word' id='word_1_148' title='bbox 166 2438 510 2517; x_wconf 75' lang='grc' dir='ltr'>ὁβουλόμ-ενος</span> <span class='ocrx_word' id='word_1_149' title='bbox 548 2439 896 2516; x_wconf 81' lang='grc' dir='ltr'>εἰσαγγέλλει,</span> <span class='ocrx_word' id='word_1_150' title='bbox 930 2436 1019 2497; x_wconf 74' lang='grc' dir='ltr'><strong>καὶ</strong></span> <span class='ocrx_word' id='word_1_151' title='bbox 1041 2436 1133 2504; x_wconf 77' lang='grc' dir='ltr'><strong>τὰς</strong></span> <span class='ocrx_word' id='word_1_152' title='bbox 1151 2435 1458 2517; x_wconf 74' lang='grc' dir='ltr'>ἀπογραφὰς</span> <span class='ocrx_word' id='word_1_153' title='bbox 1484 2441 1586 2495; x_wconf 88' lang='grc' dir='ltr'><strong>τῶν</strong></span> <span class='ocrx_word' id='word_1_154' title='bbox 1610 2438 1702 2509; x_wconf 88' lang='grc' dir='ltr'><strong>δη-</strong></span> 
     </span>
     <span class='ocr_line' id='line_1_23' title="bbox 165 2522 1702 2602; baseline -0.001 -19"><span class='ocrx_word' id='word_1_155' title='bbox 165 2524 445 2599; x_wconf 79' lang='grc' dir='ltr'>μευομένων</span> <span class='ocrx_word' id='word_1_156' title='bbox 487 2524 973 2602; x_wconf 74' lang='grc' dir='ltr'>ἀναγιγνώσκουσιν</span> <span class='ocrx_word' id='word_1_157' title='bbox 1011 2526 1060 2582; x_wconf 78' lang='grc' dir='ltr'>οἱ</span> <span class='ocrx_word' id='word_1_158' title='bbox 1086 2522 1212 2602; x_wconf 82' lang='grc' dir='ltr'>πρὸς</span> <span class='ocrx_word' id='word_1_159' title='bbox 1249 2531 1363 2590; x_wconf 83' lang='grc' dir='ltr'>ταῖς</span> <span class='ocrx_word' id='word_1_160' title='bbox 1394 2523 1589 2600; x_wconf 83' lang='grc' dir='ltr'>δίκαις,</span> <span class='ocrx_word' id='word_1_161' title='bbox 1612 2522 1702 2582; x_wconf 74' lang='grc' dir='ltr'><strong>καὶ</strong></span> 
     </span>
     <span class='ocr_line' id='line_1_24' title="bbox 159 2608 1700 2691; baseline -0.001 -22"><span class='ocrx_word' id='word_1_162' title='bbox 159 2608 417 2681; x_wconf 73' lang='grc' dir='ltr'>τὰςλήξεῑς</span> <span class='ocrx_word' id='word_1_163' title='bbox 430 2615 548 2670; x_wconf 77' lang='grc' dir='ltr'><strong>τῶν</strong></span> <span class='ocrx_word' id='word_1_164' title='bbox 567 2611 792 2691; x_wconf 74' lang='grc' dir='ltr'>κλήρων.</span> <span class='ocrx_word' id='word_1_165' title='bbox 815 2610 884 2670; x_wconf 83' lang='grc' dir='ltr'>Ἡ</span> <span class='ocrx_word' id='word_1_166' title='bbox 908 2608 962 2668; x_wconf 79' lang='grc' dir='ltr'>δὲ</span> <span class='ocrx_word' id='word_1_167' title='bbox 992 2609 1205 2689; x_wconf 75' lang='grc' dir='ltr'>δευτέρα</span> <span class='ocrx_word' id='word_1_168' title='bbox 1226 2608 1479 2681; x_wconf 75' lang='grc' dir='ltr'>ἐκκλησία</span> <span class='ocrx_word' id='word_1_169' title='bbox 1504 2610 1700 2668; x_wconf 75' lang='grc' dir='ltr'>ἀνεῖται</span> 
     </span>
     <span class='ocr_line' id='line_1_25' title="bbox 160 2697 1700 2778; baseline -0.001 -21"><span class='ocrx_word' id='word_1_170' title='bbox 160 2700 252 2765; x_wconf 81' lang='grc' dir='ltr'>τοῖς</span> <span class='ocrx_word' id='word_1_171' title='bbox 291 2699 662 2778; x_wconf 77' lang='grc' dir='ltr'>βουλομένοις,</span> <span class='ocrx_word' id='word_1_172' title='bbox 699 2697 965 2776; x_wconf 83' lang='grc' dir='ltr'>ἱκετηρίαν</span> <span class='ocrx_word' id='word_1_173' title='bbox 1006 2697 1259 2772; x_wconf 81' lang='grc' dir='ltr'>θεμένοις,</span> <span class='ocrx_word' id='word_1_174' title='bbox 1301 2697 1470 2773; x_wconf 79' lang='grc' dir='ltr'>λέγειν</span> <span class='ocrx_word' id='word_1_175' title='bbox 1536 2698 1700 2765; x_wconf 78' lang='grc' dir='ltr'>ἀδεῶς</span> 
     </span>
     <span class='ocr_line' id='line_1_26' title="bbox 165 2783 1701 2867; baseline -0.001 -21"><span class='ocrx_word' id='word_1_176' title='bbox 165 2787 268 2867; x_wconf 81' lang='grc' dir='ltr'>περί</span> <span class='ocrx_word' id='word_1_177' title='bbox 285 2811 341 2846; x_wconf 91' lang='grc' dir='ltr'><strong>τε</strong></span> <span class='ocrx_word' id='word_1_178' title='bbox 364 2792 468 2847; x_wconf 83' lang='grc' dir='ltr'><strong>τῶν</strong></span> <span class='ocrx_word' id='word_1_179' title='bbox 496 2787 652 2846; x_wconf 85' lang='grc' dir='ltr'>ἰδίων</span> <span class='ocrx_word' id='word_1_180' title='bbox 679 2790 769 2845; x_wconf 87' lang='grc' dir='ltr'><strong>καὶ</strong></span> <span class='ocrx_word' id='word_1_181' title='bbox 804 2789 906 2844; x_wconf 88' lang='grc' dir='ltr'><strong>τῶν</strong></span> <span class='ocrx_word' id='word_1_182' title='bbox 930 2785 1216 2861; x_wconf 81' lang='grc' dir='ltr'>δημοσίων.</span> <span class='ocrx_word' id='word_1_183' title='bbox 1248 2784 1314 2845; x_wconf 85' lang='grc' dir='ltr'><strong><em>Ἢ</em></strong></span> <span class='ocrx_word' id='word_1_184' title='bbox 1351 2783 1404 2842; x_wconf 72' lang='grc' dir='ltr'>δὲ</span> <span class='ocrx_word' id='word_1_185' title='bbox 1432 2783 1582 2862; x_wconf 84' lang='grc' dir='ltr'>τρίτη</span> <span class='ocrx_word' id='word_1_186' title='bbox 1609 2786 1701 2858; x_wconf 82' lang='grc' dir='ltr'><strong>κή·</strong></span> 
     </span>
     <span class='ocr_line' id='line_1_27' title="bbox 162 2870 1703 2954; baseline -0.002 -19"><span class='ocrx_word' id='word_1_187' title='bbox 162 2873 256 2950; x_wconf 76' lang='grc' dir='ltr'>ρυξι</span> <span class='ocrx_word' id='word_1_188' title='bbox 280 2876 367 2934; x_wconf 73' lang='grc' dir='ltr'><strong>καὶ</strong></span> <span class='ocrx_word' id='word_1_189' title='bbox 390 2874 707 2954; x_wconf 76' lang='grc' dir='ltr'>πρεσὸείαις</span> <span class='ocrx_word' id='word_1_190' title='bbox 728 2873 864 2942; x_wconf 78' lang='grc' dir='ltr'>ἀξιοῖ</span> <span class='ocrx_word' id='word_1_191' title='bbox 898 2873 1262 2950; x_wconf 81' lang='grc' dir='ltr'>χρηματίζειν,</span> <span class='ocrx_word' id='word_1_192' title='bbox 1286 2870 1372 2938; x_wconf 80' lang='grc' dir='ltr'><strong>οὒς</strong></span> <span class='ocrx_word' id='word_1_193' title='bbox 1395 2873 1476 2931; x_wconf 86' lang='grc' dir='ltr'><strong>δεῖ</strong></span> <span class='ocrx_word' id='word_1_194' title='bbox 1509 2873 1703 2953; x_wconf 79' lang='grc' dir='ltr'>πρότε-</span> 
     </span>
     <span class='ocr_line' id='line_1_28' title="bbox 162 2957 1699 3041; baseline -0.001 -22"><span class='ocrx_word' id='word_1_195' title='bbox 162 2983 236 3038; x_wconf 75' lang='grc' dir='ltr'><strong>ρον</strong></span> <span class='ocrx_word' id='word_1_196' title='bbox 270 2962 371 3028; x_wconf 81' lang='grc' dir='ltr'>τοῖς</span> <span class='ocrx_word' id='word_1_197' title='bbox 407 2960 732 3041; x_wconf 85' lang='grc' dir='ltr'>πρυτάνεσιν</span> <span class='ocrx_word' id='word_1_198' title='bbox 766 2959 1051 3016; x_wconf 75' lang='grc' dir='ltr'>ἀποδοῦναι</span> <span class='ocrx_word' id='word_1_199' title='bbox 1092 2957 1159 3016; x_wconf 77' lang='grc' dir='ltr'><strong>τὰ</strong></span> <span class='ocrx_word' id='word_1_200' title='bbox 1197 2957 1506 3039; x_wconf 84' lang='grc' dir='ltr'>γράμματα.</span> <span class='ocrx_word' id='word_1_201' title='bbox 1532 2958 1602 3020; x_wconf 83' lang='grc' dir='ltr'><strong>Ἥ</strong></span> <span class='ocrx_word' id='word_1_202' title='bbox 1645 2958 1699 3018; x_wconf 82' lang='grc' dir='ltr'>δὲ</span> 
     </span>
     <span class='ocr_line' id='line_1_29' title="bbox 158 3043 1019 3127; baseline 0.001 -24"><span class='ocrx_word' id='word_1_203' title='bbox 158 3046 359 3126; x_wconf 83' lang='grc' dir='ltr'>τετάρτη</span> <span class='ocrx_word' id='word_1_204' title='bbox 386 3047 511 3125; x_wconf 75' lang='grc' dir='ltr'>περὶ</span> <span class='ocrx_word' id='word_1_205' title='bbox 540 3049 695 3127; x_wconf 74' lang='grc' dir='ltr'>ἱερῶν</span> <span class='ocrx_word' id='word_1_206' title='bbox 724 3044 816 3104; x_wconf 78' lang='grc' dir='ltr'><strong>καὶ</strong></span> <span class='ocrx_word' id='word_1_207' title='bbox 844 3043 1019 3104; x_wconf 89' lang='grc' dir='ltr'>ὁσίων.</span> 
     </span>
    </p>

    <p class='ocr_par' dir='ltr' id='par_1_6' title="bbox 160 3133 1704 4420">
     <span class='ocr_line' id='line_1_30' title="bbox 225 3133 1699 3207; baseline 0 -15"><span class='ocrx_word' id='word_1_208' title='bbox 225 3139 500 3195; x_wconf 86' lang='lat' dir='ltr'><strong>Pollucem</strong></span> <span class='ocrx_word' id='word_1_209' title='bbox 537 3136 861 3192; x_wconf 62' lang='lat' dir='ltr'><strong>festinanter</strong></span> <span class='ocrx_word' id='word_1_210' title='bbox 879 3134 1165 3207; x_wconf 81' lang='lat' dir='ltr'><strong>exscripsit</strong></span> <span class='ocrx_word' id='word_1_211' title='bbox 1188 3135 1366 3190; x_wconf 87' lang='lat' dir='ltr'><strong>schol.</strong></span> <span class='ocrx_word' id='word_1_212' title='bbox 1385 3136 1444 3190; x_wconf 89' lang='lat' dir='ltr'><strong>in</strong></span> <span class='ocrx_word' id='word_1_213' title='bbox 1459 3133 1699 3192; x_wconf 63' lang='lat' dir='ltr'><strong>AEschin.</strong></span> 
     </span>
     <span class='ocr_line' id='line_1_31' title="bbox 160 3221 1700 3298; baseline 0.001 -21"><span class='ocrx_word' id='word_1_214' title='bbox 160 3225 212 3279; x_wconf 89' lang='lat' dir='ltr'><strong>C.</strong></span> <span class='ocrx_word' id='word_1_215' title='bbox 240 3226 373 3282; x_wconf 80' lang='lat' dir='ltr'><strong>T&#39;un.</strong></span> <span class='ocrx_word' id='word_1_216' title='bbox 403 3243 461 3298; x_wconf 88' lang='lat' dir='ltr'><strong>p.</strong></span> <span class='ocrx_word' id='word_1_217' title='bbox 501 3229 652 3291; x_wconf 71' lang='lat'><strong>124,</strong></span> <span class='ocrx_word' id='word_1_218' title='bbox 690 3242 713 3278; x_wconf 89' lang='lat'>1</span> <span class='ocrx_word' id='word_1_219' title='bbox 745 3241 849 3296; x_wconf 88' lang='lat' dir='ltr'><strong>,p.</strong></span> <span class='ocrx_word' id='word_1_220' title='bbox 882 3221 996 3294; x_wconf 81' lang='lat'><strong>739</strong></span> <span class='ocrx_word' id='word_1_221' title='bbox 1020 3221 1212 3276; x_wconf 77' lang='lat' dir='ltr'><strong>Reisk.</strong></span> <span class='ocrx_word' id='word_1_222' title='bbox 1238 3254 1318 3264; x_wconf 92' lang='lat'>—</span> <span class='ocrx_word' id='word_1_223' title='bbox 1358 3246 1383 3272; x_wconf 77' lang='grc' dir='ltr'><strong>α</strong></span> <span class='ocrx_word' id='word_1_224' title='bbox 1419 3222 1590 3294; x_wconf 82' lang='lat' dir='ltr'><strong>Quod</strong></span> <span class='ocrx_word' id='word_1_225' title='bbox 1626 3221 1700 3277; x_wconf 87' lang='lat' dir='ltr'><strong>ad</strong></span> 
     </span>
     <span class='ocr_line' id='line_1_32' title="bbox 166 3303 1702 3386; baseline -0.001 -22"><span class='ocrx_word' id='word_1_226' title='bbox 166 3308 379 3386; x_wconf 72' lang='grc' dir='ltr'>φυλακὴν</span> <span class='ocrx_word' id='word_1_227' title='bbox 410 3312 506 3377; x_wconf 72' lang='grc' dir='ltr'><strong>τῆς</strong></span> <span class='ocrx_word' id='word_1_228' title='bbox 557 3304 759 3385; x_wconf 80' lang='grc' dir='ltr'>χώρας,</span> <span class='ocrx_word' id='word_1_229' title='bbox 802 3308 873 3363; x_wconf 90' lang='lat' dir='ltr'><strong>de</strong></span> <span class='ocrx_word' id='word_1_230' title='bbox 915 3325 1027 3379; x_wconf 90' lang='lat' dir='ltr'><strong>qua</strong></span> <span class='ocrx_word' id='word_1_231' title='bbox 1068 3308 1129 3361; x_wconf 89' lang='lat' dir='ltr'><strong>in</strong></span> <span class='ocrx_word' id='word_1_232' title='bbox 1161 3304 1360 3384; x_wconf 90' lang='grc' dir='ltr'>κυρίαις</span> <span class='ocrx_word' id='word_1_233' title='bbox 1404 3303 1702 3376; x_wconf 75' lang='grc' dir='ltr'>ἐκκλησίαις</span> 
     </span>
     <span class='ocr_line' id='line_1_33' title="bbox 167 3392 1702 3460; baseline 0 -9"><span class='ocrx_word' id='word_1_234' title='bbox 167 3397 380 3451; x_wconf 85' lang='lat' dir='ltr'><strong>relatum</strong></span> <span class='ocrx_word' id='word_1_235' title='bbox 407 3416 530 3452; x_wconf 86' lang='lat' dir='ltr'><strong>esse</strong></span> <span class='ocrx_word' id='word_1_236' title='bbox 581 3396 904 3451; x_wconf 86' lang='lat' dir='ltr'><strong>Aristoteles</strong></span> <span class='ocrx_word' id='word_1_237' title='bbox 929 3392 1150 3460; x_wconf 81' lang='lat' dir='ltr'><strong>scribit,</strong></span> <span class='ocrx_word' id='word_1_238' title='bbox 1181 3392 1252 3449; x_wconf 90' lang='lat' dir='ltr'><strong>de</strong></span> <span class='ocrx_word' id='word_1_239' title='bbox 1285 3412 1350 3449; x_wconf 83' lang='lat' dir='ltr'><strong>ea</strong></span> <span class='ocrx_word' id='word_1_240' title='bbox 1392 3394 1702 3451; x_wconf 85' lang='lat' dir='ltr'><strong>luculenter</strong></span> 
     </span>
     <span class='ocr_line' id='line_1_34' title="bbox 163 3481 1702 3553; baseline -0.001 -16"><span class='ocrx_word' id='word_1_241' title='bbox 163 3483 394 3538; x_wconf 78' lang='lat' dir='ltr'><strong>disseruit</strong></span> <span class='ocrx_word' id='word_1_242' title='bbox 438 3484 749 3540; x_wconf 81' lang='lat' dir='ltr'><strong>Boeckhius</strong></span> <span class='ocrx_word' id='word_1_243' title='bbox 782 3487 799 3553; x_wconf 82' lang='lat'><strong>(</strong></span> <span class='ocrx_word' id='word_1_244' title='bbox 824 3481 1120 3538; x_wconf 74' lang='lat' dir='ltr'><strong>Urkunden</strong></span> <span class='ocrx_word' id='word_1_245' title='bbox 1150 3481 1286 3535; x_wconf 72' lang='lat' dir='ltr'><strong>iiber</strong></span> <span class='ocrx_word' id='word_1_246' title='bbox 1322 3481 1384 3536; x_wconf 80' lang='lat' dir='ltr'><strong>d.</strong></span> <span class='ocrx_word' id='word_1_247' title='bbox 1419 3481 1702 3536; x_wconf 79' lang='lat' dir='ltr'><strong>Seewesen</strong></span> 
     </span>
     <span class='ocr_line' id='line_1_35' title="bbox 167 3566 1700 3644; baseline 0 -21"><span class='ocrx_word' id='word_1_248' title='bbox 167 3588 216 3640; x_wconf 88' lang='lat' dir='ltr'><strong>p.</strong></span> <span class='ocrx_word' id='word_1_249' title='bbox 242 3571 376 3644; x_wconf 68' lang='grc'>467)</span> <span class='ocrx_word' id='word_1_250' title='bbox 396 3612 413 3639; x_wconf 88' lang='grc'>,</span> <span class='ocrx_word' id='word_1_251' title='bbox 447 3570 666 3643; x_wconf 87' lang='lat' dir='ltr'><strong>quibus</strong></span> <span class='ocrx_word' id='word_1_252' title='bbox 692 3568 832 3623; x_wconf 91' lang='lat' dir='ltr'><strong>illud</strong></span> <span class='ocrx_word' id='word_1_253' title='bbox 860 3586 1036 3623; x_wconf 87' lang='lat' dir='ltr'><strong>unum</strong></span> <span class='ocrx_word' id='word_1_254' title='bbox 1072 3566 1256 3634; x_wconf 76' lang='lat' dir='ltr'><strong>adde,</strong></span> <span class='ocrx_word' id='word_1_255' title='bbox 1280 3567 1608 3639; x_wconf 84' lang='lat' dir='ltr'><strong>pertinuisse</strong></span> <span class='ocrx_word' id='word_1_256' title='bbox 1631 3587 1700 3623; x_wconf 91' lang='lat' dir='ltr'><strong>eo</strong></span> 
     </span>
     <span class='ocr_line' id='line_1_36' title="bbox 164 3651 1702 3733; baseline 0 -25"><span class='ocrx_word' id='word_1_257' title='bbox 164 3657 392 3729; x_wconf 83' lang='lat' dir='ltr'><strong>inprimis</strong></span> <span class='ocrx_word' id='word_1_258' title='bbox 421 3651 762 3733; x_wconf 68' lang='grc' dir='ltr'>φυλακτήρια</span> <span class='ocrx_word' id='word_1_259' title='bbox 779 3695 795 3723; x_wconf 89' lang='grc'>,</span> <span class='ocrx_word' id='word_1_260' title='bbox 827 3657 886 3709; x_wconf 88' lang='lat' dir='ltr'><strong>in</strong></span> <span class='ocrx_word' id='word_1_261' title='bbox 923 3654 1127 3726; x_wconf 89' lang='lat' dir='ltr'><strong>quibus</strong></span> <span class='ocrx_word' id='word_1_262' title='bbox 1147 3655 1354 3708; x_wconf 78' lang='lat' dir='ltr'><strong>versari</strong></span> <span class='ocrx_word' id='word_1_263' title='bbox 1371 3655 1563 3708; x_wconf 88' lang='lat' dir='ltr'><strong>solitos</strong></span> <span class='ocrx_word' id='word_1_264' title='bbox 1590 3673 1702 3710; x_wconf 82' lang='lat' dir='ltr'><strong>esse</strong></span> 
     </span>
     <span class='ocr_line' id='line_1_37' title="bbox 161 3738 1700 3815; baseline 0 -20"><span class='ocrx_word' id='word_1_265' title='bbox 161 3743 425 3815; x_wconf 81' lang='lat' dir='ltr'><strong>peripolos</strong></span> <span class='ocrx_word' id='word_1_266' title='bbox 443 3742 606 3798; x_wconf 86' lang='lat' dir='ltr'><strong>idem</strong></span> <span class='ocrx_word' id='word_1_267' title='bbox 627 3741 950 3797; x_wconf 84' lang='lat' dir='ltr'><strong>Aristoteles</strong></span> <span class='ocrx_word' id='word_1_268' title='bbox 967 3758 1058 3812; x_wconf 86' lang='lat' dir='ltr'><strong>ap.</strong></span> <span class='ocrx_word' id='word_1_269' title='bbox 1086 3741 1418 3812; x_wconf 86' lang='lat' dir='ltr'><strong>Harpocrat.</strong></span> <span class='ocrx_word' id='word_1_270' title='bbox 1451 3759 1503 3796; x_wconf 81' lang='lat' dir='ltr'><strong>v,</strong></span> <span class='ocrx_word' id='word_1_271' title='bbox 1535 3738 1700 3815; x_wconf 86' lang='grc' dir='ltr'>Περί-</span> 
     </span>
     <span class='ocr_line' id='line_1_38' title="bbox 164 3826 1698 3904; baseline 0 -23"><span class='ocrx_word' id='word_1_272' title='bbox 164 3827 299 3891; x_wconf 80' lang='grc' dir='ltr'>πολος</span> <span class='ocrx_word' id='word_1_273' title='bbox 329 3830 347 3904; x_wconf 91' lang='grc'><strong>(</strong></span> <span class='ocrx_word' id='word_1_274' title='bbox 371 3830 444 3884; x_wconf 80' lang='lat' dir='ltr'><strong>sr.</strong></span> <span class='ocrx_word' id='word_1_275' title='bbox 484 3827 604 3904; x_wconf 84' lang='grc' dir='ltr'><strong>2ο)</strong></span> <span class='ocrx_word' id='word_1_276' title='bbox 623 3838 840 3895; x_wconf 86' lang='lat' dir='ltr'><strong>narrat;</strong></span> <span class='ocrx_word' id='word_1_277' title='bbox 870 3827 930 3880; x_wconf 91' lang='lat' dir='ltr'><strong>hi</strong></span> <span class='ocrx_word' id='word_1_278' title='bbox 949 3828 1116 3894; x_wconf 90' lang='lat' dir='ltr'><strong>enim,</strong></span> <span class='ocrx_word' id='word_1_279' title='bbox 1139 3836 1203 3879; x_wconf 93' lang='lat' dir='ltr'><strong>ut</strong></span> <span class='ocrx_word' id='word_1_280' title='bbox 1221 3827 1298 3896; x_wconf 72' lang='lat' dir='ltr'><strong>ait</strong></span> <span class='ocrx_word' id='word_1_281' title='bbox 1315 3826 1517 3880; x_wconf 87' lang='lat' dir='ltr'><strong>Pollux</strong></span> <span class='ocrx_word' id='word_1_282' title='bbox 1543 3828 1698 3896; x_wconf 87' lang='lat' dir='ltr'><strong>VIII,</strong></span> 
     </span>
     <span class='ocr_line' id='line_1_39' title="bbox 175 3910 1697 3991; baseline 0.001 -25"><span class='ocrx_word' id='word_1_283' title='bbox 175 3912 265 3967; x_wconf 80' lang='lat'><strong>105</strong></span> <span class='ocrx_word' id='word_1_284' title='bbox 280 3955 296 3982; x_wconf 94' lang='lat'><strong>,</strong></span> <span class='ocrx_word' id='word_1_285' title='bbox 320 3912 610 3991; x_wconf 75' lang='grc' dir='ltr'>περιῄεσαν</span> <span class='ocrx_word' id='word_1_286' title='bbox 627 3911 723 3982; x_wconf 75' lang='grc' dir='ltr'><strong>τὴν</strong></span> <span class='ocrx_word' id='word_1_287' title='bbox 742 3910 918 3990; x_wconf 74' lang='grc' dir='ltr'>χώραν</span> <span class='ocrx_word' id='word_1_288' title='bbox 948 3910 1307 3991; x_wconf 72' lang='grc' dir='ltr'>φυλάττοντες.</span> <span class='ocrx_word' id='word_1_289' title='bbox 1332 3937 1353 3961; x_wconf 74' lang='grc' dir='ltr'><strong>υ</strong></span> <span class='ocrx_word' id='word_1_290' title='bbox 1370 3913 1572 3969; x_wconf 78' lang='lat' dir='ltr'><strong>Mee’er.</strong></span> <span class='ocrx_word' id='word_1_291' title='bbox 1591 3913 1630 3966; x_wconf 91' lang='lat' dir='ltr'><strong>l.</strong></span> <span class='ocrx_word' id='word_1_292' title='bbox 1659 3914 1697 3967; x_wconf 87' lang='lat' dir='ltr'><strong>l.</strong></span> 
     </span>
     <span class='ocr_line' id='line_1_40' title="bbox 170 3997 1704 4072; baseline 0.001 -20"><span class='ocrx_word' id='word_1_293' title='bbox 170 3997 401 4054; x_wconf 86' lang='lat' dir='ltr'><strong>Ceterum</strong></span> <span class='ocrx_word' id='word_1_294' title='bbox 426 4002 536 4056; x_wconf 82' lang='lat' dir='ltr'><strong>alia</strong></span> <span class='ocrx_word' id='word_1_295' title='bbox 562 3998 755 4067; x_wconf 85' lang='lat' dir='ltr'><strong>tradit,</strong></span> <span class='ocrx_word' id='word_1_296' title='bbox 779 4017 961 4072; x_wconf 87' lang='lat' dir='ltr'><strong>neque</strong></span> <span class='ocrx_word' id='word_1_297' title='bbox 983 4018 1176 4070; x_wconf 82' lang='lat' dir='ltr'><strong>unam,</strong></span> <span class='ocrx_word' id='word_1_298' title='bbox 1191 3998 1289 4054; x_wconf 86' lang='lat' dir='ltr'><strong>sed</strong></span> <span class='ocrx_word' id='word_1_299' title='bbox 1317 4010 1428 4053; x_wconf 88' lang='lat' dir='ltr'><strong>tres</strong></span> <span class='ocrx_word' id='word_1_300' title='bbox 1451 3999 1704 4053; x_wconf 86' lang='lat' dir='ltr'><strong>ecclesias</strong></span> 
     </span>
     <span class='ocr_line' id='line_1_41' title="bbox 168 4081 1697 4161; baseline 0.001 -25"><span class='ocrx_word' id='word_1_301' title='bbox 168 4081 325 4159; x_wconf 81' lang='grc' dir='ltr'>κυρίας</span> <span class='ocrx_word' id='word_1_302' title='bbox 350 4088 638 4161; x_wconf 80' lang='lat' dir='ltr'><strong>agnoscit,</strong></span> <span class='ocrx_word' id='word_1_303' title='bbox 669 4085 813 4140; x_wconf 86' lang='lat' dir='ltr'><strong>adeo</strong></span> <span class='ocrx_word' id='word_1_304' title='bbox 843 4095 906 4139; x_wconf 92' lang='lat' dir='ltr'><strong>ut</strong></span> <span class='ocrx_word' id='word_1_305' title='bbox 935 4081 1120 4161; x_wconf 87' lang='grc' dir='ltr'>κυρίας</span> <span class='ocrx_word' id='word_1_306' title='bbox 1141 4103 1259 4139; x_wconf 87' lang='lat' dir='ltr'><strong>non</strong></span> <span class='ocrx_word' id='word_1_307' title='bbox 1289 4083 1600 4138; x_wconf 85' lang='lat' dir='ltr'><strong>distinxerit</strong></span> <span class='ocrx_word' id='word_1_308' title='bbox 1627 4084 1697 4138; x_wconf 87' lang='lat' dir='ltr'><strong>ab</strong></span> 
     </span>
     <span class='ocr_line' id='line_1_42' title="bbox 173 4159 1697 4247; baseline 0.001 -25"><span class='ocrx_word' id='word_1_309' title='bbox 173 4170 450 4228; x_wconf 81' lang='lat' dir='ltr'><strong>ordinariis</strong></span> <span class='ocrx_word' id='word_1_310' title='bbox 501 4168 790 4247; x_wconf 80' lang='grc' dir='ltr'>(ἐννόμοις)</span> <span class='ocrx_word' id='word_1_311' title='bbox 847 4172 1136 4241; x_wconf 59' lang='lat' dir='ltr'><strong>omnibus»,</strong></span> <span class='ocrx_word' id='word_1_312' title='bbox 1187 4170 1363 4226; x_wconf 88' lang='lat' dir='ltr'><strong>schol.</strong></span> <span class='ocrx_word' id='word_1_313' title='bbox 1412 4159 1697 4243; x_wconf 76' lang='lat' dir='ltr'><strong>Aristoph.</strong></span> 
     </span>
     <span class='ocr_line' id='line_1_43' title="bbox 170 4253 1700 4333; baseline 0.001 -24"><span class='ocrx_word' id='word_1_314' title='bbox 170 4256 394 4314; x_wconf 69' lang='lat' dir='ltr'><strong>Acheru.</strong></span> <span class='ocrx_word' id='word_1_315' title='bbox 433 4278 504 4333; x_wconf 86' lang='lat'><strong>19</strong></span> <span class='ocrx_word' id='word_1_316' title='bbox 527 4258 546 4333; x_wconf 90' lang='lat'><strong>(</strong></span> <span class='ocrx_word' id='word_1_317' title='bbox 567 4258 725 4314; x_wconf 86' lang='lat' dir='ltr'><strong>unde</strong></span> <span class='ocrx_word' id='word_1_318' title='bbox 740 4276 838 4313; x_wconf 82' lang='lat' dir='ltr'><strong>sua</strong></span> <span class='ocrx_word' id='word_1_319' title='bbox 856 4258 1053 4314; x_wconf 86' lang='lat' dir='ltr'><strong>Suidas</strong></span> <span class='ocrx_word' id='word_1_320' title='bbox 1078 4276 1122 4312; x_wconf 89' lang='lat' dir='ltr'><strong>s.</strong></span> <span class='ocrx_word' id='word_1_321' title='bbox 1153 4276 1207 4316; x_wconf 83' lang='lat' dir='ltr'><strong>v.</strong></span> <span class='ocrx_word' id='word_1_322' title='bbox 1232 4256 1251 4333; x_wconf 81' lang='lat'><em>)</em></span> <span class='ocrx_word' id='word_1_323' title='bbox 1276 4275 1290 4314; x_wconf 73' lang='grc' dir='ltr'><strong>τ</strong></span> <span class='ocrx_word' id='word_1_324' title='bbox 1326 4254 1449 4316; x_wconf 80' lang='grc' dir='ltr'>Εἰσὶ</span> <span class='ocrx_word' id='word_1_325' title='bbox 1472 4253 1526 4312; x_wconf 77' lang='grc' dir='ltr'>δὲ</span> <span class='ocrx_word' id='word_1_326' title='bbox 1560 4253 1700 4329; x_wconf 83' lang='grc' dir='ltr'>νόμι-</span> 
     </span>
     <span class='ocr_line' id='line_1_44' title="bbox 173 4339 1698 4420; baseline -0.001 -21"><span class='ocrx_word' id='word_1_327' title='bbox 173 4358 251 4412; x_wconf 71' lang='grc' dir='ltr'>μοι</span> <span class='ocrx_word' id='word_1_328' title='bbox 273 4342 542 4414; x_wconf 69' lang='grc' dir='ltr'>ὢαλησίαι</span> <span class='ocrx_word' id='word_1_329' title='bbox 571 4344 627 4399; x_wconf 77' lang='grc' dir='ltr'><strong>αἱ</strong></span> <span class='ocrx_word' id='word_1_330' title='bbox 657 4339 935 4417; x_wconf 83' lang='grc' dir='ltr'>λεγόμεναι</span> <span class='ocrx_word' id='word_1_331' title='bbox 975 4339 1187 4420; x_wconf 79' lang='grc' dir='ltr'>(κύριαι</span> <span class='ocrx_word' id='word_1_332' title='bbox 1220 4344 1366 4399; x_wconf 85' lang='lat' dir='ltr'><strong>adde</strong></span> <span class='ocrx_word' id='word_1_333' title='bbox 1393 4361 1462 4398; x_wconf 86' lang='lat' dir='ltr'><strong>ex</strong></span> <span class='ocrx_word' id='word_1_334' title='bbox 1496 4342 1698 4417; x_wconf 80' lang='lat' dir='ltr'><strong>Suida)</strong></span> 
     </span>
    </p>
   </div>
   <div class='ocr_carea' id='block_1_5' title="bbox 173 4581 1703 5252">
    <p class='ocr_par' dir='ltr' id='par_1_7' title="bbox 173 4581 1703 5252">
     <span class='ocr_line' id='line_1_45' title="bbox 226 4581 1698 4654; baseline -0.001 -14"><span class='ocrx_word' id='word_1_335' title='bbox 226 4589 340 4645; x_wconf 73' lang='lat' dir='ltr'><strong>Quoe</strong></span> <span class='ocrx_word' id='word_1_336' title='bbox 379 4589 564 4640; x_wconf 71' lang='lat' dir='ltr'><strong>ruerint</strong></span> <span class='ocrx_word' id='word_1_337' title='bbox 606 4589 860 4639; x_wconf 76' lang='lat' dir='ltr'><strong>conciones</strong></span> <span class='ocrx_word' id='word_1_338' title='bbox 900 4590 1082 4654; x_wconf 79' lang='grc' dir='ltr'>κύριαι,</span> <span class='ocrx_word' id='word_1_339' title='bbox 1114 4602 1236 4650; x_wconf 74' lang='lat' dir='ltr'><strong>ques</strong></span> <span class='ocrx_word' id='word_1_340' title='bbox 1265 4581 1543 4648; x_wconf 74' lang='lat' dir='ltr'><strong>vocant,&#39;in</strong></span> <span class='ocrx_word' id='word_1_341' title='bbox 1580 4590 1698 4651; x_wconf 81' lang='lat' dir='ltr'><strong>Rep.</strong></span> 
     </span>
     <span class='ocr_line' id='line_1_46' title="bbox 175 4662 1702 4727; baseline 0.003 -15"><span class='ocrx_word' id='word_1_342' title='bbox 175 4662 513 4715; x_wconf 60' lang='lat' dir='ltr'><strong>mascusium</strong></span> <span class='ocrx_word' id='word_1_343' title='bbox 546 4664 689 4715; x_wconf 86' lang='lat' dir='ltr'><strong>docet</strong></span> <span class='ocrx_word' id='word_1_344' title='bbox 715 4666 1016 4725; x_wconf 58' lang='lat' dir='ltr'><strong>Aristotelen</strong></span> <span class='ocrx_word' id='word_1_345' title='bbox 1038 4665 1151 4714; x_wconf 85' lang='lat' dir='ltr'><strong>dicit</strong></span> <span class='ocrx_word' id='word_1_346' title='bbox 1172 4679 1284 4715; x_wconf 81' lang='lat' dir='ltr'><strong>vero</strong></span> <span class='ocrx_word' id='word_1_347' title='bbox 1311 4667 1537 4727; x_wconf 69' lang='lat' dir='ltr'><strong>prytanea</strong></span> <span class='ocrx_word' id='word_1_348' title='bbox 1561 4677 1702 4715; x_wconf 78' lang='lat' dir='ltr'><strong>sens·</strong></span> 
     </span>
     <span class='ocr_line' id='line_1_47' title="bbox 173 4741 1698 4809; baseline 0.002 -20"><span class='ocrx_word' id='word_1_349' title='bbox 173 4741 327 4809; x_wconf 50' lang='lat' dir='ltr'><strong>tumet</strong></span> <span class='ocrx_word' id='word_1_350' title='bbox 341 4744 576 4806; x_wconf 79' lang='lat' dir='ltr'><strong>populum</strong></span> <span class='ocrx_word' id='word_1_351' title='bbox 603 4755 892 4806; x_wconf 78' lang='lat' dir='ltr'><strong>convocare,</strong></span> <span class='ocrx_word' id='word_1_352' title='bbox 917 4747 969 4794; x_wconf 85' lang='lat' dir='ltr'><strong>et</strong></span> <span class='ocrx_word' id='word_1_353' title='bbox 992 4747 1210 4793; x_wconf 70' lang='lat' dir='ltr'><strong>senatum</strong></span> <span class='ocrx_word' id='word_1_354' title='bbox 1237 4743 1432 4806; x_wconf 87' lang='lat' dir='ltr'><strong>quidem</strong></span> <span class='ocrx_word' id='word_1_355' title='bbox 1457 4743 1698 4806; x_wconf 80' lang='lat' dir='ltr'><strong>quotidie,</strong></span> 
     </span>
     <span class='ocr_line' id='line_1_48' title="bbox 174 4816 1702 4883; baseline 0.002 -17"><span class='ocrx_word' id='word_1_356' title='bbox 174 4816 251 4866; x_wconf 81' lang='lat' dir='ltr'><strong>nisi</strong></span> <span class='ocrx_word' id='word_1_357' title='bbox 274 4817 372 4867; x_wconf 84' lang='lat' dir='ltr'><strong>dies</strong></span> <span class='ocrx_word' id='word_1_358' title='bbox 399 4821 616 4869; x_wconf 76' lang='lat' dir='ltr'><strong>nefastus</strong></span> <span class='ocrx_word' id='word_1_359' title='bbox 632 4820 723 4880; x_wconf 86' lang='lat' dir='ltr'><strong>sit;</strong></span> <span class='ocrx_word' id='word_1_360' title='bbox 747 4821 978 4882; x_wconf 79' lang='lat' dir='ltr'><strong>populum</strong></span> <span class='ocrx_word' id='word_1_361' title='bbox 1009 4833 1126 4869; x_wconf 82' lang='lat' dir='ltr'><strong>vero</strong></span> <span class='ocrx_word' id='word_1_362' title='bbox 1152 4823 1321 4882; x_wconf 78' lang='lat' dir='ltr'><strong>qnater</strong></span> <span class='ocrx_word' id='word_1_363' title='bbox 1349 4820 1474 4870; x_wconf 79' lang='lat' dir='ltr'><strong>intra</strong></span> <span class='ocrx_word' id='word_1_364' title='bbox 1493 4820 1702 4883; x_wconf 82' lang='lat' dir='ltr'><strong>spatium</strong></span> 
     </span>
     <span class='ocr_line' id='line_1_49' title="bbox 176 4893 1701 4959; baseline 0.003 -19"><span class='ocrx_word' id='word_1_365' title='bbox 176 4893 530 4957; x_wconf 79' lang='lat' dir='ltr'><strong>uniuscujusque</strong></span> <span class='ocrx_word' id='word_1_366' title='bbox 543 4895 790 4958; x_wconf 71' lang='lat' dir='ltr'><strong>prytanioe.</strong></span> <span class='ocrx_word' id='word_1_367' title='bbox 819 4915 843 4940; x_wconf 76' lang='grc' dir='ltr'>ιι</span> <span class='ocrx_word' id='word_1_368' title='bbox 866 4897 1172 4946; x_wconf 75' lang='lat' dir='ltr'><strong>Prosci-ibunt</strong></span> <span class='ocrx_word' id='word_1_369' title='bbox 1197 4899 1359 4945; x_wconf 81' lang='lat' dir='ltr'><strong>autem</strong></span> <span class='ocrx_word' id='word_1_370' title='bbox 1373 4897 1517 4946; x_wconf 81' lang='lat' dir='ltr'><strong>etiam</strong></span> <span class='ocrx_word' id='word_1_371' title='bbox 1541 4897 1701 4959; x_wconf 78' lang='grc' dir='ltr'>κυρίαν</span> 
     </span>
     <span class='ocr_line' id='line_1_50' title="bbox 175 4968 1703 5036; baseline 0.003 -18"><span class='ocrx_word' id='word_1_372' title='bbox 175 4968 433 5031; x_wconf 73' lang='grc' dir='ltr'>ἐκκλησίαν,</span> <span class='ocrx_word' id='word_1_373' title='bbox 457 4972 507 5020; x_wconf 88' lang='lat' dir='ltr'><strong>in</strong></span> <span class='ocrx_word' id='word_1_374' title='bbox 534 4985 635 5034; x_wconf 73' lang='lat' dir='ltr'><strong>qno</strong></span> <span class='ocrx_word' id='word_1_375' title='bbox 660 4973 958 5035; x_wconf 80' lang='lat' dir='ltr'><strong>magistratus</strong></span> <span class='ocrx_word' id='word_1_376' title='bbox 983 4974 1212 5035; x_wconf 74' lang='lat' dir='ltr'><strong>abrogant</strong></span> <span class='ocrx_word' id='word_1_377' title='bbox 1233 4973 1319 5036; x_wconf 88' lang='lat' dir='ltr'><strong>qui</strong></span> <span class='ocrx_word' id='word_1_378' title='bbox 1355 4974 1479 5022; x_wconf 79' lang='lat' dir='ltr'><strong>male</strong></span> <span class='ocrx_word' id='word_1_379' title='bbox 1505 4986 1703 5022; x_wconf 85' lang='lat' dir='ltr'><strong>munere</strong></span> 
     </span>
     <span class='ocr_line' id='line_1_51' title="bbox 174 5049 1702 5114; baseline 0.002 -18"><span class='ocrx_word' id='word_1_380' title='bbox 174 5057 252 5096; x_wconf 77' lang='lat' dir='ltr'><strong>suu</strong></span> <span class='ocrx_word' id='word_1_381' title='bbox 269 5049 392 5110; x_wconf 76' lang='lat' dir='ltr'><strong>fungi</strong></span> <span class='ocrx_word' id='word_1_382' title='bbox 409 5049 687 5110; x_wconf 77' lang='lat' dir='ltr'><strong>videantur,</strong></span> <span class='ocrx_word' id='word_1_383' title='bbox 705 5053 754 5099; x_wconf 87' lang='lat' dir='ltr'><strong>et</strong></span> <span class='ocrx_word' id='word_1_384' title='bbox 776 5050 836 5100; x_wconf 90' lang='lat' dir='ltr'><strong>de</strong></span> <span class='ocrx_word' id='word_1_385' title='bbox 859 5052 1057 5114; x_wconf 80' lang='lat' dir='ltr'><strong>regionis</strong></span> <span class='ocrx_word' id='word_1_386' title='bbox 1073 5049 1292 5100; x_wconf 80' lang='lat' dir='ltr'><strong>custodia</strong></span> <span class='ocrx_word' id='word_1_387' title='bbox 1310 5054 1472 5114; x_wconf 76' lang='lat' dir='ltr'><strong>agunt.</strong></span> <span class='ocrx_word' id='word_1_388' title='bbox 1499 5071 1524 5094; x_wconf 69' lang='grc' dir='ltr'><strong>ιο</strong></span> <span class='ocrx_word' id='word_1_389' title='bbox 1556 5054 1702 5100; x_wconf 77' lang='lat' dir='ltr'><strong>Porro</strong></span> 
     </span>
     <span class='ocr_line' id='line_1_52' title="bbox 176 5124 1701 5191; baseline 0.006 -21"><span class='ocrx_word' id='word_1_390' title='bbox 176 5124 323 5186; x_wconf 81' lang='lat' dir='ltr'><strong>siquis</strong></span> <span class='ocrx_word' id='word_1_391' title='bbox 347 5127 544 5191; x_wconf 82' lang='lat' dir='ltr'><strong>publice</strong></span> <span class='ocrx_word' id='word_1_392' title='bbox 571 5140 746 5176; x_wconf 84' lang='lat' dir='ltr'><strong>nomen</strong></span> <span class='ocrx_word' id='word_1_393' title='bbox 762 5127 962 5190; x_wconf 70' lang='lat' dir='ltr'><strong>alicuius</strong></span> <span class='ocrx_word' id='word_1_394' title='bbox 979 5129 1163 5179; x_wconf 75' lang='lat' dir='ltr'><strong>deferre</strong></span> <span class='ocrx_word' id='word_1_395' title='bbox 1181 5129 1323 5189; x_wconf 79' lang='lat' dir='ltr'><strong>velit,</strong></span> <span class='ocrx_word' id='word_1_396' title='bbox 1347 5130 1438 5179; x_wconf 82' lang='lat' dir='ltr'><strong>hoc</strong></span> <span class='ocrx_word' id='word_1_397' title='bbox 1459 5142 1518 5179; x_wconf 86' lang='lat' dir='ltr'><strong>eo</strong></span> <span class='ocrx_word' id='word_1_398' title='bbox 1531 5128 1613 5178; x_wconf 89' lang='lat' dir='ltr'><strong>die</strong></span> <span class='ocrx_word' id='word_1_399' title='bbox 1630 5130 1701 5179; x_wconf 77' lang='lat' dir='ltr'><strong>sa-</strong></span> 
     </span>
     <span class='ocr_line' id='line_1_53' title="bbox 180 5201 418 5252; baseline 0.017 -4"><span class='ocrx_word' id='word_1_400' title='bbox 180 5209 278 5249; x_wconf 72' lang='lat' dir='ltr'><strong>eere</strong></span> <span class='ocrx_word' id='word_1_401' title='bbox 293 5201 418 5252; x_wconf 81' lang='lat' dir='ltr'><strong>lieet.</strong></span> 
     </span>
    </p>
   </div>
   <div class='ocr_carea' id='block_1_6' title="bbox 3239 501 3345 550">
    <p class='ocr_par' dir='ltr' id='par_1_8' title="bbox 3239 501 3345 550">
     <span class='ocr_line' id='line_1_54' title="bbox 3239 501 3345 550; baseline 0.009 -1"><span class='ocrx_word' id='word_1_402' title='bbox 3239 501 3345 550; x_wconf 69' lang='lat'><strong>117</strong></span> 
     </span>
    </p>
   </div>
   <div class='ocr_carea' id='block_1_7' title="bbox 1792 615 3391 1386">
    <p class='ocr_par' dir='ltr' id='par_1_9' title="bbox 1792 615 3391 1386">
     <span class='ocr_line' id='line_1_55' title="bbox 1800 615 3333 696; baseline 0.003 -23"><span class='ocrx_word' id='word_1_403' title='bbox 1800 619 1934 694; x_wconf 81' lang='grc' dir='ltr'>τρεῖς</span> <span class='ocrx_word' id='word_1_404' title='bbox 1957 620 2045 674; x_wconf 80' lang='grc' dir='ltr'><strong>τοῦ</strong></span> <span class='ocrx_word' id='word_1_405' title='bbox 2075 615 2233 692; x_wconf 79' lang='grc' dir='ltr'>μηνὸς</span> <span class='ocrx_word' id='word_1_406' title='bbox 2262 615 2530 687; x_wconf 81' lang='grc' dir='ltr'>Ἀθήνησιν</span> <span class='ocrx_word' id='word_1_407' title='bbox 2545 660 2561 687; x_wconf 91' lang='grc'>,</span> <span class='ocrx_word' id='word_1_408' title='bbox 2582 620 2617 686; x_wconf 81' lang='grc' dir='ltr'>ἡ</span> <span class='ocrx_word' id='word_1_409' title='bbox 2643 616 2824 696; x_wconf 81' lang='grc' dir='ltr'>πρώτη</span> <span class='ocrx_word' id='word_1_410' title='bbox 2852 618 2941 676; x_wconf 79' lang='grc' dir='ltr'><strong>καὶ</strong></span> <span class='ocrx_word' id='word_1_411' title='bbox 2964 617 3216 690; x_wconf 69' lang='grc' dir='ltr'>ἡδεκάτη</span> <span class='ocrx_word' id='word_1_412' title='bbox 3240 618 3333 677; x_wconf 79' lang='grc' dir='ltr'><strong>καὶ</strong></span> 
     </span>
     <span class='ocr_line' id='line_1_56' title="bbox 1796 701 3340 785; baseline 0.002 -24"><span class='ocrx_word' id='word_1_413' title='bbox 1796 707 1830 773; x_wconf 79' lang='grc' dir='ltr'>ἡ</span> <span class='ocrx_word' id='word_1_414' title='bbox 1857 702 2090 785; x_wconf 87' lang='grc' dir='ltr'>τριακάς.</span> <span class='ocrx_word' id='word_1_415' title='bbox 2124 703 2246 764; x_wconf 72' lang='grc' dir='ltr'>Εἰσὶ</span> <span class='ocrx_word' id='word_1_416' title='bbox 2277 701 2332 761; x_wconf 76' lang='grc' dir='ltr'>δὲ</span> <span class='ocrx_word' id='word_1_417' title='bbox 2360 704 2450 761; x_wconf 69' lang='grc' dir='ltr'><strong>καὶ</strong></span> <span class='ocrx_word' id='word_1_418' title='bbox 2470 703 2791 784; x_wconf 87' lang='grc' dir='ltr'>πρόσκλητοι</span> <span class='ocrx_word' id='word_1_419' title='bbox 2824 704 3170 783; x_wconf 82' lang='grc' dir='ltr'>συναγόμεναι</span> <span class='ocrx_word' id='word_1_420' title='bbox 3205 708 3340 764; x_wconf 86' lang='grc' dir='ltr'>κατά</span> 
     </span>
     <span class='ocr_line' id='line_1_57' title="bbox 1793 782 3391 868; baseline 0.002 -21"><span class='ocrx_word' id='word_1_421' title='bbox 1793 812 1908 848; x_wconf 90' lang='grc' dir='ltr'>τινα</span> <span class='ocrx_word' id='word_1_422' title='bbox 1955 788 2225 866; x_wconf 74' lang='grc' dir='ltr'>ἐπείγοντα</span> <span class='ocrx_word' id='word_1_423' title='bbox 2275 790 2581 868; x_wconf 87' lang='grc' dir='ltr'>πράγματα.</span> <span class='ocrx_word' id='word_1_424' title='bbox 2616 793 2685 849; x_wconf 77' lang='grc' dir='ltr'><strong>Αἱ</strong></span> <span class='ocrx_word' id='word_1_425' title='bbox 2728 789 2821 865; x_wconf 78' lang='grc' dir='ltr'>μὲν</span> <span class='ocrx_word' id='word_1_426' title='bbox 2868 782 2957 850; x_wconf 71' lang='grc' dir='ltr'><strong>οὗν</strong></span> <span class='ocrx_word' id='word_1_427' title='bbox 2998 793 3212 867; x_wconf 87' lang='grc' dir='ltr'>νόμιμοι</span> <span class='ocrx_word' id='word_1_428' title='bbox 3250 794 3341 860; x_wconf 68' lang='grc' dir='ltr'><strong>ἰαὶ</strong></span> <span class='ocrx_word' id='word_1_429' title='bbox 3387 809 3391 814; x_wconf 82' lang='grc'>’</span> 
     </span>
     <span class='ocr_line' id='line_1_58' title="bbox 1797 875 3344 956; baseline 0.003 -24"><span class='ocrx_word' id='word_1_430' title='bbox 1797 875 2085 956; x_wconf 68' lang='grc' dir='ltr'>ὡρισμέναι</span> <span class='ocrx_word' id='word_1_431' title='bbox 2111 876 2390 945; x_wconf 76' lang='grc' dir='ltr'>ἐκκλησίαι</span> <span class='ocrx_word' id='word_1_432' title='bbox 2419 875 2594 955; x_wconf 86' lang='grc' dir='ltr'>κύριαι</span> <span class='ocrx_word' id='word_1_433' title='bbox 2628 875 2868 953; x_wconf 81' lang='grc' dir='ltr'>λέγονται</span> <span class='ocrx_word' id='word_1_434' title='bbox 2888 920 2904 948; x_wconf 90' lang='grc'>,</span> <span class='ocrx_word' id='word_1_435' title='bbox 2936 880 3006 943; x_wconf 81' lang='grc' dir='ltr'>ὡς</span> <span class='ocrx_word' id='word_1_436' title='bbox 3033 875 3253 956; x_wconf 79' lang='grc' dir='ltr'>ἔφαμεν,</span> <span class='ocrx_word' id='word_1_437' title='bbox 3289 882 3344 937; x_wconf 78' lang='grc' dir='ltr'><strong>αἱ</strong></span> 
     </span>
     <span class='ocr_line' id='line_1_59' title="bbox 1796 959 3345 1042; baseline 0.001 -22"><span class='ocrx_word' id='word_1_438' title='bbox 1796 963 1851 1020; x_wconf 65' lang='grc' dir='ltr'>δὲ</span> <span class='ocrx_word' id='word_1_439' title='bbox 1878 961 2008 1042; x_wconf 79' lang='grc' dir='ltr'>πρὸς</span> <span class='ocrx_word' id='word_1_440' title='bbox 2029 959 2093 1018; x_wconf 78' lang='grc' dir='ltr'><strong>τὰ</strong></span> <span class='ocrx_word' id='word_1_441' title='bbox 2121 960 2491 1039; x_wconf 86' lang='grc' dir='ltr'>κατεπείγοντα</span> <span class='ocrx_word' id='word_1_442' title='bbox 2522 963 2867 1039; x_wconf 87' lang='grc' dir='ltr'>συναγόμεναι</span> <span class='ocrx_word' id='word_1_443' title='bbox 2892 962 3190 1040; x_wconf 79' lang='grc' dir='ltr'>σύγκλητοι.</span> <span class='ocrx_word' id='word_1_444' title='bbox 3216 970 3345 1023; x_wconf 74' lang='lat' dir='ltr'><strong>Haec</strong></span> 
     </span>
     <span class='ocr_line' id='line_1_60' title="bbox 1794 1052 3346 1124; baseline 0.002 -18"><span class='ocrx_word' id='word_1_445' title='bbox 1794 1052 1865 1106; x_wconf 86' lang='lat' dir='ltr'><strong>ad</strong></span> <span class='ocrx_word' id='word_1_446' title='bbox 1887 1063 2143 1123; x_wconf 83' lang='lat' dir='ltr'><strong>tempora</strong></span> <span class='ocrx_word' id='word_1_447' title='bbox 2168 1052 2479 1123; x_wconf 84' lang='lat' dir='ltr'><strong>posteriora</strong></span> <span class='ocrx_word' id='word_1_448' title='bbox 2505 1062 2755 1124; x_wconf 86' lang='lat' dir='ltr'><strong>spectare</strong></span> <span class='ocrx_word' id='word_1_449' title='bbox 2779 1052 3063 1112; x_wconf 77' lang='lat' dir='ltr'><strong>videntur.</strong></span> <span class='ocrx_word' id='word_1_450' title='bbox 3087 1054 3346 1109; x_wconf 84' lang='lat' dir='ltr'><strong>Ceterum</strong></span> 
     </span>
     <span class='ocr_line' id='line_1_61' title="bbox 1792 1139 3347 1213; baseline 0.003 -22"><span class='ocrx_word' id='word_1_451' title='bbox 1792 1157 1848 1196; x_wconf 81' lang='lat' dir='ltr'><strong>v.</strong></span> <span class='ocrx_word' id='word_1_452' title='bbox 1869 1139 2321 1194; x_wconf 86' lang='lat' dir='ltr'><strong>Schoemann.De</strong></span> <span class='ocrx_word' id='word_1_453' title='bbox 2335 1140 2574 1193; x_wconf 86' lang='lat' dir='ltr'><strong>comitiis</strong></span> <span class='ocrx_word' id='word_1_454' title='bbox 2588 1157 2649 1211; x_wconf 91' lang='lat' dir='ltr'><strong>p.</strong></span> <span class='ocrx_word' id='word_1_455' title='bbox 2680 1157 2754 1212; x_wconf 88' lang='grc'><strong>29</strong></span> <span class='ocrx_word' id='word_1_456' title='bbox 2782 1158 2932 1213; x_wconf 91' lang='lat' dir='ltr'><strong>sqq.,</strong></span> <span class='ocrx_word' id='word_1_457' title='bbox 2956 1141 3187 1212; x_wconf 84' lang='lat' dir='ltr'><strong>Antiqq.</strong></span> <span class='ocrx_word' id='word_1_458' title='bbox 3205 1141 3347 1211; x_wconf 86' lang='lat' dir='ltr'><strong>juris</strong></span> 
     </span>
     <span class='ocr_line' id='line_1_62' title="bbox 1794 1224 3335 1299; baseline 0.003 -20"><span class='ocrx_word' id='word_1_459' title='bbox 1794 1226 1953 1299; x_wconf 88' lang='lat' dir='ltr'><strong>publ.</strong></span> <span class='ocrx_word' id='word_1_460' title='bbox 2006 1243 2067 1297; x_wconf 90' lang='lat' dir='ltr'><strong>p.</strong></span> <span class='ocrx_word' id='word_1_461' title='bbox 2119 1224 2232 1279; x_wconf 88' lang='grc'><strong>226</strong></span> <span class='ocrx_word' id='word_1_462' title='bbox 2280 1242 2404 1297; x_wconf 87' lang='lat' dir='ltr'><strong>sqq.</strong></span> <span class='ocrx_word' id='word_1_463' title='bbox 2452 1237 2508 1280; x_wconf 91' lang='lat' dir='ltr'><strong>et</strong></span> <span class='ocrx_word' id='word_1_464' title='bbox 2551 1227 2858 1281; x_wconf 86' lang='lat' dir='ltr'><strong>Hermann.</strong></span> <span class='ocrx_word' id='word_1_465' title='bbox 2915 1226 3335 1284; x_wconf 68' lang='lat' dir='ltr'><strong>Staatmltcrth.</strong></span> 
     </span>
     <span class='ocr_line' id='line_1_63' title="bbox 1794 1311 2509 1386; baseline 0 -21"><span class='ocrx_word' id='word_1_466' title='bbox 1794 1312 1827 1386; x_wconf 84' lang='lat'>§</span> <span class='ocrx_word' id='word_1_467' title='bbox 1859 1311 1989 1380; x_wconf 76' lang='lat'><strong>128,</strong></span> <span class='ocrx_word' id='word_1_468' title='bbox 2019 1311 2212 1383; x_wconf 83' lang='lat' dir='ltr'><strong>ibique</strong></span> <span class='ocrx_word' id='word_1_469' title='bbox 2239 1311 2509 1367; x_wconf 83' lang='lat' dir='ltr'><strong>laudatos.</strong></span> 
     </span>
    </p>
   </div>
   <div class='ocr_carea' id='block_1_8' title="bbox 2514 1449 2608 1514">
    <p class='ocr_par' dir='ltr' id='par_1_10' title="bbox 2514 1449 2608 1514">
     <span class='ocr_line' id='line_1_64' title="bbox 2514 1449 2608 1514; baseline -0.021 -9"><span class='ocrx_word' id='word_1_470' title='bbox 2514 1449 2608 1514; x_wconf 75' lang='lat'><strong>34.</strong></span> 
     </span>
    </p>
   </div>
   <div class='ocr_carea' id='block_1_9' title="bbox 1785 1581 3425 3559">
    <p class='ocr_par' dir='ltr' id='par_1_11' title="bbox 1789 1581 3344 2355">
     <span class='ocr_line' id='line_1_65' title="bbox 1870 1581 3341 1661; baseline 0.003 -25"><span class='ocrx_word' id='word_1_471' title='bbox 1870 1582 2060 1637; x_wconf 88' lang='lat' dir='ltr'><strong>Schol.</strong></span> <span class='ocrx_word' id='word_1_472' title='bbox 2088 1582 2377 1655; x_wconf 83' lang='lat' dir='ltr'><strong>Aristoph.</strong></span> <span class='ocrx_word' id='word_1_473' title='bbox 2402 1584 2550 1639; x_wconf 91' lang='lat' dir='ltr'><strong>Plut.</strong></span> <span class='ocrx_word' id='word_1_474' title='bbox 2581 1582 2693 1653; x_wconf 87' lang='grc'><strong>278</strong></span> <span class='ocrx_word' id='word_1_475' title='bbox 2722 1603 2736 1637; x_wconf 77' lang='lat' dir='ltr'><em>z</em></span> <span class='ocrx_word' id='word_1_476' title='bbox 2768 1581 2899 1660; x_wconf 79' lang='grc' dir='ltr'>Περὶ</span> <span class='ocrx_word' id='word_1_477' title='bbox 2933 1587 3024 1640; x_wconf 81' lang='grc' dir='ltr'><strong>τοῦ</strong></span> <span class='ocrx_word' id='word_1_478' title='bbox 3052 1584 3341 1661; x_wconf 78' lang='grc' dir='ltr'>παραδιδο·</span> 
     </span>
     <span class='ocr_line' id='line_1_66' title="bbox 1794 1664 3344 1747; baseline 0.004 -25"><span class='ocrx_word' id='word_1_479' title='bbox 1794 1664 1949 1743; x_wconf 78' lang='grc' dir='ltr'>μένου</span> <span class='ocrx_word' id='word_1_480' title='bbox 1998 1674 2103 1733; x_wconf 85' lang='grc' dir='ltr'>τοῖς</span> <span class='ocrx_word' id='word_1_481' title='bbox 2156 1670 2400 1725; x_wconf 74' lang='grc' dir='ltr'>εἰσιοῦσιν</span> <span class='ocrx_word' id='word_1_482' title='bbox 2456 1670 2527 1733; x_wconf 84' lang='grc' dir='ltr'><strong>εἰς</strong></span> <span class='ocrx_word' id='word_1_483' title='bbox 2583 1666 2642 1725; x_wconf 80' lang='grc' dir='ltr'><strong>τὸ</strong></span> <span class='ocrx_word' id='word_1_484' title='bbox 2691 1668 3021 1747; x_wconf 86' lang='grc' dir='ltr'>δικαστήριον</span> <span class='ocrx_word' id='word_1_485' title='bbox 3075 1670 3344 1744; x_wconf 79' lang='grc' dir='ltr'>συμὸόλου</span> 
     </span>
     <span class='ocr_line' id='line_1_67' title="bbox 1795 1749 3338 1832; baseline 0 -20"><span class='ocrx_word' id='word_1_486' title='bbox 1795 1751 2153 1830; x_wconf 82' lang='grc' dir='ltr'>Ἀριστοτέλης</span> <span class='ocrx_word' id='word_1_487' title='bbox 2189 1755 2242 1811; x_wconf 73' lang='grc' dir='ltr'>ἓν</span> <span class='ocrx_word' id='word_1_488' title='bbox 2276 1756 2342 1830; x_wconf 83' lang='grc' dir='ltr'><strong>τῇ</strong></span> <span class='ocrx_word' id='word_1_489' title='bbox 2376 1749 2657 1824; x_wconf 75' lang='grc' dir='ltr'>Ἀθηναίων</span> <span class='ocrx_word' id='word_1_490' title='bbox 2696 1752 2932 1831; x_wconf 75' lang='grc' dir='ltr'>πολιτείᾳ</span> <span class='ocrx_word' id='word_1_491' title='bbox 2961 1751 3097 1812; x_wconf 73' lang='grc' dir='ltr'>οὕτω</span> <span class='ocrx_word' id='word_1_492' title='bbox 3127 1754 3338 1832; x_wconf 69' lang='grc' dir='ltr'>γράφει·</span> 
     </span>
     <span class='ocr_line' id='line_1_68' title="bbox 1795 1839 3343 1921; baseline 0.005 -31"><span class='ocrx_word' id='word_1_493' title='bbox 1795 1865 1819 1890; x_wconf 74' lang='grc' dir='ltr'>ιι</span> <span class='ocrx_word' id='word_1_494' title='bbox 1848 1840 1974 1906; x_wconf 83' lang='grc' dir='ltr'>Τοῖς</span> <span class='ocrx_word' id='word_1_495' title='bbox 2009 1839 2109 1921; x_wconf 75' lang='grc' dir='ltr'><strong>γὰρ</strong></span> <span class='ocrx_word' id='word_1_496' title='bbox 2146 1839 2492 1919; x_wconf 86' lang='grc' dir='ltr'>δικαστηρίοις</span> <span class='ocrx_word' id='word_1_497' title='bbox 2527 1843 2719 1918; x_wconf 82' lang='grc' dir='ltr'>χρῶμα</span> <span class='ocrx_word' id='word_1_498' title='bbox 2773 1841 2803 1870; x_wconf 70' lang='lat'>⁸</span> <span class='ocrx_word' id='word_1_499' title='bbox 2822 1840 2933 1868; x_wconf 74' lang='lat'><strong>*⁴¹*</strong></span> <span class='ocrx_word' id='word_1_500' title='bbox 2961 1839 3343 1920; x_wconf 79' lang='grc' dir='ltr'>ἐπιγέγραπται</span> 
     </span>
     <span class='ocr_line' id='line_1_69' title="bbox 1791 1924 3341 2009; baseline 0.001 -26"><span class='ocrx_word' id='word_1_501' title='bbox 1791 1925 1870 2006; x_wconf 75' lang='grc' dir='ltr'><strong>ἐφ’</strong></span> <span class='ocrx_word' id='word_1_502' title='bbox 1889 1926 2097 2009; x_wconf 77' lang='grc' dir='ltr'>ἑκάστῳ</span> <span class='ocrx_word' id='word_1_503' title='bbox 2121 1927 2208 1986; x_wconf 77' lang='grc' dir='ltr'><strong>ἐπὶ</strong></span> <span class='ocrx_word' id='word_1_504' title='bbox 2227 1930 2302 2007; x_wconf 81' lang='grc' dir='ltr'><strong>τῷ</strong></span> <span class='ocrx_word' id='word_1_505' title='bbox 2330 1926 2602 2006; x_wconf 72' lang='grc' dir='ltr'>σφηκίσκῳ</span> <span class='ocrx_word' id='word_1_506' title='bbox 2622 1929 2716 1997; x_wconf 76' lang='grc' dir='ltr'><strong>τῆς</strong></span> <span class='ocrx_word' id='word_1_507' title='bbox 2744 1924 2962 1988; x_wconf 88' lang='grc' dir='ltr'>εἰσόδου.</span> <span class='ocrx_word' id='word_1_508' title='bbox 2990 1925 3059 1987; x_wconf 87' lang='grc' dir='ltr'>Ὅ</span> <span class='ocrx_word' id='word_1_509' title='bbox 3080 1926 3133 1984; x_wconf 80' lang='grc' dir='ltr'>δὲ</span> <span class='ocrx_word' id='word_1_510' title='bbox 3161 1928 3341 1985; x_wconf 61' lang='lat' dir='ltr'><strong>Meam</strong></span> 
     </span>
     <span class='ocr_line' id='line_1_70' title="bbox 1789 2012 3341 2096; baseline 0.002 -26"><span class='ocrx_word' id='word_1_511' title='bbox 1789 2012 1885 2084; x_wconf 85' lang='grc' dir='ltr'><strong>τὴν</strong></span> <span class='ocrx_word' id='word_1_512' title='bbox 1911 2015 2200 2096; x_wconf 88' lang='grc' dir='ltr'>βακτηρίαν</span> <span class='ocrx_word' id='word_1_513' title='bbox 2227 2014 2425 2094; x_wconf 85' lang='grc' dir='ltr'>βαδίζει</span> <span class='ocrx_word' id='word_1_514' title='bbox 2450 2016 2520 2080; x_wconf 87' lang='grc' dir='ltr'><strong>εἰς</strong></span> <span class='ocrx_word' id='word_1_515' title='bbox 2543 2012 2874 2093; x_wconf 79' lang='grc' dir='ltr'>δικαστήριον</span> <span class='ocrx_word' id='word_1_516' title='bbox 2893 2013 2952 2071; x_wconf 81' lang='grc' dir='ltr'><strong>τὸ</strong></span> <span class='ocrx_word' id='word_1_517' title='bbox 2974 2012 3228 2095; x_wconf 82' lang='grc' dir='ltr'>ὁμόχρουν</span> <span class='ocrx_word' id='word_1_518' title='bbox 3246 2015 3341 2092; x_wconf 77' lang='grc' dir='ltr'>μὲν</span> 
     </span>
     <span class='ocr_line' id='line_1_71' title="bbox 1790 2099 3339 2183; baseline 0 -24"><span class='ocrx_word' id='word_1_519' title='bbox 1790 2104 1855 2179; x_wconf 85' lang='grc' dir='ltr'><strong>τῇ</strong></span> <span class='ocrx_word' id='word_1_520' title='bbox 1897 2101 2184 2183; x_wconf 71' lang='grc' dir='ltr'>βακτηρία,</span> <span class='ocrx_word' id='word_1_521' title='bbox 2219 2100 2338 2179; x_wconf 81' lang='grc' dir='ltr'>ἔχον</span> <span class='ocrx_word' id='word_1_522' title='bbox 2366 2099 2419 2159; x_wconf 81' lang='grc' dir='ltr'>δὲ</span> <span class='ocrx_word' id='word_1_523' title='bbox 2457 2101 2517 2158; x_wconf 76' lang='grc' dir='ltr'><strong>τὸ</strong></span> <span class='ocrx_word' id='word_1_524' title='bbox 2563 2100 2690 2159; x_wconf 76' lang='grc' dir='ltr'>αὐτὸ</span> <span class='ocrx_word' id='word_1_525' title='bbox 2730 2101 2983 2180; x_wconf 82' lang='grc' dir='ltr'>γράμμα,</span> <span class='ocrx_word' id='word_1_526' title='bbox 3024 2101 3153 2180; x_wconf 78' lang='grc' dir='ltr'>ὅπερ</span> <span class='ocrx_word' id='word_1_527' title='bbox 3187 2105 3237 2160; x_wconf 81' lang='grc' dir='ltr'>ἐν</span> <span class='ocrx_word' id='word_1_528' title='bbox 3273 2108 3339 2182; x_wconf 83' lang='grc' dir='ltr'><strong>τῇ</strong></span> 
     </span>
     <span class='ocr_line' id='line_1_72' title="bbox 1793 2185 3339 2267; baseline 0.001 -23"><span class='ocrx_word' id='word_1_529' title='bbox 1793 2186 2027 2267; x_wconf 83' lang='grc' dir='ltr'>βαλάνῳ.</span> <span class='ocrx_word' id='word_1_530' title='bbox 2052 2187 2303 2249; x_wconf 82' lang='grc' dir='ltr'>Ἐπειδὰν</span> <span class='ocrx_word' id='word_1_531' title='bbox 2319 2185 2375 2246; x_wconf 76' lang='grc' dir='ltr'>δὲ</span> <span class='ocrx_word' id='word_1_532' title='bbox 2397 2188 2628 2266; x_wconf 79' lang='grc' dir='ltr'>εἰσέλθῃ,</span> <span class='ocrx_word' id='word_1_533' title='bbox 2647 2186 3054 2267; x_wconf 79' lang='grc' dir='ltr'>παραλαμὸάνει</span> <span class='ocrx_word' id='word_1_534' title='bbox 3078 2188 3339 2266; x_wconf 76' lang='grc' dir='ltr'>σύμὸολον</span> 
     </span>
     <span class='ocr_line' id='line_1_73' title="bbox 1799 2273 3253 2355; baseline -0.004 -22"><span class='ocrx_word' id='word_1_535' title='bbox 1799 2275 2028 2355; x_wconf 74' lang='grc' dir='ltr'>δημοσίᾳ</span> <span class='ocrx_word' id='word_1_536' title='bbox 2058 2273 2205 2354; x_wconf 76' lang='grc' dir='ltr'>παρὰ</span> <span class='ocrx_word' id='word_1_537' title='bbox 2241 2279 2336 2333; x_wconf 77' lang='grc' dir='ltr'><strong>τοῦ</strong></span> <span class='ocrx_word' id='word_1_538' title='bbox 2366 2274 2630 2353; x_wconf 83' lang='grc' dir='ltr'>εἰληχότος</span> <span class='ocrx_word' id='word_1_539' title='bbox 2665 2274 2860 2345; x_wconf 85' lang='grc' dir='ltr'>ταύτην</span> <span class='ocrx_word' id='word_1_540' title='bbox 2888 2274 2981 2345; x_wconf 77' lang='grc' dir='ltr'><strong>τὴν</strong></span> <span class='ocrx_word' id='word_1_541' title='bbox 3012 2277 3200 2355; x_wconf 80' lang='grc' dir='ltr'>ἀρχήν.</span> <span class='ocrx_word' id='word_1_542' title='bbox 3231 2303 3253 2327; x_wconf 68' lang='grc' dir='ltr'>υ</span> 
     </span>
    </p>

    <p class='ocr_par' dir='ltr' id='par_1_12' title="bbox 1785 2363 3425 3559">
     <span class='ocr_line' id='line_1_74' title="bbox 1870 2363 3339 2442; baseline 0 -24"><span class='ocrx_word' id='word_1_543' title='bbox 1870 2387 1895 2412; x_wconf 77' lang='grc' dir='ltr'>ιι</span> <span class='ocrx_word' id='word_1_544' title='bbox 1919 2366 2051 2419; x_wconf 87' lang='lat' dir='ltr'><strong>Post</strong></span> <span class='ocrx_word' id='word_1_545' title='bbox 2075 2365 2292 2442; x_wconf 79' lang='grc' dir='ltr'>χρῶμα,</span> <span class='ocrx_word' id='word_1_546' title='bbox 2328 2364 2399 2418; x_wconf 85' lang='lat' dir='ltr'><strong>ab</strong></span> <span class='ocrx_word' id='word_1_547' title='bbox 2426 2365 2845 2419; x_wconf 81' lang='lat' dir='ltr'><strong>Hemsterhusio</strong></span> <span class='ocrx_word' id='word_1_548' title='bbox 2866 2364 3007 2420; x_wconf 86' lang='lat' dir='ltr'><strong>male</strong></span> <span class='ocrx_word' id='word_1_549' title='bbox 3034 2366 3094 2418; x_wconf 87' lang='lat' dir='ltr'><strong>in</strong></span> <span class='ocrx_word' id='word_1_550' title='bbox 3117 2363 3339 2440; x_wconf 80' lang='grc' dir='ltr'>γράμμα</span> 
     </span>
     <span class='ocr_line' id='line_1_75' title="bbox 1790 2448 3339 2521; baseline 0.001 -17"><span class='ocrx_word' id='word_1_551' title='bbox 1790 2460 2066 2504; x_wconf 83' lang='lat' dir='ltr'><strong>mutatum</strong></span> <span class='ocrx_word' id='word_1_552' title='bbox 2084 2491 2100 2516; x_wconf 91' lang='lat'><strong>,</strong></span> <span class='ocrx_word' id='word_1_553' title='bbox 2132 2452 2387 2505; x_wconf 85' lang='lat' dir='ltr'><strong>lacunam</strong></span> <span class='ocrx_word' id='word_1_554' title='bbox 2422 2448 2689 2504; x_wconf 80' lang='lat' dir='ltr'><strong>indicavit</strong></span> <span class='ocrx_word' id='word_1_555' title='bbox 2729 2450 3020 2504; x_wconf 72' lang='lat' dir='ltr'><strong>DobraeuS.</strong></span> <span class='ocrx_word' id='word_1_556' title='bbox 3057 2452 3192 2521; x_wconf 85' lang='lat' dir='ltr'><strong>Quae</strong></span> <span class='ocrx_word' id='word_1_557' title='bbox 3223 2452 3339 2505; x_wconf 88' lang='lat' dir='ltr'><strong>for-</strong></span> 
     </span>
     <span class='ocr_line' id='line_1_76' title="bbox 1789 2531 3339 2613; baseline 0.001 -22"><span class='ocrx_word' id='word_1_558' title='bbox 1789 2546 1926 2591; x_wconf 84' lang='lat' dir='ltr'><strong>tasse</strong></span> <span class='ocrx_word' id='word_1_559' title='bbox 1947 2537 2025 2591; x_wconf 88' lang='lat' dir='ltr'><strong>sic</strong></span> <span class='ocrx_word' id='word_1_560' title='bbox 2049 2547 2131 2591; x_wconf 87' lang='lat' dir='ltr'><strong>est</strong></span> <span class='ocrx_word' id='word_1_561' title='bbox 2153 2536 2428 2608; x_wconf 83' lang='lat' dir='ltr'><strong>explenda</strong></span> <span class='ocrx_word' id='word_1_562' title='bbox 2450 2545 2513 2589; x_wconf 91' lang='lat' dir='ltr'><strong>ut</strong></span> <span class='ocrx_word' id='word_1_563' title='bbox 2530 2536 2825 2605; x_wconf 83' lang='lat' dir='ltr'><strong>scribatur,</strong></span> <span class='ocrx_word' id='word_1_564' title='bbox 2845 2541 2950 2600; x_wconf 88' lang='grc' dir='ltr'>τοῖς</span> <span class='ocrx_word' id='word_1_565' title='bbox 2967 2531 3068 2613; x_wconf 77' lang='grc' dir='ltr'><strong>γὰρ</strong></span> <span class='ocrx_word' id='word_1_566' title='bbox 3093 2536 3339 2608; x_wconf 72' lang='grc' dir='ltr'>δικαστη-</span> 
     </span>
     <span class='ocr_line' id='line_1_77' title="bbox 1791 2618 3339 2700; baseline 0 -22"><span class='ocrx_word' id='word_1_567' title='bbox 1791 2619 1916 2699; x_wconf 86' lang='grc' dir='ltr'>ρίοις</span> <span class='ocrx_word' id='word_1_568' title='bbox 1941 2619 2134 2699; x_wconf 86' lang='grc' dir='ltr'>χρῶμά</span> <span class='ocrx_word' id='word_1_569' title='bbox 2165 2619 2222 2677; x_wconf 77' lang='grc' dir='ltr'><strong>τί</strong></span> <span class='ocrx_word' id='word_1_570' title='bbox 2252 2623 2392 2678; x_wconf 78' lang='grc' dir='ltr'>ἐστιν</span> <span class='ocrx_word' id='word_1_571' title='bbox 2425 2621 2553 2676; x_wconf 83' lang='grc' dir='ltr'>ἴδιον</span> <span class='ocrx_word' id='word_1_572' title='bbox 2584 2618 2791 2699; x_wconf 75' lang='grc' dir='ltr'>ἑκάστῳ</span> <span class='ocrx_word' id='word_1_573' title='bbox 2810 2662 2829 2695; x_wconf 86' lang='lat'><strong>,</strong></span> <span class='ocrx_word' id='word_1_574' title='bbox 2859 2619 2950 2677; x_wconf 77' lang='grc' dir='ltr'><strong>καὶ</strong></span> <span class='ocrx_word' id='word_1_575' title='bbox 2972 2620 3194 2700; x_wconf 86' lang='grc' dir='ltr'>γράμμα</span> <span class='ocrx_word' id='word_1_576' title='bbox 3220 2623 3339 2679; x_wconf 74' lang='grc' dir='ltr'>ἐπι-</span> 
     </span>
     <span class='ocr_line' id='line_1_78' title="bbox 1789 2704 3341 2786; baseline 0 -22"><span class='ocrx_word' id='word_1_577' title='bbox 1789 2705 2085 2785; x_wconf 73' lang='grc' dir='ltr'>γέγραπται</span> <span class='ocrx_word' id='word_1_578' title='bbox 2128 2706 2217 2764; x_wconf 65' lang='lat' dir='ltr'><strong>{nt</strong></span> <span class='ocrx_word' id='word_1_579' title='bbox 2260 2709 2337 2784; x_wconf 83' lang='grc' dir='ltr'><strong>τῷ</strong></span> <span class='ocrx_word' id='word_1_580' title='bbox 2375 2704 2651 2786; x_wconf 79' lang='grc' dir='ltr'>σφηκίσκῳ</span> <span class='ocrx_word' id='word_1_581' title='bbox 2683 2710 2775 2777; x_wconf 81' lang='grc' dir='ltr'>τ’ῆς</span> <span class='ocrx_word' id='word_1_582' title='bbox 2806 2705 3030 2764; x_wconf 85' lang='grc' dir='ltr'>εἰσόδου.</span> <span class='ocrx_word' id='word_1_583' title='bbox 3082 2710 3212 2764; x_wconf 82' lang='lat' dir='ltr'><strong>Non</strong></span> <span class='ocrx_word' id='word_1_584' title='bbox 3259 2722 3341 2764; x_wconf 91' lang='lat' dir='ltr'><strong>est</strong></span> 
     </span>
     <span class='ocr_line' id='line_1_79' title="bbox 1789 2790 3348 2872; baseline 0.001 -23"><span class='ocrx_word' id='word_1_585' title='bbox 1789 2795 2015 2850; x_wconf 79' lang='lat' dir='ltr'><strong>aliunde</strong></span> <span class='ocrx_word' id='word_1_586' title='bbox 2040 2796 2296 2869; x_wconf 84' lang='lat' dir='ltr'><strong>cognitus</strong></span> <span class='ocrx_word' id='word_1_587' title='bbox 2318 2795 2408 2849; x_wconf 89' lang='lat' dir='ltr'><strong>hic</strong></span> <span class='ocrx_word' id='word_1_588' title='bbox 2422 2813 2549 2849; x_wconf 87' lang='lat' dir='ltr'><strong>usus</strong></span> <span class='ocrx_word' id='word_1_589' title='bbox 2566 2794 2827 2849; x_wconf 77' lang='lat' dir='ltr'><strong>vocabuli</strong></span> <span class='ocrx_word' id='word_1_590' title='bbox 2850 2790 3161 2872; x_wconf 81' lang='grc' dir='ltr'>σφηκίσκος,</span> <span class='ocrx_word' id='word_1_591' title='bbox 3180 2792 3348 2868; x_wconf 73' lang='lat' dir='ltr'><strong>quod</strong></span> 
     </span>
     <span class='ocr_line' id='line_1_80' title="bbox 1788 2877 3336 2959; baseline -0.001 -22"><span class='ocrx_word' id='word_1_592' title='bbox 1788 2883 1850 2937; x_wconf 89' lang='lat' dir='ltr'><strong>in</strong></span> <span class='ocrx_word' id='word_1_593' title='bbox 1909 2877 2180 2959; x_wconf 76' lang='grc' dir='ltr'>σφηνίσκῳ</span> <span class='ocrx_word' id='word_1_594' title='bbox 2226 2881 2559 2936; x_wconf 88' lang='lat' dir='ltr'><strong>mutandum</strong></span> <span class='ocrx_word' id='word_1_595' title='bbox 2615 2880 2914 2936; x_wconf 80' lang='lat' dir='ltr'><strong>videbatur</strong></span> <span class='ocrx_word' id='word_1_596' title='bbox 2965 2881 3336 2936; x_wconf 86' lang='lat' dir='ltr'><strong>Schoemanno</strong></span> 
     </span>
     <span class='ocr_line' id='line_1_81' title="bbox 1791 2967 3347 3043; baseline -0.001 -20"><span class='ocrx_word' id='word_1_597' title='bbox 1791 2968 2116 3043; x_wconf 82' lang='lat' dir='ltr'><strong>(Dissertat.</strong></span> <span class='ocrx_word' id='word_1_598' title='bbox 2159 2970 2231 3022; x_wconf 83' lang='lat' dir='ltr'><strong>de</strong></span> <span class='ocrx_word' id='word_1_599' title='bbox 2269 2973 2555 3023; x_wconf 76' lang='lat' dir='ltr'><strong>sortitione</strong></span> <span class='ocrx_word' id='word_1_600' title='bbox 2580 2968 2836 3038; x_wconf 81' lang='lat' dir='ltr'><strong>judicum</strong></span> <span class='ocrx_word' id='word_1_601' title='bbox 2873 2986 2966 3040; x_wconf 86' lang='lat' dir='ltr'><strong>ap.</strong></span> <span class='ocrx_word' id='word_1_602' title='bbox 3024 2967 3228 3022; x_wconf 79' lang='lat' dir='ltr'><strong>Athen.</strong></span> <span class='ocrx_word' id='word_1_603' title='bbox 3262 2968 3347 3021; x_wconf 68' lang='lat' dir='ltr'><strong>ad</strong></span> 
     </span>
     <span class='ocr_line' id='line_1_82' title="bbox 1788 3049 3339 3128; baseline -0.003 -17"><span class='ocrx_word' id='word_1_604' title='bbox 1788 3056 1960 3111; x_wconf 74' lang='lat' dir='ltr'><strong>schol.</strong></span> <span class='ocrx_word' id='word_1_605' title='bbox 1998 3058 2167 3109; x_wconf 76' lang='lat' dir='ltr'><strong>Arist.</strong></span> <span class='ocrx_word' id='word_1_606' title='bbox 2198 3055 2349 3111; x_wconf 72' lang='lat' dir='ltr'><strong>Plut.</strong></span> <span class='ocrx_word' id='word_1_607' title='bbox 2384 3076 2433 3116; x_wconf 75' lang='grc' dir='ltr'><strong>ν.</strong></span> <span class='ocrx_word' id='word_1_608' title='bbox 2464 3072 2599 3125; x_wconf 83' lang='grc'>277.</span> <span class='ocrx_word' id='word_1_609' title='bbox 2641 3053 3116 3128; x_wconf 69' lang='lat' dir='ltr'><strong>thphiswaldiae</strong></span> <span class='ocrx_word' id='word_1_610' title='bbox 3149 3049 3339 3127; x_wconf 78' lang='lat'>1820)</span> 
     </span>
     <span class='ocr_line' id='line_1_83' title="bbox 1787 3137 3335 3217; baseline 0 -19"><span class='ocrx_word' id='word_1_611' title='bbox 1787 3163 1849 3217; x_wconf 85' lang='lat' dir='ltr'><strong>p.</strong></span> <span class='ocrx_word' id='word_1_612' title='bbox 1889 3141 1957 3198; x_wconf 83' lang='lat'><strong>15</strong></span> <span class='ocrx_word' id='word_1_613' title='bbox 1978 3184 1994 3210; x_wconf 91' lang='lat'><strong>,</strong></span> <span class='ocrx_word' id='word_1_614' title='bbox 2036 3143 2181 3197; x_wconf 83' lang='lat' dir='ltr'><strong>male</strong></span> <span class='ocrx_word' id='word_1_615' title='bbox 2210 3141 2352 3197; x_wconf 86' lang='lat' dir='ltr'><strong>illud</strong></span> <span class='ocrx_word' id='word_1_616' title='bbox 2390 3159 2500 3216; x_wconf 88' lang='lat' dir='ltr'><strong>pro</strong></span> <span class='ocrx_word' id='word_1_617' title='bbox 2529 3137 2742 3215; x_wconf 79' lang='grc' dir='ltr'>ἀίτωμα</span> <span class='ocrx_word' id='word_1_618' title='bbox 2768 3159 2813 3200; x_wconf 86' lang='lat' dir='ltr'><strong>s.</strong></span> <span class='ocrx_word' id='word_1_619' title='bbox 2840 3137 2987 3204; x_wconf 77' lang='grc' dir='ltr'>ἀετὸς</span> <span class='ocrx_word' id='word_1_620' title='bbox 3018 3142 3335 3214; x_wconf 78' lang='lat' dir='ltr'><strong>accipienti.</strong></span> 
     </span>
     <span class='ocr_line' id='line_1_84' title="bbox 1785 3227 3425 3304; baseline -0.001 -19"><span class='ocrx_word' id='word_1_621' title='bbox 1785 3231 2150 3304; x_wconf 61' lang='lat' dir='ltr'><strong>Super-caium</strong></span> <span class='ocrx_word' id='word_1_622' title='bbox 2178 3233 2381 3298; x_wconf 82' lang='lat' dir='ltr'><strong>januoe</strong></span> <span class='ocrx_word' id='word_1_623' title='bbox 2416 3230 2817 3301; x_wconf 85' lang='lat' dir='ltr'><strong>interpretatur</strong></span> <span class='ocrx_word' id='word_1_624' title='bbox 2838 3227 3136 3283; x_wconf 83' lang='lat' dir='ltr'><strong>Boeckhius</strong></span> <span class='ocrx_word' id='word_1_625' title='bbox 3163 3229 3336 3300; x_wconf 76' lang='lat' dir='ltr'><strong>enrp.</strong></span> <span class='ocrx_word' id='word_1_626' title='bbox 3414 3285 3425 3296; x_wconf 61' lang='grc'>,</span> 
     </span>
     <span class='ocr_line' id='line_1_85' title="bbox 1790 3314 3338 3388; baseline -0.003 -17"><span class='ocrx_word' id='word_1_627' title='bbox 1790 3318 1973 3371; x_wconf 88' lang='lat' dir='ltr'><strong>Inscr.</strong></span> <span class='ocrx_word' id='word_1_628' title='bbox 2006 3315 2123 3370; x_wconf 82' lang='lat' dir='ltr'><strong>vol.</strong></span> <span class='ocrx_word' id='word_1_629' title='bbox 2149 3316 2206 3382; x_wconf 87' lang='grc' dir='ltr'><strong>Ι,</strong></span> <span class='ocrx_word' id='word_1_630' title='bbox 2229 3332 2289 3388; x_wconf 89' lang='lat' dir='ltr'><strong>p.</strong></span> <span class='ocrx_word' id='word_1_631' title='bbox 2320 3314 2455 3379; x_wconf 73' lang='lat'><strong>341.</strong></span> <span class='ocrx_word' id='word_1_632' title='bbox 2483 3315 2623 3369; x_wconf 86' lang='lat' dir='ltr'><strong>Mihi</strong></span> <span class='ocrx_word' id='word_1_633' title='bbox 2651 3333 2770 3370; x_wconf 90' lang='lat' dir='ltr'><strong>non</strong></span> <span class='ocrx_word' id='word_1_634' title='bbox 2790 3314 2863 3369; x_wconf 87' lang='lat' dir='ltr'><strong>de</strong></span> <span class='ocrx_word' id='word_1_635' title='bbox 2892 3323 3012 3370; x_wconf 88' lang='lat' dir='ltr'><strong>toto</strong></span> <span class='ocrx_word' id='word_1_636' title='bbox 3039 3315 3338 3387; x_wconf 84' lang='lat' dir='ltr'><strong>supercilio</strong></span> 
     </span>
     <span class='ocr_line' id='line_1_86' title="bbox 1787 3399 3338 3474; baseline -0.002 -18"><span class='ocrx_word' id='word_1_637' title='bbox 1787 3400 2215 3474; x_wconf 82' lang='lat' dir='ltr'><strong>intelligendum</strong></span> <span class='ocrx_word' id='word_1_638' title='bbox 2236 3417 2349 3454; x_wconf 84' lang='lat' dir='ltr'><strong>esse</strong></span> <span class='ocrx_word' id='word_1_639' title='bbox 2375 3399 2620 3468; x_wconf 77' lang='lat' dir='ltr'><strong>videtur,</strong></span> <span class='ocrx_word' id='word_1_640' title='bbox 2643 3399 2742 3454; x_wconf 85' lang='lat' dir='ltr'><strong>sed</strong></span> <span class='ocrx_word' id='word_1_641' title='bbox 2770 3399 2843 3454; x_wconf 89' lang='lat' dir='ltr'><strong>de</strong></span> <span class='ocrx_word' id='word_1_642' title='bbox 2866 3399 3050 3472; x_wconf 82' lang='lat' dir='ltr'><strong>lapide</strong></span> <span class='ocrx_word' id='word_1_643' title='bbox 3071 3401 3161 3454; x_wconf 82' lang='lat' dir='ltr'><strong>vel</strong></span> <span class='ocrx_word' id='word_1_644' title='bbox 3185 3399 3338 3473; x_wconf 84' lang='lat' dir='ltr'><strong>ligno</strong></span> 
     </span>
     <span class='ocr_line' id='line_1_87' title="bbox 1787 3485 3340 3559; baseline 0 -19"><span class='ocrx_word' id='word_1_645' title='bbox 1787 3486 1945 3559; x_wconf 85' lang='lat' dir='ltr'><strong>quod</strong></span> <span class='ocrx_word' id='word_1_646' title='bbox 1970 3489 2030 3541; x_wconf 88' lang='lat' dir='ltr'><strong>in</strong></span> <span class='ocrx_word' id='word_1_647' title='bbox 2058 3485 2247 3540; x_wconf 89' lang='lat' dir='ltr'><strong>medio</strong></span> <span class='ocrx_word' id='word_1_648' title='bbox 2274 3486 2573 3557; x_wconf 86' lang='lat' dir='ltr'><strong>supercilio</strong></span> <span class='ocrx_word' id='word_1_649' title='bbox 2602 3486 2787 3558; x_wconf 71' lang='lat' dir='ltr'><strong>januae</strong></span> <span class='ocrx_word' id='word_1_650' title='bbox 2812 3485 3106 3558; x_wconf 81' lang='lat' dir='ltr'><strong>paululum</strong></span> <span class='ocrx_word' id='word_1_651' title='bbox 3133 3487 3340 3540; x_wconf 84' lang='lat' dir='ltr'><strong>eminet</strong></span> 
     </span>
    </p>
   </div>
   <div class='ocr_carea' id='block_1_10' title="bbox 1763 3571 3335 3647">
    <p class='ocr_par' dir='ltr' id='par_1_13' title="bbox 1763 3571 3335 3647">
     <span class='ocr_line' id='line_1_88' title="bbox 1763 3571 3335 3647; baseline 0.001 -20"><span class='ocrx_word' id='word_1_652' title='bbox 1763 3575 2258 3647; x_wconf 77' lang='lat' dir='ltr'><strong>·superciliumque</strong></span> <span class='ocrx_word' id='word_1_653' title='bbox 2285 3573 2447 3626; x_wconf 90' lang='lat' dir='ltr'><strong>cunei</strong></span> <span class='ocrx_word' id='word_1_654' title='bbox 2476 3573 2646 3626; x_wconf 81' lang='lat' dir='ltr'><strong>instar</strong></span> <span class='ocrx_word' id='word_1_655' title='bbox 2664 3574 2721 3625; x_wconf 89' lang='lat' dir='ltr'><strong>in</strong></span> <span class='ocrx_word' id='word_1_656' title='bbox 2740 3571 2877 3627; x_wconf 85' lang='lat' dir='ltr'><strong>duas</strong></span> <span class='ocrx_word' id='word_1_657' title='bbox 2893 3583 3078 3645; x_wconf 81' lang='lat' dir='ltr'><strong>partes</strong></span> <span class='ocrx_word' id='word_1_658' title='bbox 3095 3571 3297 3627; x_wconf 82' lang='lat' dir='ltr'><strong>dividit</strong></span> <span class='ocrx_word' id='word_1_659' title='bbox 3319 3592 3335 3628; x_wconf 68' lang='grc' dir='ltr'>ι</span> 
     </span>
    </p>
   </div>
   <div class='ocr_carea' id='block_1_11' title="bbox 1786 3650 3428 4417">
    <p class='ocr_par' dir='ltr' id='par_1_14' title="bbox 1786 3650 3428 4417">
     <span class='ocr_line' id='line_1_89' title="bbox 1789 3650 3428 3736; baseline 0.001 -23"><span class='ocrx_word' id='word_1_660' title='bbox 1789 3658 1947 3732; x_wconf 91' lang='lat' dir='ltr'><strong>quod</strong></span> <span class='ocrx_word' id='word_1_661' title='bbox 1977 3670 2034 3714; x_wconf 88' lang='lat' dir='ltr'><strong>et</strong></span> <span class='ocrx_word' id='word_1_662' title='bbox 2072 3656 2357 3736; x_wconf 79' lang='grc' dir='ltr'>σφηκίσκος</span> <span class='ocrx_word' id='word_1_663' title='bbox 2396 3668 2452 3713; x_wconf 92' lang='lat' dir='ltr'><strong>et</strong></span> <span class='ocrx_word' id='word_1_664' title='bbox 2487 3654 2769 3734; x_wconf 81' lang='grc' dir='ltr'>σφηνίσκος</span> <span class='ocrx_word' id='word_1_665' title='bbox 2803 3669 2932 3731; x_wconf 79' lang='lat' dir='ltr'><strong>apte</strong></span> <span class='ocrx_word' id='word_1_666' title='bbox 2976 3657 3090 3712; x_wconf 90' lang='lat' dir='ltr'><strong>dici</strong></span> <span class='ocrx_word' id='word_1_667' title='bbox 3132 3661 3337 3731; x_wconf 88' lang='lat' dir='ltr'><strong>potuit.</strong></span> <span class='ocrx_word' id='word_1_668' title='bbox 3421 3650 3428 3656; x_wconf 43' lang='lat'><strong>⁴</strong></span> 
     </span>
     <span class='ocr_line' id='line_1_90' title="bbox 1788 3744 3338 3820; baseline -0.002 -18"><span class='ocrx_word' id='word_1_669' title='bbox 1788 3747 1934 3802; x_wconf 86' lang='lat' dir='ltr'><strong>Huic</strong></span> <span class='ocrx_word' id='word_1_670' title='bbox 1966 3748 2136 3820; x_wconf 76' lang='lat' dir='ltr'><strong>igitur</strong></span> <span class='ocrx_word' id='word_1_671' title='bbox 2167 3764 2349 3801; x_wconf 87' lang='lat' dir='ltr'><strong>cuneo</strong></span> <span class='ocrx_word' id='word_1_672' title='bbox 2385 3746 2647 3818; x_wconf 86' lang='lat' dir='ltr'><strong>inscripta</strong></span> <span class='ocrx_word' id='word_1_673' title='bbox 2680 3744 2787 3800; x_wconf 83' lang='lat' dir='ltr'><strong>suit</strong></span> <span class='ocrx_word' id='word_1_674' title='bbox 2824 3745 2987 3799; x_wconf 84' lang='lat' dir='ltr'><strong>litera</strong></span> <span class='ocrx_word' id='word_1_675' title='bbox 3031 3744 3338 3815; x_wconf 81' lang='lat' dir='ltr'><strong>dicasterii,</strong></span> 
     </span>
     <span class='ocr_line' id='line_1_91' title="bbox 1791 3832 3333 3906; baseline 0.002 -19"><span class='ocrx_word' id='word_1_676' title='bbox 1791 3833 2272 3906; x_wconf 85' lang='lat' dir='ltr'><strong>quemadmodum</strong></span> <span class='ocrx_word' id='word_1_677' title='bbox 2300 3832 2473 3887; x_wconf 88' lang='lat' dir='ltr'><strong>hodie</strong></span> <span class='ocrx_word' id='word_1_678' title='bbox 2496 3851 2795 3887; x_wconf 86' lang='lat' dir='ltr'><strong>numerum</strong></span> <span class='ocrx_word' id='word_1_679' title='bbox 2829 3832 3035 3888; x_wconf 83' lang='lat' dir='ltr'><strong>aedium</strong></span> <span class='ocrx_word' id='word_1_680' title='bbox 3062 3850 3179 3887; x_wconf 87' lang='lat' dir='ltr'><strong>non</strong></span> <span class='ocrx_word' id='word_1_681' title='bbox 3202 3853 3333 3902; x_wconf 69' lang='lat' dir='ltr'><strong>raro</strong></span> 
     </span>
     <span class='ocr_line' id='line_1_92' title="bbox 1791 3916 3333 4000; baseline 0.005 -30"><span class='ocrx_word' id='word_1_682' title='bbox 1791 3919 2015 3973; x_wconf 88' lang='lat' dir='ltr'><strong>inscribi</strong></span> <span class='ocrx_word' id='word_1_683' title='bbox 2032 3919 2307 3974; x_wconf 78' lang='lat' dir='ltr'><strong>videmus.</strong></span> <span class='ocrx_word' id='word_1_684' title='bbox 2332 3943 2355 3967; x_wconf 76' lang='grc' dir='ltr'>ι</span> <span class='ocrx_word' id='word_1_685' title='bbox 2376 3917 2760 3977; x_wconf 76' lang='lat' dir='ltr'><strong>Dmnomus.</strong></span> <span class='ocrx_word' id='word_1_686' title='bbox 2774 3950 2850 3961; x_wconf 93' lang='lat'>—</span> <span class='ocrx_word' id='word_1_687' title='bbox 2873 3916 2933 3974; x_wconf 85' lang='grc' dir='ltr'><strong>τὸ</strong></span> <span class='ocrx_word' id='word_1_688' title='bbox 2952 3917 3229 4000; x_wconf 72' lang='grc' dir='ltr'>ὁμόχρουν]</span> <span class='ocrx_word' id='word_1_689' title='bbox 3251 3922 3333 3978; x_wconf 86' lang='lat' dir='ltr'><strong>Cf.</strong></span> 
     </span>
     <span class='ocr_line' id='line_1_93' title="bbox 1789 3993 3335 4074; baseline 0.002 -25"><span class='ocrx_word' id='word_1_690' title='bbox 1789 3997 1967 4052; x_wconf 88' lang='lat' dir='ltr'><strong>schol.</strong></span> <span class='ocrx_word' id='word_1_691' title='bbox 1997 4000 2160 4070; x_wconf 86' lang='lat' dir='ltr'><strong>Vesp.</strong></span> <span class='ocrx_word' id='word_1_692' title='bbox 2196 4017 2220 4052; x_wconf 87' lang='lat'>1</span> <span class='ocrx_word' id='word_1_693' title='bbox 2238 3995 2343 4051; x_wconf 89' lang='lat'><strong>105</strong></span> <span class='ocrx_word' id='word_1_694' title='bbox 2374 4016 2388 4051; x_wconf 74' lang='lat' dir='ltr'><em>z</em></span> <span class='ocrx_word' id='word_1_695' title='bbox 2425 3993 2690 4054; x_wconf 81' lang='grc' dir='ltr'>Ἐδίδοντο</span> <span class='ocrx_word' id='word_1_696' title='bbox 2717 3994 2773 4053; x_wconf 65' lang='grc' dir='ltr'>δὲ</span> <span class='ocrx_word' id='word_1_697' title='bbox 2799 3993 2888 4054; x_wconf 70' lang='grc' dir='ltr'><strong>καὶ</strong></span> <span class='ocrx_word' id='word_1_698' title='bbox 2912 3995 3193 4074; x_wconf 85' lang='grc' dir='ltr'>βακτηρίαι</span> <span class='ocrx_word' id='word_1_699' title='bbox 3230 4000 3335 4062; x_wconf 82' lang='grc' dir='ltr'>τοῖς</span> 
     </span>
     <span class='ocr_line' id='line_1_94' title="bbox 1789 4080 3348 4161; baseline 0.002 -24"><span class='ocrx_word' id='word_1_700' title='bbox 1789 4081 2057 4147; x_wconf 82' lang='grc' dir='ltr'>δικασταῖς</span> <span class='ocrx_word' id='word_1_701' title='bbox 2070 4081 2313 4161; x_wconf 82' lang='grc' dir='ltr'>ὃμόχροοι</span> <span class='ocrx_word' id='word_1_702' title='bbox 2328 4089 2431 4147; x_wconf 84' lang='grc' dir='ltr'>τοῖς</span> <span class='ocrx_word' id='word_1_703' title='bbox 2445 4080 2811 4160; x_wconf 87' lang='grc' dir='ltr'>δικαστηρίοις,</span> <span class='ocrx_word' id='word_1_704' title='bbox 2826 4081 2955 4140; x_wconf 77' lang='grc' dir='ltr'>ὅπου</span> <span class='ocrx_word' id='word_1_705' title='bbox 2973 4082 3218 4148; x_wconf 73' lang='grc' dir='ltr'>ἑκάστους</span> <span class='ocrx_word' id='word_1_706' title='bbox 3235 4084 3348 4140; x_wconf 61' lang='grc' dir='ltr'>εἰσι</span> 
     </span>
     <span class='ocr_line' id='line_1_95' title="bbox 1787 4165 3336 4248; baseline 0.001 -25"><span class='ocrx_word' id='word_1_707' title='bbox 1787 4166 2027 4233; x_wconf 86' lang='grc' dir='ltr'>ελθόντας</span> <span class='ocrx_word' id='word_1_708' title='bbox 2049 4167 2271 4235; x_wconf 86' lang='grc' dir='ltr'>δικάζειν</span> <span class='ocrx_word' id='word_1_709' title='bbox 2283 4168 2385 4226; x_wconf 73' lang='grc' dir='ltr'>ἔδει</span> <span class='ocrx_word' id='word_1_710' title='bbox 2414 4212 2429 4240; x_wconf 87' lang='grc'>,</span> <span class='ocrx_word' id='word_1_711' title='bbox 2446 4165 2531 4225; x_wconf 79' lang='grc' dir='ltr'><strong>ἵνα</strong></span> <span class='ocrx_word' id='word_1_712' title='bbox 2542 4167 2629 4226; x_wconf 85' lang='grc' dir='ltr'><strong>τὸν</strong></span> <span class='ocrx_word' id='word_1_713' title='bbox 2641 4167 3057 4248; x_wconf 74' lang='grc' dir='ltr'>διαμαρτάνοντα</span> <span class='ocrx_word' id='word_1_714' title='bbox 3080 4169 3336 4245; x_wconf 83' lang='grc' dir='ltr'>ἇπελὲγξη</span> 
     </span>
     <span class='ocr_line' id='line_1_96' title="bbox 1786 4251 3336 4334; baseline 0.001 -23"><span class='ocrx_word' id='word_1_715' title='bbox 1786 4251 1846 4311; x_wconf 79' lang='grc' dir='ltr'><strong>τὸ</strong></span> <span class='ocrx_word' id='word_1_716' title='bbox 1864 4257 2075 4332; x_wconf 80' lang='grc' dir='ltr'>χρῶμα.</span> <span class='ocrx_word' id='word_1_717' title='bbox 2086 4257 2323 4315; x_wconf 83' lang='lat' dir='ltr'><strong>Bekker.</strong></span> <span class='ocrx_word' id='word_1_718' title='bbox 2338 4255 2552 4312; x_wconf 86' lang='lat' dir='ltr'><strong>Anecd.</strong></span> <span class='ocrx_word' id='word_1_719' title='bbox 2569 4276 2631 4330; x_wconf 73' lang='lat' dir='ltr'><strong>p.</strong></span> <span class='ocrx_word' id='word_1_720' title='bbox 2648 4276 2783 4334; x_wconf 71' lang='grc'><strong>220,</strong></span> <span class='ocrx_word' id='word_1_721' title='bbox 2804 4276 2825 4312; x_wconf 83' lang='lat'>1</span> <span class='ocrx_word' id='word_1_722' title='bbox 2839 4276 2893 4326; x_wconf 88' lang='lat'><strong>7.</strong></span> <span class='ocrx_word' id='word_1_723' title='bbox 2907 4286 2989 4302; x_wconf 88' lang='lat'><strong>—·</strong></span> <span class='ocrx_word' id='word_1_724' title='bbox 3006 4281 3030 4307; x_wconf 79' lang='grc' dir='ltr'>ι</span> <span class='ocrx_word' id='word_1_725' title='bbox 3046 4255 3161 4325; x_wconf 84' lang='grc' dir='ltr'>Τὴν</span> <span class='ocrx_word' id='word_1_726' title='bbox 3174 4256 3336 4333; x_wconf 81' lang='grc' dir='ltr'>βάλα-</span> 
     </span>
     <span class='ocr_line' id='line_1_97' title="bbox 1787 4343 3336 4417; baseline 0.002 -21"><span class='ocrx_word' id='word_1_727' title='bbox 1787 4363 1872 4398; x_wconf 90' lang='grc' dir='ltr'><strong>νον</strong></span> <span class='ocrx_word' id='word_1_728' title='bbox 1893 4343 2155 4417; x_wconf 82' lang='lat' dir='ltr'><strong>glandem</strong></span> <span class='ocrx_word' id='word_1_729' title='bbox 2172 4344 2287 4398; x_wconf 81' lang='lat' dir='ltr'><strong>sive</strong></span> <span class='ocrx_word' id='word_1_730' title='bbox 2304 4343 2599 4417; x_wconf 80' lang='lat' dir='ltr'><strong>globulum</strong></span> <span class='ocrx_word' id='word_1_731' title='bbox 2622 4361 2736 4398; x_wconf 85' lang='lat' dir='ltr'><strong>esse</strong></span> <span class='ocrx_word' id='word_1_732' title='bbox 2754 4343 3022 4413; x_wconf 85' lang='lat' dir='ltr'><strong>arbitror,</strong></span> <span class='ocrx_word' id='word_1_733' title='bbox 3043 4346 3103 4398; x_wconf 86' lang='lat' dir='ltr'><strong>in</strong></span> <span class='ocrx_word' id='word_1_734' title='bbox 3121 4363 3336 4399; x_wconf 83' lang='lat' dir='ltr'><strong>summa</strong></span> 
     </span>
    </p>
   </div>
   <div class='ocr_carea' id='block_1_12' title="bbox 1787 4588 3338 5255">
    <p class='ocr_par' dir='ltr' id='par_1_15' title="bbox 1787 4588 3338 5255">
     <span class='ocr_line' id='line_1_98' title="bbox 1849 4588 3333 4652; baseline 0.001 -12"><span class='ocrx_word' id='word_1_735' title='bbox 1849 4591 1921 4639; x_wconf 84' lang='lat' dir='ltr'><strong>De</strong></span> <span class='ocrx_word' id='word_1_736' title='bbox 1943 4592 2124 4640; x_wconf 65' lang='lat' dir='ltr'><strong>tessera</strong></span> <span class='ocrx_word' id='word_1_737' title='bbox 2140 4602 2286 4652; x_wconf 77' lang='lat' dir='ltr'><strong>quam</strong></span> <span class='ocrx_word' id='word_1_738' title='bbox 2305 4588 2492 4652; x_wconf 74' lang='lat' dir='ltr'><strong>iudices</strong></span> <span class='ocrx_word' id='word_1_739' title='bbox 2510 4591 2560 4639; x_wconf 85' lang='lat' dir='ltr'><strong>in</strong></span> <span class='ocrx_word' id='word_1_740' title='bbox 2577 4590 2886 4640; x_wconf 80' lang='lat' dir='ltr'><strong>dicasterium</strong></span> <span class='ocrx_word' id='word_1_741' title='bbox 2914 4590 3230 4652; x_wconf 79' lang='lat' dir='ltr'><strong>ingredientes</strong></span> <span class='ocrx_word' id='word_1_742' title='bbox 3252 4606 3333 4641; x_wconf 81' lang='lat' dir='ltr'><strong>ac·</strong></span> 
     </span>
     <span class='ocr_line' id='line_1_99' title="bbox 1788 4665 3333 4730; baseline 0.001 -14"><span class='ocrx_word' id='word_1_743' title='bbox 1788 4665 2056 4729; x_wconf 74' lang='lat' dir='ltr'><strong>cipiebant,</strong></span> <span class='ocrx_word' id='word_1_744' title='bbox 2092 4667 2372 4716; x_wconf 77' lang='lat' dir='ltr'><strong>Aristoteles</strong></span> <span class='ocrx_word' id='word_1_745' title='bbox 2405 4666 2455 4715; x_wconf 87' lang='lat' dir='ltr'><strong>in</strong></span> <span class='ocrx_word' id='word_1_746' title='bbox 2495 4668 2610 4730; x_wconf 82' lang='lat' dir='ltr'><strong>Rep.</strong></span> <span class='ocrx_word' id='word_1_747' title='bbox 2648 4667 3007 4717; x_wconf 81' lang='lat' dir='ltr'><strong>Atheniensium</strong></span> <span class='ocrx_word' id='word_1_748' title='bbox 3032 4669 3101 4717; x_wconf 86' lang='lat' dir='ltr'><strong>sic</strong></span> <span class='ocrx_word' id='word_1_749' title='bbox 3125 4668 3290 4718; x_wconf 87' lang='lat' dir='ltr'><strong>scribit</strong></span> <span class='ocrx_word' id='word_1_750' title='bbox 3321 4688 3333 4717; x_wconf 77' lang='grc' dir='ltr'>ι</span> 
     </span>
     <span class='ocr_line' id='line_1_100' title="bbox 1789 4741 3336 4807; baseline 0.005 -20"><span class='ocrx_word' id='word_1_751' title='bbox 1789 4763 1814 4787; x_wconf 64' lang='grc' dir='ltr'>κ</span> <span class='ocrx_word' id='word_1_752' title='bbox 1839 4741 2226 4805; x_wconf 84' lang='lat' dir='ltr'><strong>Unumquodque</strong></span> <span class='ocrx_word' id='word_1_753' title='bbox 2239 4743 2543 4793; x_wconf 79' lang='lat' dir='ltr'><strong>dicasterium</strong></span> <span class='ocrx_word' id='word_1_754' title='bbox 2557 4756 2699 4793; x_wconf 85' lang='lat' dir='ltr'><strong>suum</strong></span> <span class='ocrx_word' id='word_1_755' title='bbox 2718 4743 2864 4793; x_wconf 76' lang='lat' dir='ltr'><strong>habet</strong></span> <span class='ocrx_word' id='word_1_756' title='bbox 2881 4744 3089 4793; x_wconf 82' lang='lat' dir='ltr'><strong>colorem</strong></span> <span class='ocrx_word' id='word_1_757' title='bbox 3104 4779 3118 4806; x_wconf 93' lang='lat'><strong>,</strong></span> <span class='ocrx_word' id='word_1_758' title='bbox 3139 4745 3336 4807; x_wconf 85' lang='lat' dir='ltr'><strong>(suam-</strong></span> 
     </span>
     <span class='ocr_line' id='line_1_101' title="bbox 1791 4820 3335 4884; baseline 0.002 -15"><span class='ocrx_word' id='word_1_759' title='bbox 1791 4834 1889 4884; x_wconf 87' lang='lat' dir='ltr'><strong>que</strong></span> <span class='ocrx_word' id='word_1_760' title='bbox 1924 4821 2139 4883; x_wconf 74' lang='lat' dir='ltr'><strong>literam)</strong></span> <span class='ocrx_word' id='word_1_761' title='bbox 2168 4833 2279 4883; x_wconf 78' lang='lat' dir='ltr'><strong>quae</strong></span> <span class='ocrx_word' id='word_1_762' title='bbox 2319 4820 2369 4869; x_wconf 89' lang='lat' dir='ltr'><strong>in</strong></span> <span class='ocrx_word' id='word_1_763' title='bbox 2410 4821 2664 4884; x_wconf 82' lang='lat' dir='ltr'><strong>supercilio</strong></span> <span class='ocrx_word' id='word_1_764' title='bbox 2691 4822 2854 4884; x_wconf 72' lang='lat' dir='ltr'><strong>janum</strong></span> <span class='ocrx_word' id='word_1_765' title='bbox 2888 4821 3113 4884; x_wconf 78' lang='lat' dir='ltr'><strong>inscripta</strong></span> <span class='ocrx_word' id='word_1_766' title='bbox 3143 4823 3335 4884; x_wconf 79' lang='lat' dir='ltr'><strong>legitur.</strong></span> 
     </span>
     <span class='ocr_line' id='line_1_102' title="bbox 1787 4897 3338 4959; baseline 0.001 -12"><span class='ocrx_word' id='word_1_767' title='bbox 1787 4898 1945 4947; x_wconf 78' lang='lat' dir='ltr'><strong>Judex</strong></span> <span class='ocrx_word' id='word_1_768' title='bbox 1974 4910 2113 4958; x_wconf 83' lang='lat' dir='ltr'><strong>vero,</strong></span> <span class='ocrx_word' id='word_1_769' title='bbox 2132 4899 2295 4947; x_wconf 83' lang='lat' dir='ltr'><strong>sumto</strong></span> <span class='ocrx_word' id='word_1_770' title='bbox 2316 4897 2546 4959; x_wconf 83' lang='lat' dir='ltr'><strong>scipione,</strong></span> <span class='ocrx_word' id='word_1_771' title='bbox 2582 4899 2635 4947; x_wconf 89' lang='lat' dir='ltr'><strong>in</strong></span> <span class='ocrx_word' id='word_1_772' title='bbox 2656 4898 2703 4948; x_wconf 88' lang='lat' dir='ltr'><strong>id</strong></span> <span class='ocrx_word' id='word_1_773' title='bbox 2726 4897 2987 4959; x_wconf 80' lang='lat' dir='ltr'><strong>ingreditur</strong></span> <span class='ocrx_word' id='word_1_774' title='bbox 3005 4898 3338 4959; x_wconf 76' lang='lat' dir='ltr'><strong>disasterium,</strong></span> 
     </span>
     <span class='ocr_line' id='line_1_103' title="bbox 1787 4973 3338 5037; baseline 0.001 -15"><span class='ocrx_word' id='word_1_775' title='bbox 1787 4973 1918 5036; x_wconf 89' lang='lat' dir='ltr'><strong>quod</strong></span> <span class='ocrx_word' id='word_1_776' title='bbox 1950 4974 2118 5023; x_wconf 85' lang='lat' dir='ltr'><strong>eodem</strong></span> <span class='ocrx_word' id='word_1_777' title='bbox 2153 4985 2251 5036; x_wconf 89' lang='lat' dir='ltr'><strong>quo</strong></span> <span class='ocrx_word' id='word_1_778' title='bbox 2285 4973 2432 5036; x_wconf 85' lang='lat' dir='ltr'><strong>scipio</strong></span> <span class='ocrx_word' id='word_1_779' title='bbox 2470 4974 2551 5023; x_wconf 80' lang='lat' dir='ltr'><strong>ilie</strong></span> <span class='ocrx_word' id='word_1_780' title='bbox 2582 4973 2744 5024; x_wconf 86' lang='lat' dir='ltr'><strong>colore</strong></span> <span class='ocrx_word' id='word_1_781' title='bbox 2773 4977 2874 5034; x_wconf 86' lang='lat' dir='ltr'><strong>est,</strong></span> <span class='ocrx_word' id='word_1_782' title='bbox 2915 4974 3211 5037; x_wconf 75' lang='lat' dir='ltr'><strong>eandemque</strong></span> <span class='ocrx_word' id='word_1_783' title='bbox 3256 4977 3338 5025; x_wconf 77' lang='lat' dir='ltr'><strong>ha·</strong></span> 
     </span>
     <span class='ocr_line' id='line_1_104' title="bbox 1788 5050 3336 5114; baseline 0.001 -13"><span class='ocrx_word' id='word_1_784' title='bbox 1788 5052 1870 5101; x_wconf 86' lang='lat' dir='ltr'><strong>bet</strong></span> <span class='ocrx_word' id='word_1_785' title='bbox 1904 5050 2111 5112; x_wconf 74' lang='lat' dir='ltr'><strong>literam,</strong></span> <span class='ocrx_word' id='word_1_786' title='bbox 2147 5062 2259 5113; x_wconf 77' lang='lat' dir='ltr'><strong>quae</strong></span> <span class='ocrx_word' id='word_1_787' title='bbox 2293 5050 2452 5112; x_wconf 81' lang='lat' dir='ltr'><strong>glandi</strong></span> <span class='ocrx_word' id='word_1_788' title='bbox 2483 5051 2705 5113; x_wconf 78' lang='lat' dir='ltr'><strong>scipionis</strong></span> <span class='ocrx_word' id='word_1_789' title='bbox 2728 5050 2956 5113; x_wconf 74' lang='lat' dir='ltr'><strong>inscripta</strong></span> <span class='ocrx_word' id='word_1_790' title='bbox 2981 5054 3069 5101; x_wconf 86' lang='lat' dir='ltr'><strong>est.</strong></span> <span class='ocrx_word' id='word_1_791' title='bbox 3094 5055 3336 5114; x_wconf 79' lang='lat' dir='ltr'><strong>ingressus</strong></span> 
     </span>
     <span class='ocr_line' id='line_1_105' title="bbox 1789 5126 3335 5190; baseline 0.002 -14"><span class='ocrx_word' id='word_1_792' title='bbox 1789 5127 1960 5176; x_wconf 86' lang='lat' dir='ltr'><strong>deinde</strong></span> <span class='ocrx_word' id='word_1_793' title='bbox 1987 5130 2213 5178; x_wconf 73' lang='lat' dir='ltr'><strong>tesseram</strong></span> <span class='ocrx_word' id='word_1_794' title='bbox 2234 5127 2407 5190; x_wconf 71' lang='lat' dir='ltr'><strong>accipit</strong></span> <span class='ocrx_word' id='word_1_795' title='bbox 2442 5126 2504 5177; x_wconf 73' lang='lat' dir='ltr'><strong>ab</strong></span> <span class='ocrx_word' id='word_1_796' title='bbox 2526 5141 2611 5190; x_wconf 86' lang='lat' dir='ltr'><strong>eo,</strong></span> <span class='ocrx_word' id='word_1_797' title='bbox 2640 5128 2718 5176; x_wconf 86' lang='lat' dir='ltr'><strong>cui</strong></span> <span class='ocrx_word' id='word_1_798' title='bbox 2752 5140 2930 5177; x_wconf 84' lang='lat' dir='ltr'><strong>munus</strong></span> <span class='ocrx_word' id='word_1_799' title='bbox 2951 5128 3042 5177; x_wconf 84' lang='lat' dir='ltr'><strong>hoc</strong></span> <span class='ocrx_word' id='word_1_800' title='bbox 3072 5127 3335 5179; x_wconf 73' lang='lat' dir='ltr'><strong>demanda-</strong></span> 
     </span>
     <span class='ocr_line' id='line_1_106' title="bbox 1791 5207 2005 5255; baseline 0 -1"><span class='ocrx_word' id='word_1_801' title='bbox 1791 5210 1896 5254; x_wconf 83' lang='lat' dir='ltr'><strong>tum</strong></span> <span class='ocrx_word' id='word_1_802' title='bbox 1916 5207 2005 5255; x_wconf 80' lang='lat' dir='ltr'><strong>est.</strong></span> 
     </span>
    </p>
   </div>
  </div>
 </body>
</html>
