3900 6042
1299 469 1593 534 ERO'rtcl
1639 471 2143 537 FRAGMENTA.

862 629 954 698 37.

191 766 350 820 Idem
367 766 416 819 X
429 768 531 831 lv,
549 784 604 838 p.
623 765 757 839 619,
777 766 818 821 C
839 784 852 818 ε
884 760 1152 842 Κλέαρχος
1170 761 1216 819 δ’
1237 764 1288 819 ἐν
1305 762 1496 842 πρώτῳ
1512 763 1678 841 Ἐρω·

119 854 266 906 τικιῗιν
307 850 494 927 νόμιον
529 851 796 907 καλεῖσθαι
826 848 940 906 τινά
970 870 1123 927 φησιν
1154 847 1292 929 ᾠδὴν
1339 849 1430 905 ἀπ’
1457 849 1678 931 Ἥριφα·

118 938 264 1010 νίδος,
276 935 498 1015 γράφων
516 934 677 999 οὕτως
689 959 703 971 ·
723 956 744 986 ιι
759 932 1025 1015 Ἠριφανὶς
1040 939 1073 1006 ἡ
1090 934 1381 1010 μελοποιὸς,
1399 935 1675 994 Μενάλκου

120 1045 518 1099 κυνηγετουντος
546 1025 843 1101 ἐρασθεῖσα,
871 1021 1078 1103 ἐθήρευε
1095 1024 1412 1097 μεταθέουσα
1435 1031 1547 1088 ταῖς
1567 1026 1677 1080 ἐπι·

120 1109 334 1184 θυμίαις.
387 1112 653 1169 Φοιτῶσα
694 1108 794 1188 γὰρ
839 1108 929 1166 καὶ
974 1106 1289 1184 πλανωμένη
1319 1109 1519 1174 πάντας
1563 1109 1680 1176 τους

121 1196 302 1274 ὀρείους
318 1196 536 1274 ἐπεξῄει
561 1194 804 1274 δρυμους,
820 1199 890 1263 ὡς
916 1200 1072 1271 μυθον
1089 1186 1219 1253 εἶναι
1241 1218 1354 1261 τους
1377 1196 1680 1274 λεγομένους

125 1283 239 1349 Ἰοῦς
282 1282 544 1361 δρόμους·
584 1280 719 1341 ὥστε
765 1282 837 1359 μὴ
884 1281 1038 1358 μόνον
1078 1286 1180 1340 τῶν
1224 1281 1508 1362 ἀνθρώπων
1563 1282 1678 1349 τους

126 1370 362 1447 ἂστοργία
387 1370 758 1449 διαφέροντας,
794 1368 927 1427 ἀλλὰ
960 1369 1049 1426 καὶ
1077 1372 1179 1428 τῶν
1210 1372 1377 1450 θηρῶν
1406 1369 1520 1436 τοὺς
1548 1372 1678 1441 ἀνη-

131 1456 432 1563 μεροτάτους
458 1458 817 1534 συνδακρυσαι
845 1460 918 1536 τῷ
944 1456 1132 1531 πάθει,
1164 1456 1418 1522 λαὸόντας
1442 1457 1678 1527 αἴσθησιν

126 1547 357 1621 ἐρωτικης
380 1544 614 1611 ἐλπίδος.
640 1543 802 1604 ’Όθεν
827 1543 1042 1617 ἐποίησέ
1065 1568 1121 1602 τε
1155 1545 1244 1602 καὶ
1271 1544 1536 1614 ποιήσασα
1577 1568 1678 1603 πε-

129 1629 248 1707 ριῄει
269 1628 405 1688 κατὰ
418 1628 517 1700 τὴν
541 1632 781 1710 ἐρημίαν,
795 1627 865 1696 ὥς
879 1651 1055 1709 φασιν,
1074 1630 1353 1687 ἀναὸοῶσα
1378 1632 1466 1688 καὶ
1485 1630 1678 1711 ᾅδουσα

128 1716 179 1773 τὸ
220 1716 542 1794 καλούμενον
601 1717 799 1796 νόμιον,
848 1718 901 1774 ἐν
963 1707 1006 1796 ᾧ
1061 1720 1200 1776 ἐστι·
1240 1717 1457 1797 Μακραὶ
1506 1719 1676 1796 δρύες,

131 1792 454 1864 ωΜέναλκα.
488 1832 514 1855 ν

857 1925 951 1981 38.

200 2090 351 2144 Idem
369 2091 494 2155 XV,
518 2109 576 2162 p.
597 2087 736 2163 669,
765 2090 844 2145 F.
869 2083 987 2166 Φῄς
1014 2077 1121 2159 ουν,
1143 2086 1227 2143 διὰ
1250 2086 1322 2157 τί,
1343 2090 1444 2143 τῶν
1461 2090 1675 2167 ἱστεφα·

132 2172 356 2248 νωμίνων
394 2172 487 2231 ἐὰν
525 2172 719 2242 λύηται
752 2179 780 2231 ὁ
807 2172 1085 2253 στέφανος,
1130 2176 1250 2249 ἐρᾶν
1280 2172 1546 2247 λέγονται;
1580 2175 1674 2231 πό-

135 2282 282 2337 τερον,
306 2260 383 2321 ὅτι
415 2263 444 2316 ὁ
473 2258 606 2338 ἔρως
629 2282 721 2319 του
761 2263 863 2318 τῶν
897 2258 1130 2337 ἒρώντων
1158 2258 1310 2328 ἤθους
1336 2269 1678 2338 περιαιρεῖται

135 2367 207 2402 τον
225 2346 434 2423 κόσμον,
459 2346 548 2433 διὰ
563 2352 718 2405 τοῦτο
734 2346 828 2417 τὴν
846 2352 936 2404 τοῦ
956 2348 1232 2424 ἱπιφανους
1249 2346 1448 2420 κόσμου
1466 2346 1673 2423 περιαί-

140 2454 258 2510 ρεσιν
299 2428 521 2513 φρυκτόν
549 2456 701 2505 τινα,
740 2432 867 2511 φησὶ
902 2430 1172 2509 Κλέαρχος
1198 2434 1249 2488 ἐν
1279 2430 1469 2510 πρώτῳ
1507 2432 1571 2490 ’li
1558 2456 1675 2511 ,ι-ρω

139 2522 294 2621 τικῶν,
332 2542 420 2577 και
457 2520 680 2595 σημεῖον
722 2519 983 2592 νομίζουσι
1012 2540 1101 2575 του
1130 2518 1220 2575 καὶ
1260 2517 1346 2574 τὸν
1389 2524 1478 2574 τοῦ
1526 2519 1676 2587 ἤθους

142 2605 312 2680 κόσμον
339 2610 689 2683 περιῃρῆσθαι
718 2604 830 2670 τοὺς
862 2603 1153 2673 τοιούτους;

205 2694 457 2766 Sequitur
503 2696 738 2766 longior
788 2694 1122 2766 disputatio,
1176 2712 1344 2766 quam
1395 2703 1568 2747 totam
1609 2712 1676 2747 ex

143 2771 382 2836 Clearcho
410 2779 640 2853 fluxisse
664 2783 756 2835 vix
786 2781 1024 2835 dubium
1062 2791 1162 2836 oet.
1197 2779 1521 2835 Exscribere
1559 2781 1674 2835 inc-

143 2868 265 2937 ptias
289 2868 384 2925 has
416 2869 601 2925 nolui.
630 2867 736 2922 Adi
776 2868 1121 2925 Athenaeum.
1167 2869 1426 2922 Ceterum
1473 2866 1676 2921 codem

144 2952 252 3008 loco
275 2955 580 3029 legebatur,
606 2964 779 3028 pute,
812 2953 968 3027 quod
994 2954 1246 3025 sequitur
1277 2952 1671 3027 fragmentum.

852 3124 937 3175 37.

195 3230 434 3281 Clearchus
445 3232 773 3293 ,libroprimo
793 3230 1095 3281 Eroticorum
1109 3230 1430 3291 ‚nomium(i.
1447 3244 1490 3279 e.
1510 3233 1670 3292 pasto-

148 3308 257 3368 rale)
279 3310 430 3359 vocari
447 3312 516 3360 ait
531 3310 778 3361 canticum
798 3308 1041 3369 quoddam
1060 3309 1121 3358 ab
1144 3308 1429 3371 Eriphanide
1446 3308 1668 3358 ductum.

153 3386 300 3435 Scribit
319 3389 499 3437 autem
486 3402 534 3437 ιιι
550 3389 683 3437 hunc
705 3387 973 3436 modumza
949 3388 1247 3449 «Eriphanis
1265 3387 1447 3449 poetria
1471 3387 1669 3447 melica,

147 3473 286 3513 autore
317 3466 452 3528 capta
485 3465 716 3515 Menalcae
739 3464 1003 3525 venatoris,
1043 3464 1305 3513 venabatur
1338 3467 1387 3514 et
1419 3464 1546 3526 ipsa,
1583 3476 1671 3513 sua

149 3550 402 3601 persequens
432 3542 682 3593 desideria.
713 3543 996 3593 Discurrens
1034 3542 1176 3604 igitur
1212 3544 1262 3591 et
1297 3555 1464 3591 errans
1501 3542 1666 3590 omnia

152 3621 346 3667 montana
377 3634 574 3671 nemora
605 3620 946 3682 emetiebatur,
971 3621 1038 3668 ita
1057 3623 1112 3669 ut
1148 3620 1323 3668 sabulae
1346 3620 1443 3668 sint
1475 3623 1554 3668 lus
1584 3620 1665 3680 qui

150 3691 345 3743 diruatur
381 3710 579 3757 cursus,
603 3700 757 3758 utque
777 3710 874 3747 non
899 3697 1044 3745 modo
1078 3696 1325 3745 hominum
1353 3697 1384 3745 ii
1413 3697 1557 3744 etiam
1585 3696 1668 3756 qui

153 3772 354 3823 naturalis
389 3777 542 3825 omnis
572 3777 750 3825 amoris
781 3776 993 3825 maxime
1036 3778 1257 3837 expertes
1295 3778 1458 3835 erant,
1497 3788 1667 3822 verum

152 3848 276 3899 etiam
309 3852 570 3904 belluarum
611 3855 854 3907 ferissimre
893 3855 1033 3905 malis
1083 3854 1212 3904 illius
1248 3854 1667 3910 illacrimarentur‚

153 3938 270 3975 sensu
293 3930 492 3991 quodam
515 3934 763 3982 amator-im
788 3933 886 3996 spei
912 3935 1071 3982 tactae.
1102 3935 1267 3995 ltaque
1288 3932 1433 3980 etiarn
1455 3930 1668 3979 carmina

155 4003 271 4065 fedi,
299 4020 403 4056 eum
429 4010 617 4073 itusque
648 4006 832 4061 deserta
854 4009 1128 4069 oberravit,
1151 4012 1208 4059 ut
1239 4010 1399 4071 aiunt,
1420 4010 1518 4058 alta
1549 4022 1668 4057 voce

153 4079 356 4145 clamans,
397 4090 690 4151 numaque
727 4087 974 4147 numium,
1020 4086 1150 4148 quod
1189 4089 1407 4206 vocaturt
1440 4098 1662 4146 carmen,

154 4156 193 4205 ἰῶ
211 4168 299 4221 quo
318 4165 384 4213 oet
403 4164 558 4216 istud.
581 4168 797 4228 ingentes
815 4178 1052 4228 quercus,
1071 4178 1102 4214 o
1124 4165 1395 4216 Menalca.»

842 4263 931 4313 38.

206 4348 372 4402 Quaeris
402 4365 505 4407 cur.
528 4354 568 4403 si
602 4356 941 4403 coronatorum
977 4354 1306 4403 dissolvuntur
1338 4364 1557 4413 coronae,
1599 4352 1662 4413 ii,

156 4422 367 4480 quibusid
399 4430 585 4490 accidit,
613 4430 835 4479 dicantur
870 4443 1034 4479 amore
1067 4428 1260 4492 capii«
1299 4432 1500 4489 Utrum,
1538 4441 1661 4490 quon

157 4499 263 4549 niam
293 4516 419 4555 amor
445 4508 597 4559 aufert
629 4523 821 4559 morum
856 4512 1194 4559 ornamentum
1235 4508 1307 4558 liis
1343 4508 1425 4571 qui
1471 4511 1662 4567 amant,

159 4572 309 4627 ideirco
331 4581 510 4641 iactura
542 4586 786 4648 conspicui
825 4579 1096 4635 ornamenti
1130 4613 1146 4645 ς
1132 4585 1311 4634 'verba
1351 4587 1462 4634 sunt
1493 4585 1661 4634 Clear-

159 4650 243 4712 chi,
267 4656 407 4715 primo
436 4659 554 4709 libro
584 4664 911 4721 Eroticorum)
933 4676 1019 4723 pro
1055 4661 1189 4723 signo
1208 4653 1427 4722 quodam
1444 4661 1662 4723 babetur,

161 4737 241 4784 quo
270 4729 518 4783 declaretur
553 4750 743 4786 morum
780 4740 1002 4786 ornatum
1040 4736 1253 4785 amisisse
1281 4749 1363 4785 eos
1400 4736 1578 4797 quibus
1617 4699 1662 4785 id

161 4803 338 4854 amit?
362 4829 383 4852 ιι
405 4814 480 4859 etc

845 4895 930 4945 39.

211 4975 440 5031 clearchus
454 4986 650 5037 Solensis
669 4987 717 5035 in
746 4986 1030 5034 amatoriis:
1062 5006 1084 5026 «ι
1108 4982 1234 5042 Quid
1262 4998 1416 5034 caiisa>
1439 4987 1538 5045 est,
1568 4985 1663 5045 ait,

165 5058 233 5094 cur
248 5050 371 5104 flores
394 5061 442 5107 et
467 5074 605 5123 poma
620 5067 670 5113 et
690 5063 737 5112 id
753 5072 901 5126 genus
923 5062 1016 5110 alia
1034 5062 1256 5111 manibus
1272 5063 1544 5124 gestamus?
1563 5068 1633 5109 An
1648 5097 1663 5122 ,

166 5126 272 5181 quod
295 5134 448 5182 natura
465 5137 508 5184 in
539 5139 610 5186 liis
626 5140 710 5201 qui
745 5138 922 5188 talibus
952 5138 1269 5197 delectantur,
1301 5137 1538 5198 ostendit,
1564 5151 1663 5187 oesc

168 5211 233 5247 ‘⁰³
251 5206 585 5265 {ulchritudinis
620 5218 923 5281 appetentes?
952 5216 1099 5279 igitur
1137 5217 1285 5266 veluti
1320 5214 1662 5264 documentum

3213 490 3325 543 ³15

1848 709 2152 777 ldemxll,
2171 728 2228 781 p.
2246 707 2381 777 553,
2411 708 2487 766 E:
2518 707 2787 787 Κλέαρχος
2802 709 2854 767 δὲ
2879 714 2905 767 ὁ
2931 711 3121 777 Σολεὺς
3144 715 3197 770 ἐν
3215 719 3323 781 τοῖς

1769 792 2069 896 Ἐρωτικοῖς
2090 822 2115 846 αι
2134 792 2236 852 Διὰ
2251 794 2299 851 τί
2323 795 2486 873 (φησὶ)
2508 794 2641 871 μετὰ
2658 804 2835 873 χεῖρας
2864 796 3017 869 ἄνθη,
3044 799 3132 856 καὶ
3154 803 3319 877 μῆλα,

1767 901 1857 936 και
1901 879 1969 937 τὰ
2007 902 2220 937 τοιαυτα
2267 879 2522 960 φέρομεν,
2561 880 2807 961 Πότερον,
2846 881 2923 940 ὅτι
2968 885 3060 941 καὶ
3102 885 3185 942 διὰ
3230 892 3322 956 τῆς

1767 965 1962 1023 τούτων
2010 969 2322 1042 αγαπησεως
2367 971 2402 1037 ἡ
2444 969 2593 1043 φύσις
2641 969 2823 1043 μηνύει
2873 970 2991 1034 τους
3043 976 3133 1040 τῆς
3185 972 3323 1065 ὥρας

1768 1042 1982 1121 ἔχοντας
2022 1045 2116 1115 τὴν
2160 1046 2464 1121 ἐπιθυμίαν;
2492 1045 2593 1106 Διὰ
2634 1070 2784 1105 τουτο
2814 1038 2919 1121 οὗν,
2948 1050 3099 1106 οἱονει
3133 1051 3322 1129 δεῖγμα

1767 1134 1857 1201 τῆς
1881 1130 2072 1210 ὄψεως,
2096 1131 2213 1188 τὰ
2186 1140 2355 1209 ωραῖα
2380 1133 2512 1209 μετὰ
2542 1143 2721 1213 χεῖρας
2750 1133 2958 1213 ἔχουσι,
2988 1158 3075 1193 και
3104 1138 3317 1216 χαίρου·

1769 1241 1850 1276 σιν
1886 1221 2089 1291 αὐτοῖς;
2120 1218 2154 1289 ἢ
2192 1222 2326 1278 δυοῖν
2359 1222 2514 1300 χάριν
2551 1228 2719 1279 ταῦτα
2759 1223 3143 1303 περιφέρουσιν,
3183 1226 3323 1304 ἀρχη

1768 1327 1823 1362 τε
1845 1305 1946 1385 γὰρ
1972 1307 2213 1386 εὐτυχίας
2235 1308 2325 1365 καὶ
2348 1310 2685 1386 παράδειγμα
2720 1312 2810 1379 τῆς
2834 1310 3128 1387 βουλήσεως
3154 1312 3326 1375 αὐτοῖς

1768 1392 1964 1466 γίνεται
1992 1392 2078 1460 διὰ
2099 1392 2313 1465 τούτων,
2335 1396 2585 1465 αἰτηθεῖσι
2606 1396 2699 1470 μὲν
2725 1398 2799 1474 τῷ
2822 1401 3321 1476 προσαγορευθῆναι,

1769 1477 1914 1536 δοῦσι
1935 1478 1990 1535 δὲ
2012 1480 2450 1559 προϋπογράφειν,
2475 1484 2554 1539 ὅτι
2582 1484 2657 1540 δεῖ
2674 1482 2765 1539 καὶ
2785 1482 2970 1548 αὐτοὺς
2989 1484 3324 1558 μεταδιδόναι

1768 1567 1858 1634 τῆς
1886 1562 2038 1643 ὥρας.
2067 1563 2133 1623 ‘ll
2179 1563 2280 1644 γὰρ
2316 1570 2418 1623 τῶν
2456 1566 2661 1642 ὡραίων
2681 1564 2873 1624 ἀνθέων
2885 1569 2973 1625 καὶ
3001 1572 3214 1646 καρπῶν
3244 1569 3324 1626 αἴ-

1769 1674 1913 1721 τησις
1934 1656 2008 1716 εἰς
2033 1653 2289 1711 ἀντίδοσιν
2313 1659 2406 1722 τῆς
2429 1659 2519 1712 τοῦ
2549 1654 2788 1730 σώματος
2813 1655 2952 1734 ὥρας
2988 1657 3324 1733 προκαλεῖται

1767 1736 1883 1803 τοὺς
1921 1738 2196 1802 λαθόντας.
2225 1739 2301 1798 Ἢ
2335 1741 2428 1807 τὴν
2459 1739 2652 1797 τούτων
2682 1738 2822 1820 ὥραν
2864 1742 3186 1820 παραψυχὴν
3235 1744 3343 1798 και

1768 1825 2102 1901 παραμυθίαν
2124 1830 2215 1895 τῆς
2236 1828 2321 1883 ἐπὶ
2342 1830 2443 1884 τῶν
2464 1826 2735 1905 ἐρωμένων
2749 1826 2887 1905 ὥρας
2901 1830 3012 1893 ταῖς
3032 1828 3325 1903 ἐπιθυμίαις

1768 1911 2033 1990 χαίροντες
2067 1912 2272 1990 ἔχουσιν
2314 1918 2506 1979 αὑτοῖς.
2554 1914 2895 1994 Ἔκκρούεται
2942 1915 3042 1993 γὰρ
3091 1915 3192 1973 υπὸ
3233 1922 3324 1985 τῆς

1769 1995 1961 2055 τούτων
1995 1999 2280 2109 παρουσίας
2308 2002 2336 2055 δ
2358 2023 2461 2057 των
2489 2000 2761 2077 ἐρωμένων
2790 2002 2962 2068 πόθος.
3004 2002 3068 2058 lai
3110 2000 3184 2076 μὴ
3222 2002 3323 2077 ἄρα

1768 2106 1856 2141 του
1892 2084 2014 2165 περὶ
2042 2090 2225 2151 αυτους
2262 2086 2461 2161 κόσμου
2499 2087 2678 2165 χάριν,
2708 2088 2945 2195 καθάπερ
2987 2088 3117 2145 ἄλλο
3144 2111 3193 2145 τι
3221 2093 3323 2145 τῶν

1767 2170 1894 2249 πρὸς
1929 2172 2305 2247 καλλωπισμὸν
2345 2174 2725 2245 συντεινόντων,
2755 2196 2779 2230 ε
2782 2197 2933 2252 soum
2960 2197 3016 2231 τε
3043 2198 3208 2233 ταυτα
3237 2176 3325 2232 καὶ

1767 2256 2037 2336 χαίρουσιν
2078 2261 2272 2324 αὐτοῖς.
2317 2262 2399 2318 Οὐ
2438 2259 2537 2338 γὰρ
2575 2260 2729 2336 μόνον
2769 2263 3192 2339 στεφανουμένων
3221 2270 3326 2327 τοῖς

1767 2344 1975 2422 ὡραίοις
2000 2346 2226 2420 ἄνθεσιν,
2254 2346 2391 2405 ἀλλὰ
2418 2348 2507 2405 καὶ
2532 2347 2665 2423 μετὰ
2691 2349 2870 2426 χεῖρας
2897 2347 3121 2425 ἐχόντων
3142 2348 3200 2405 τὸ
3218 2357 3323 2405 πᾶν

1766 2422 1898 2498 εἶδος
1933 2433 2313 2507 ἐπικοσμεῖται.
2354 2434 2517 2512 Τάχα
2559 2435 2603 2490 δ’
2632 2434 2757 2501 ἴσως
2802 2434 2887 2491 διὰ
2924 2436 2982 2491 τὸ
3019 2435 3324 2513 φιλοκάὶους

1766 2510 1926 2575 εἶναι·
1958 2519 2110 2589 δηλοῖ
2134 2520 2189 2577 δὲ
2217 2519 2277 2576 τὸ
2302 2524 2405 2578 τῶν
2437 2524 2613 2581 καλῶν
2643 2523 2763 2601 ἐρᾶν
2791 2545 2881 2578 και
2907 2521 3032 2600 πρὸς
3059 2523 3179 2577 τὰ*
3152 2531 3320 2600 ωραία

1765 2607 1979 2685 φιλικῶς
2010 2605 2167 2685 Ῑχειν.
2200 2606 2380 2667 Καλὸν
2426 2607 2529 2687 γὰρ
2556 2607 2634 2666 ὅτι
2662 2607 2754 2674 τὰς
2792 2608 3001 2686 ὀπώρας
3026 2608 3114 2664 καὶ
3138 2609 3197 2665 τὸ
3232 2613 3323 2680 τῆς

1763 2715 1900 2772 ωρας
1923 2691 2082 2760 ὅντως
2106 2693 2383 2772 πρόσωπον
2413 2693 2467 2752 ἔν
2491 2717 2547 2752 τε
2587 2695 2832 2773 καρποῖσι
2865 2696 2953 2753 καὶ
2987 2694 3164 2753 ἄνθεσι
3193 2701 3323 2754 θεω-

1766 2778 2034 2857 ρούμενον.
2060 2778 2136 2840 Ἢ
2173 2779 2360 2847 πάντες
2387 2783 2435 2838 οἱ
2464 2783 2677 2860 ἐρῶντες
2699 2773 2802 2839 οἷον
2845 2782 3193 2861 ἐκτρυφῶντες
3224 2782 3324 2840 ὑπὸ

1762 2868 1852 2924 τοῦ
1887 2864 2081 2934 πάθους
2122 2890 2212 2925 και
2251 2867 2591 2948 ὡραινόμενοι
2617 2876 2723 2934 τοῖς
2749 2869 2956 2946 ὡραίοις
2987 2868 3317 2947 ἁὸρύνονται.

1764 2952 2001 3010 Φυσικὸν
2034 2952 2135 3031 γὰρ
2164 2952 2229 3023 δή
2257 2977 2308 3012 τι
2336 2953 2396 3012 τὸ
2422 2953 2539 3020 τους
2574 2952 2833 3031 οἰομένους
2860 2945 2992 3013 εἶναι
3018 2953 3206 3053 καλοὺς
3233 2978 3323 3013 και

1761 3122 1948 3168 naturae
1967 3134 2067 3168 sum
2090 3122 2316 3183 pulchros
2339 3109 2480 3172 flores
2512 3122 2824 3186 fructusque
2812 3137 2861 3171 ιιι
2892 3122 3115 3173 manibus
3139 3123 3319 3173 habent

1762 3197 1926 3257 eisque
1941 3197 2275 3247 delectantur?
2296 3203 2367 3247 An
2386 3199 2589 3248 duarum
2612 3213 2772 3248 rerum
2797 3210 2940 3248 causa
2972 3200 3322 3249 circumferunt

1761 3273 1882 3321 ista?
1897 3274 2092 3323 Exsistit
2106 3275 2234 3323 enim
2252 3288 2335 3337 per
2355 3275 2458 3324 haec
2475 3276 2569 3325 illis
2583 3279 2633 3325 et
2650 3276 2839 3324 initium
2860 3289 3135 3337 congressus
3150 3277 3320 3337 (ἐντεύ-

1760 3350 1868 3407 ξεως
1890 3352 2017 3413 coni.
2037 3354 2080 3415 ),
2107 3356 2156 3401 et
2174 3354 2516 3402 documentum
2541 3355 2645 3414 eius
2660 3353 2789 3415 quod
2810 3354 3049 3415 cupiunt·
3073 3367 3183 3403 nam
3204 3354 3321 3415 (ob-

1758 3430 1887 3477 viam
1906 3432 2181 3494 venientes)
2204 3433 2288 3493 qui
2305 3432 2368 3481 ab
2394 3432 2488 3481 inis
2505 3435 2679 3494 petunt
2694 3434 2750 3480 ut
2772 3432 2863 3480 sibi
2882 3431 3184 3495 impertiant,
3204 3432 3318 3480 allo·

1758 3510 1975 3568 quuntur
1994 3521 2101 3571 eos3
2122 3512 2173 3559 et
2193 3510 2309 3572 ipsi,
2335 3523 2486 3571 quum
2514 3510 2607 3558 iltis
2628 3509 2772 3569 dant,
2805 3510 3073 3571 significant
3098 3513 3321 3569 oportere

1758 3589 1807 3633 et
1829 3585 1934 3635 illos
1956 3600 2058 3637 suae
2094 3588 2463 3648 pulchritudinis
2498 3587 2688 3650 copiam
2716 3587 2885 3636 facere.
2926 3591 3046 3637 Nam
3079 3588 3163 3649 qui
3200 3588 3322 3649 petit

1758 3665 1814 3711 ιιι
1830 3665 1920 3713 sibi
1938 3666 2000 3715 de
2017 3667 2230 3716 venustis
2248 3666 2445 3715 floribus
2465 3666 2799 3741 fructibusque
2817 3666 3087 3728 impertias,
3111 3666 3150 3715 is
3165 3680 3317 3728 quum

1757 3745 1947 3807 accipit,
1970 3759 2028 3794 eo
2051 3744 2154 3807 ipso
2186 3745 2420 3794 invitatur
2444 3747 2499 3793 ιιι
2527 3745 2733 3794 vicissim
2756 3745 2829 3793 sui
2853 3745 3064 3805 corporis
3090 3748 3314 3793 venusta·

1757 3822 1819 3871 tis
1844 3822 2121 3884 participem
2141 3836 2192 3871 se
2214 3821 2377 3871 faciat.
2402 3824 2620 3870 Fortasse
2646 3824 2793 3870 etiam
2813 3820 3112 3869 delectantur
3143 3821 3317 3870 horum

1757 3899 2117 3961 pulchritudine
2141 3901 2191 3949 et
2221 3913 2367 3962 penes
2396 3914 2449 3950 se
2488 3901 2580 3949 ista
2616 3902 2829 3961 gestant,
2875 3913 2973 3960 quo
3008 3899 3319 3948 consolentur

1759 3977 2032 4038 leniantque
2047 3976 2302 4027 vehemens
2310 3976 2601 4026 desiderium
2618 3975 2987 4039 pulchritudinis
3006 3988 3174 4023 eorum
3196 3988 3320 4036 quos

1756 4056 1969 4104 amant:
2008 4068 2120 4103 nam
2156 4055 2326 4103 harum
2358 4068 2523 4104 rerum
2555 4053 2806 4115 praesentia
2834 4052 3106 4102 retunditur
3147 4066 3314 4101 eorum

1758 4145 1882 4193 quos
1925 4144 2147 4180 amamus
2185 4131 2491 4181 desiderium.
2553 4129 2653 4179 Nisi
2695 4130 2855 4190 potius
2900 4129 3075 4190 proprii
3117 4118 3317 4178 ornatus

1757 4208 1929 4270 causa,
1959 4207 2364 4271 quemadmodum
2386 4208 2478 4256 alia
2506 4215 2615 4268 quae
2638 4207 2697 4253 ad
2737 4209 3075 4253 ornamentum
3099 4207 3313 4267 corporis

1757 4286 2020 4347 pertinent,
2056 4286 2242 4346 gestant
2286 4284 2375 4332 ista
2425 4284 2590 4345 eisque
2633 4282 2937 4331 delectantur
2977 4300 2989 4329 ε
3029 4295 3126 4329 non
3164 4282 3311 4330 modo

1758 4365 1885 4414 enim
1903 4365 1986 4426 qui
2006 4366 2299 4412 coronantur
2327 4363 2539 4412 venustis
2561 4360 2787 4423 floribuS,
2808 4360 2890 4410 sed
2910 4361 3059 4422 etqui
3089 4358 3312 4411 manibus

1755 4446 1966 4505 gestant,
1986 4437 2155 4491 eorum
2192 4441 2426 4490 universae
2455 4442 2622 4491 sormae
2643 4442 2869 4489 venustas
2895 4440 3056 4501 aliqua
3092 4441 3140 4487 et
3162 4452 3300 4486 orna-

1756 4526 1837 4571 tus
1870 4522 1982 4571 inde
2011 4522 2206 4571 accedit
2244 4524 2464 4571 Fortasse
2491 4534 2607 4569 vero
2635 4518 2780 4568 etiam
2823 4517 2951 4580 quod
2988 4530 3307 4581 quaecumque

1754 4600 1956 4661 pulchra
1990 4601 2103 4648 sunt
2132 4600 2345 4647 amant.
2387 4592 2599 4646 declarat
2630 4596 2759 4645 enim
2797 4608 2959 4645 rerum
2998 4595 3308 4656 pulchrarum

1755 4692 1966 4727 amorem
1986 4678 2239 4727 delectatio
2256 4689 2403 4739 quam
2421 4689 2481 4749 ex
2499 4676 2759 4723 vernorum
2774 4672 2946 4722 florum
2968 4673 3311 4735 ιἰιιιιιιιιηιῳιο

1757 4755 2026 4803 horreorum
2047 4758 2239 4815 aspectu
2260 4741 2549 4815 percipimus
2577 4771 2588 4801 ε
2611 4751 2813 4814 pulchra
2844 4751 3022 4813 quippe
3054 4763 3219 4798 revera
3238 4752 3309 4798 cst

1753 4833 1972 4879 autumni
1990 4834 2039 4879 et
2071 4831 2194 4880 veris
2214 4831 2355 4879 facies
2366 4866 2380 4891 ‚
2402 4830 2449 4878 in
2470 4829 2708 4877 fructibus
2724 4828 3017 4887 floribusque
3035 4830 3302 4887 conspecta.

1757 4912 1850 4957 Aut
1873 4921 2041 4956 omnes
2069 4910 2314 4965 amantes,
2348 4906 2411 4954 ob
2445 4904 2578 4954 hunc
2608 4905 2766 4967 ipsum
2801 4903 2945 4952 animi
2984 4903 3208 4951 affectum
3246 4903 3309 4953 ad

1755 4985 1994 5033 luxuriam
2022 4986 2071 5032 et
2087 4983 2333 5045 elegantiae
2361 4981 2574 5031 studium
2598 4980 2843 5043 propensi,
2866 4978 3036 5027 florum
3055 4979 3306 5027 venustate

1754 5063 1936 5109 cultum
1956 5061 2043 5108 sibi
2063 5060 2316 5108 conciliare
2334 5059 2557 5120 gestiunt.
2589 5060 2770 5107 Natura
2793 5057 2920 5105 enim
2952 5055 3215 5116 ingenitum
3235 5060 3305 5102 est

1755 5139 1828 5186 liis
1841 5174 1855 5197 ‚
1875 5137 1958 5199 qui
1987 5136 2173 5198 pulchri
2197 5139 2246 5185 et
2264 5134 2453 5184 venusti
2472 5148 2574 5182 esse
2601 5133 2688 5181 sibi
2712 5133 2956 5191 videntur,
2979 5135 3032 5179 ιιι
3050 5130 3190 5178 flores
3209 5131 3305 5179 col·

1756 5215 1914 5275 ligant.
1938 5216 2097 5270 Quare
2129 5215 2176 5261 et
2211 5212 2488 5274 Proserpina
2511 5223 2622 5258 cum
2642 5211 2739 5259 suis
2758 5209 3013 5258 comitibus
3036 5207 3173 5255 flores
3201 5206 3302 5257 col-
