3900 6042
599 506 709 557 ¹20

583 624 774 705 ἀγορὰν
793 623 919 682 ὤνια
947 625 1249 688 διοικοῦντες
1279 599 1594 702 ἄρχοντες...
1620 623 1980 704 Ἀριστοτέλης
2002 626 2046 683 δ’
2074 627 2126 683 ἕν

582 710 862 781 Ἀθηναίων
881 710 1115 790 πολιτείᾳ
1131 710 1452 788 κληροῦσθαί
1469 732 1597 792 φησι
1616 710 1655 768 ε’
1683 710 1780 788 μὲν
1804 714 1872 777 εἷς
1890 713 2132 790 Πειραιᾶ,

584 797 622 855 ε’
653 798 708 855 δὲ
738 799 807 865 εἰς
839 797 990 855 ἄστυ.
1017 802 1084 854 In
1113 799 1411 855 Blancardi
1441 800 1691 855 editione
1716 819 2019 874 perperam
2042 802 2126 856 le-
2222 816 2582 894 Τιμοχράτους
2611 818 2681 893 (5
2715 838 2846 890 112,
2885 840 2945 895 p,
2986 821 3127 892 735,
3164 842 3233 879 10
3254 823 3297 899 )
3329 822 3476 881 Λίχα

583 889 735 960 gitur
775 906 788 940 z
827 881 885 941 ιε’
918 882 973 941 δὲ
1003 885 1073 950 εἰς
1104 882 1264 956 ἄστυ,
1288 905 1412 959 quae
1448 887 1618 942 lectio
1646 905 1831 960 neque
1868 890 1931 941 in
1954 886 2126 943 codd.

583 973 821 1029 Bekkeri
861 974 1161 1042 invenitur,
1195 991 1379 1045 neque
1419 972 1646 1028 aliunde
1682 992 1738 1028 se
1762 972 2136 1030 commendat.

583 1062 648 1117 V.
682 1059 909 1114 Boeckh.
937 1058 998 1115 C.
1026 1060 1203 1113 Inscr.
1236 1060 1295 1127 1,
1319 1078 1379 1132 p.
1414 1059 1523 1130 337
1556 1062 1620 1117 B.
1672 1059 1759 1114 Cf.
1791 1060 1967 1115 schol.
2009 1060 2136 1114 Ari-

583 1146 769 1218 stoph.
790 1148 897 1201 Av.
925 1144 1058 1216 7233
1073 1146 1434 1218 Theophrast.
1455 1165 1544 1219 ap.
1557 1147 1819 1201 Photium
1841 1156 1897 1202 et
1908 1146 2138 1201 Suidam

583 1251 639 1286 v.
669 1229 820 1288 Κατὰ
847 1230 940 1298 τὴν
956 1228 1168 1308 ἀγοράν;
1195 1234 1505 1290 Hermann.
1542 1232 1670 1306 150,
1692 1252 1751 1305 93
1774 1231 2130 1289 Schoemann.

585 1335 645 1390 p.
678 1317 813 1380 246.

1311 1443 1410 1502 44.

665 1591 1076 1664 Harpocration
1101 1606 1115 1645 :
1136 1585 1375 1666 Σιτοφύ
1391 1589 1550 1645 λακε
1567 1606 1609 1653 ς·
1638 1586 1776 1666 ἀρχή
1795 1610 1887 1653 τις
1907 1578 1969 1658 ἦν
1992 1586 2141 1657 Ἀθή-

584 1697 731 1745 νησιν
754 1672 866 1745 ἥτις
889 1676 1187 1750 ἐπεμελεῖτο
1201 1673 1338 1740 ὅπως
1360 1676 1387 1730 ὁ
1413 1682 1549 1740 σῖτος
1585 1675 1792 1740 δικαίως
1812 1674 2139 1753 πραθήσεται

585 1760 674 1817 καὶ
690 1759 754 1818 τὰ
774 1763 966 1840 ἄλφιτα
988 1760 1076 1820 καὶ
1092 1763 1138 1818 οἱ
1158 1760 1324 1841 ἄρτοι.
1342 1750 1522 1820 Ἶίσαν
1538 1758 1593 1818 δὲ
1607 1759 1695 1818 τὸν
1715 1760 1929 1840 ἀριθμὸν
1948 1760 2031 1833 ιε’,
2054 1759 2137 1837 [ι’]

585 1848 678 1928 μὲν
725 1849 776 1905 ἐν
816 1846 996 1920 ἄστει,
1034 1849 1073 1906 ε’
1105 1849 1150 1905 δ’
1180 1850 1232 1904 ἐν
1279 1848 1548 1925 Πειραιεῖ,
1585 1850 1654 1914 ὡς
1699 1845 2052 1930 Ἀριστοτέλης
2086 1849 2139 1905 ἐν

585 1931 865 2005 Ἀθηναίων
892 1933 1148 2013 πολιτείᾳ.

664 2017 750 2101 [ι’]
780 2024 999 2079 addidit
1031 2025 1295 2080 Valesius,
1358 2023 1527 2097 Apud
1568 2023 1831 2078 Photium
1859 2034 2141 2096 postrema

527 2100 537 2109 ”
587 2111 922 2165 exhibentur
952 2112 1029 2164 ita
1061 2129 1075 2163 ε
1112 2099 1244 2178 ἦσαν
1269 2105 1323 2164 δὲ
1350 2106 1436 2165 τὸν
1465 2106 1678 2187 ἀριθμὸν
1700 2106 1992 2182 πάλαι·μὲν
2028 2109 2088 2165 ιε’
2110 2152 2128 2185 ,

501 2229 502 2232 =
587 2192 671 2275 [ι’]
713 2196 766 2252 ἐν
796 2193 964 2265 ἄστει,
1009 2194 1048 2251 ε’
1076 2192 1130 2252 δὲ
1159 2196 1210 2252 ἐν
1241 2195 1508 2272 Πειραιεῖ,
1544 2191 1753 2272 ὕστερον
1782 2190 1836 2251 δὲ
1863 2194 1911 2251 λ’
1940 2194 2035 2270 μὲν
2085 2197 2136 2253 ἐν

586 2279 752 2352 ἄστει,
777 2279 818 2338 ε’
838 2281 891 2340 δὲ
917 2284 967 2338 ἐν
994 2281 1251 2357 Πειραιεῖ,
1281 2282 1351 2346 ὡς
1377 2278 1489 2359 Ἀρ.
1522 2281 1575 2336 ἐν
1604 2278 1711 2338 Ἀθ.
1747 2281 1868 2340 πολ.
1893 2283 1978 2341 Cf.
2009 2286 2138 2339 Pol-

586 2372 699 2425 luc.
741 2372 845 2438 VI,
883 2369 954 2425 36
997 2380 1051 2425 et
1091 2369 1263 2424 Bekk.
1307 2370 1610 2440 Anecd.1‚
1639 2388 1700 2442 p.
1744 2369 1876 2428 300.
1907 2371 2136 2437 Boeckh.

588 2459 811 2515 OEcon.
853 2458 1052 2516 Athen.
1085 2459 1140 2526 1,
1168 2474 1266 2532 9¹3
1298 2458 1605 2514 Hermann.
1640 2454 1767 2527 150,
1805 2476 1891 2514 11.

1315 2591 1411 2659 45.

662 2726 819 2782 Idem
856 2745 870 2781 ι
910 2723 1339 2803 Μετρονόμοι.
1363 2722 1528 2803 Ἀρχή
1550 2746 1626 2790 τις
1653 2723 1923 2796 Ἀθήνησίν
1973 2728 2111 2784 ἐστιν

582 2815 617 2881 ἡ
663 2814 766 2868 τῶν
796 2809 1147 2923 μετρονόμων,
1187 2812 1255 2878 ὡς
1295 2811 1573 2888 Δείναρχος
1614 2811 1666 2867 ἐν
1701 2816 1777 2891 τῷ
1806 2810 1943 2869 κατὰ
1982 2812 2137 2871 Καλ-

585 2897 860 2970 λισθένους.
928 2901 1081 2959 Ησαν
1116 2898 1170 2954 δὲ
1193 2896 1280 2956 τὸν
1319 2897 1535 2976 ἀριθμὸν
1561 2896 1641 2967 ιε’,
1673 2899 1743 2963 εἰς
1767 2898 1860 2973 μὲν
1897 2898 1985 2957 τὸν
2009 2901 2135 2959 Πει·

505 3041 514 3050 ,
587 2991 709 3061 ραιᾶ
749 2983 807 3060 ι’,
843 2983 882 3041 ε’
916 2982 960 3041 δ’
992 2985 1061 3049 εἰς
1090 2984 1250 3056 ἄστυ,
1292 2974 1433 3062 εἶχον
1469 2982 1524 3041 δὲ
1556 2982 1650 3055 τὴν
1678 2983 1976 3059 ἐπιμέλειαν
2001 2984 2137 3053 ὅπως

585 3067 759 3126 δίκαια
805 3068 885 3139 εἴη
921 3068 986 3126 τὰ
1019 3069 1184 3147 μέτρα
1222 3072 1324 3127 τῶν
1377 3068 1720 3142 πωλούντων,
1747 3074 1815 3138 ὡς
1854 3071 1945 3128 καὶ
1996 3071 2137 3152 Ἀρι-

585 3156 828 3229 στοτέλης
855 3159 908 3214 ἐν
933 3155 1217 3228 Ἀθηναίων
1243 3155 1478 3234 πολιτείᾳ
1507 3158 1675 3228 δηλοῖ.

665 3245 722 3300 ιε’
747 3242 840 3321 μὲν
860 3244 930 3309 εἷς
954 3245 1200 3319 Πειραιᾶ,
1218 3242 1261 3300 θ’
1290 3242 1491 3322 (ἐννέα,
1514 3245 1672 3319 quod
1690 3257 1884 3301 natum
1899 3265 1968 3302 ex
1989 3243 2056 3322 ε’)
2084 3245 2137 3304 δὲ

584 3333 652 3397 εἷς
676 3331 804 3389 ἄστυ
832 3333 959 3390 cod.
980 3335 1051 3389 D.
1072 3334 1243 3394 Paris.
1268 3335 1352 3389 lta
1372 3333 1534 3387 etiam
1555 3331 1753 3388 Suidas
1773 3351 1817 3387 s,
1846 3333 1906 3392 h.
1932 3351 2017 3402 v.,
2038 3334 2136 3389 ubi

584 3434 770 3476 tamen
795 3439 940 3476 unus
966 3417 1111 3477 liber
1148 3439 1258 3494 pro
1286 3417 1331 3475 θ’
1363 3419 1533 3475 habet
1561 3417 1616 3477 ι’.
1698 3419 1930 3476 Photius
1954 3439 1999 3476 s.
2028 3440 2078 3478 v.
2116 3440 2131 3479 τ

582 3496 716 3575 ἦσαν
742 3504 794 3561 δὲ
832 3504 920 3562 τὸν
955 3502 1170 3584 ἀριθμὸν
1199 3503 1477 3564 δεκαπέντε
1514 3502 1608 3578 μὲν
1635 3506 1706 3570 εἰς
1748 3505 2005 3584 Πειραιᾶ,
2055 3507 2137 3563 ἐν·

582 3590 670 3649 νέα
712 3589 765 3648 δὲ
804 3594 873 3656 εἷς
914 3590 1065 3663 ἄστυ,
1111 3604 1166 3648 ct
1215 3594 1385 3648 altera
1412 3593 1591 3666 glossa
1646 3611 1660 3647 ι
1711 3588 1957 3669 ἄρχοντες
2001 3582 2134 3662 ἦσαν

583 3676 710 3734 δέκα
738 3677 824 3735 τὸν
854 3679 1088 3756 ἀριθμὸν,
1117 3668 1189 3735 ὧν
1218 3674 1369 3734 πέντε
1400 3675 1494 3753 μὲν
1521 3678 1573 3733 ἐν
1605 3675 1780 3747 ἄστει,
1818 3676 1972 3734 πέντε
1992 3674 2047 3734 δὲ
2081 3680 2134 3735 ἓν

581 3766 837 3842 Πειραιεῖ.
869 3769 992 3822 Hoc
1020 3769 1186 3824 etiam
1215 3768 1273 3820 in
1301 3769 1437 3823 Lex.
1471 3763 1599 3840 Seg.
1631 3785 1721 3840 ap.
1749 3765 1923 3821 Bekk.
1952 3766 2131 3823 Aned.

581 3873 640 3930 p.
693 3852 952 3925 278‚25.
991 3886 1067 3896 -—
1099 3855 1354 3910 Ceterum
1387 3854 1632 3908 dubitari
1666 3854 1761 3907 vix
1791 3864 1977 3926 potest
2007 3873 2144 3919 cum⁴

581 3942 869 4012 Boeckhio‚
896 3943 1113 3997 OEcon.
1137 3941 1255 3996 Civ.
1294 3940 1424 3996 Ath.
1462 3941 1518 4007 1,
1549 3958 1608 4013 p.
1648 3938 1744 4006 52,
1773 3939 2132 3994 scribendum

581 4048 694 4085 csse
721 4048 810 4102 ap.
844 4031 1174 4102 Harpocrat.
1202 4027 1271 4091 εἷς
1307 4024 1402 4101 μὲν
1428 4022 1515 4081 τὸν
1537 4026 1760 4106 Πειραιᾶ
1784 4023 1935 4082 πέντε
1952 4068 1968 4092 ,
1996 4023 2120 4082 δέκα

580 4114 624 4172 δ’
648 4116 719 4180 εἷς
739 4112 890 4182 ἄστυ.
920 4117 1002 4175 Cf.
1028 4118 1333 4174 Hermann.
1359 4116 1398 4170 l.
1432 4114 1469 4168 l.
1513 4111 1642 4183 152,
1673 4132 1763 4169 12.

645 4367 961 4428 Agoranomi,
997 4365 1305 4427 magistratus
1325 4364 1409 4426 qui
1436 4364 1583 4412 resin
1621 4364 1725 4413 soro
1753 4362 1943 4412 venales
1971 4362 2127 4411 admi-

578 4444 797 4492 nistrant.
831 4442 1107 4492 Aristoteles
1123 4442 1172 4489 in
1191 4443 1307 4503 Rep.
1331 4439 1686 4489 Atheniensium
1712 4442 1841 4488 sorte
1866 4439 1974 4501 eligi
1993 4438 2125 4500 dicit,

579 4521 791 4586 quinque
812 4520 861 4569 in
881 4520 1114 4572 Piraeeum
1127 4553 1143 4580 ,
1164 4519 1213 4566 et
1234 4516 1449 4579 quinque
1461 4516 1511 4565 in
1524 4516 1709 4565 urbem.

1304 4601 1392 4649 44.

636 4683 992 4744 Sitophyiaces,
1016 4681 1324 4743 magistratus
1340 4680 1442 4729 erat
1468 4678 1666 4728 Athenis
1681 4715 1696 4739 ,
1715 4679 1799 4740 qui
1841 4676 2046 4727 curabat
2072 4679 2128 4726 ut

576 4760 899 4819 frumentum,
944 4758 1108 4808 sannas
1143 4759 1192 4807 et
1225 4769 1373 4819 panes
1411 4756 1543 4817 justo
1585 4755 1738 4817 pretio
1772 4754 2124 4815 venderentur-3

575 4850 841 4900 eorumque
871 4837 1146 4899 quindecim
1183 4836 1350 4895 erant,
1384 4834 1550 4884 decem
1573 4835 1624 4883 in
1656 4833 1801 4894 urbe,
1829 4833 2045 4896 quinque
2076 4833 2127 4882 in

578 4918 784 4977 Piraeeo,
803 4916 873 4966 uti
895 4917 1165 4968 Aristoteles
1183 4915 1230 4964 ln
1256 4916 1354 4977 Rep
1399 4915 1568 4964 Athen.
1595 4915 1780 4974 monet⁸

1304 4998 1394 5047 45.

638 5078 951 5140 Meti-onomi,
973 5080 1277 5141 magistratus
1297 5077 1508 5137 Athenis,
1527 5076 1609 5139 qui
1628 5077 1865 5125 mensuris
1895 5076 2123 5137 praesceti,

578 5156 702 5203 teste
738 5154 981 5204 Dinarcho
1008 5154 1055 5203 in
1088 5154 1304 5203 orations
1343 5151 1569 5202 adversus
1591 5152 1946 5200 Callisthenem.
1982 5155 2125 5199 Erant

539 5291 544 5294 ,
578 5235 739 5285 autem
757 5232 1055 5300 quindecim,
1075 5232 1241 5282 decem
1273 5233 1290 5292 (
1304 5234 1535 5296 quinque
1559 5232 1575 5292 )
1600 5231 1649 5280 in
1672 5230 1883 5292 Piraeeo,
1914 5230 2126 5293 quinque

1703 496 2073 556 Ams'rorss
2085 497 2199 558 Lis
2243 487 2752 560 FRAGMENTA‘.

2947 632 3038 696 46.

2302 734 2715 806 Harpocration
2748 753 2762 787 :
2805 732 3061 792 Ἀστυνό
3076 756 3154 810 μο
3168 757 3213 801 ς.
3250 735 3612 811 Δημοσθένης
3652 738 3782 796 κατὰ

3559 823 3685 895 ησὶν
3714 816 3779 884 εἶ-

2222 902 2434 968 ναιτοὺς
2452 905 2769 979 ἀστυνόμους
2791 905 3147 985 Ἀριστοτέλης
3169 910 3222 965 ἐν
3236 913 3302 986 τῇ
3323 847 3621 979 Ἀθηναίων
3642 915 3782 970 πολι-

2224 988 2339 1067 τείᾳ
2355 1032 2371 1060 ,
2394 989 2435 1046 ε’
2458 988 2552 1065 μὲν
2571 992 2624 1049 ἔν
2643 992 2906 1069 Πειραιεῖ,
2928 991 2968 1050 ε’
2993 993 3037 1050 δ’
3062 994 3115 1050 ἐν
3141 991 3306 1053 ἄστει.
3333 995 3564 1063 Τούτοις
3586 997 3648 1054 δέ
3667 1021 3780 1078 φησι

2230 1074 2403 1150 μέλειν
2426 1074 2544 1154 περί
2584 1099 2642 1135 τε
2663 1079 2767 1135 τῶν
2802 1077 3125 1157 αὐλητρίδων
3151 1078 3241 1138 καὶ
3267 1083 3545 1161 ψαλτριῶν
3576 1084 3670 1140 καὶ
3691 1088 3783 1139 τῶν

2226 1161 2556 1239 κοπρολόγων
2581 1161 2790 1221 καὶτῶν
2812 1164 3078 1223 τοιούτων.
3100 1168 3185 1224 Cf.
3204 1163 3436 1224 A‘ristot.
3462 1171 3646 1228 Polit.
3670 1172 3742 1224 vl
3760 1211 3775 1237 ‚

2230 1256 2286 1319 4,
2312 1250 2378 1319 6;
2404 1251 2634 1312 Boeckh.
2664 1253 2724 1309 C.
2751 1255 2796 1308 Ι.
2825 1254 2854 1309 1
2872 1294 2889 1322 ,
2919 1272 2980 1327 p.
3016 1253 3162 1325 3373
3187 1252 3490 1316 Schubart.
3524 1260 3615 1313 De
3634 1258 3776 1314 aedil.

2227 1355 2285 1409 p.
2312 1335 2415 1405 88;
2442 1337 2745 1398 Hermann.
2780 1337 2910 1408 150,
2940 1359 3004 1409 73
3030 1341 3385 1398 Schoemann.
3409 1361 3474 1417 p.
3510 1343 3659 1408 246.

2956 1457 3052 1522 47·

2310 1558 2473 1615 Phot.
2503 1560 2642 1617 Lex,
2674 1576 2689 1614 t
2719 1555 2930 1623 Πεζὰς
2954 1555 3257 1635 μόσχους·
3281 1557 3394 1616 ἀντὶ
3417 1564 3514 1617 τοῦ
3554 1559 3785 1639 ἑταίρας·

2229 1641 2464 1720 ἐλέγοντο
2485 1640 2586 1721 γάρ
2604 1664 2736 1708 τινες
2753 1639 2916 1708 οὕτως
2927 1686 2944 1715 ,
2966 1646 3034 1709 ὡς
3053 1642 3411 1723 Ἀριστοτέλης
3444 1649 3501 1704 ἐν
3522 1647 3784 1726 πολιτεία·

2227 1728 2320 1795 τὰς
2337 1728 2495 1807 χωρὶς
2517 1727 2769 1807 ὀργάνων.
2798 1728 3066 1810 Κάνθαρος
3080 1730 3399 1811 Συμμαχίᾳ·
3422 1758 3447 1785 ι
3476 1732 3779 1812 Αὖλητρίδα

2228 1817 2388 1885 πεζήν
2425 1838 2476 1868 »-
2506 1816 2596 1873 καὶ
2631 1814 2860 1881 Εὔπολις
2902 1815 3115 1883 Κόλαξι.
3146 1821 3272 1875 Huc
3296 1822 3552 1893 pertinet
3582 1841 3707 1895 quae
3732 1825 3785 1876 in

2227 1905 2587 1977 sequentibus
2609 1923 2670 1978 p.
2706 1901 2835 1974 405,
2863 1923 2887 1960 1
2915 1905 3100 1960 alieno
3127 1906 3255 1960 loco
3273 1925 3313 1962 ⁵.
3332 1925 3388 1961 v.
3414 1904 3571 1976 Πεζή
3598 1910 3784 1982 legun·

2230 2001 2322 2045 tur
2352 2011 2366 2045 :
2392 1987 2504 2053 Τὰς
2533 1987 2740 2065 ἑταίρας
2770 1987 2863 2054 τὰς
2901 1987 2975 2065 μὴ
3010 1991 3294 2065 μουσικὰς,
3325 1993 3444 2049 ἀλλ’
3477 1992 3607 2051 ἄνευ
3632 1994 3781 2072 ὀργά-

2204 2085 2328 2134 “νων
2358 2075 2448 2134 καὶ
2475 2075 2659 2156 ψιλὰς,
2693 2074 2850 2143 πεζὰς
2877 2078 3141 2136 καλοῦσιν.
3165 2080 3249 2136 Cf.
3287 2082 3534 2154 Hesych.
3572 2103 3589 2137 ε
3621 2081 3783 2149 nezi<

2231 2161 2483 2241 μόσχους·
2537 2161 2699 2230 οὕτως
2743 2162 2961 2221 ἐκάλουν
3006 2163 3099 2231 τὰς
3148 2164 3534 2246 μισθαρνούσας
3584 2168 3782 2247 ἑταίρας

2228 2250 2387 2330 χωρὶς
2417 2248 2662 2331 ὀργάνου.
2696 2252 2881 2326 Etym.
2917 2251 2992 2308 M.
3026 2273 3086 2327 p.
3127 2252 3271 2324 658,
3300 2254 3372 2311 36
3405 2276 3419 2310 :
3449 2256 3627 2323 Πεζαὶ
3649 2258 3781 2313 ἑταῖ-

2231 2360 2316 2415 ραι
2345 2340 2397 2394 αἱ
2425 2336 2587 2417 χωρὶς
2615 2336 2848 2416 ὀργάνων
2886 2340 2958 2405 εἷς
2984 2337 3052 2398 τὰ
3075 2339 3341 2416 συμπόσια
3372 2344 3656 2420 φοιτῶσαι.
3696 2347 3775 2402 Cf.

2226 2421 2401 2482 schol.
2426 2428 2562 2482 Eur.
2589 2427 2710 2484 Alc.
2737 2426 2871 2493 46¹0.

2912 2530 3079 2593 47³·

2307 2636 2489 2709 Etym.
2510 2635 2589 2692 Μ.
2613 2629 2949 2713 Ἱεροποιοί
2966 2633 3129 2709 (coll.
3156 2637 3294 2691 Lex.
3316 2637 3490 2696 Rhet.
3521 2640 3587 2693 in
3604 2640 3774 2695 Bekk.

2227 2724 2337 2780 An.
2367 2740 2431 2795 p.
2474 2719 2587 2777 265
2628 2733 2685 2777 et
2718 2722 2951 2777 Photius
2977 2740 3021 2777 s.
3063 2741 3124 2776 v.
3151 2720 3207 2797 ),
3236 2719 3500 2800 κληρωτοὶ
3537 2723 3777 2804 ἄρχοντες

2226 2805 2327 2864 εἶσὶ
2375 2804 2500 2863 δέκα
2528 2804 2616 2864 τὸν
2645 2807 2881 2885 ἀριθμὸν,
2918 2803 2969 2862 οἳ
2993 2804 3062 2862 τά
3099 2828 3156 2863 τε
3199 2807 3548 2882 μαντεύματα
3590 2814 3773 2888 ἱεροθε-

2226 2899 2372 2953 τοῧσι
2396 2894 2761 2972 (ἱεροθυτοῦσι,
2782 2898 2920 2953 Lex.
2942 2896 3112 2954 Rhet.
3138 2907 3194 2951 et
3208 2897 3371 2954 Phot.
3385 2895 3425 2972 )‚
3444 2897 3550 2954 κᾶν
3575 2921 3627 2955 τι
3650 2901 3773 2955 καλ·

2226 2983 2462 3060 λιερῆσαι
2515 2979 2606 3059 δέῃ
2628 3005 2661 3051 ,·
2695 2982 3023 3059 καλλιεροῧσι
3077 2979 3209 3056 μετὰ
3253 2984 3355 3038 τῶν
3393 2983 3657 3056 μάντεων,
3686 2985 3770 3042 καὶ

2228 3068 2405 3134 θυσίας
2425 3068 2518 3135 τὰς
2545 3067 2883 3144 νομιζομένας
2909 3069 3200 3126 ἐπιτελοῦσι
3218 3067 3307 3126 καὶ
3331 3069 3423 3136 τὰς
3448 3073 3776 3151 πενταετηρί-

2227 3156 2320 3222 δας
2349 3156 2586 3226 ἆπάσας,
2614 3152 2751 3224 πλὴν
2782 3154 3182 3226 Παναθηναίων.
3204 3158 3391 3215 Ταῦτα
3418 3156 3773 3235 Ἀριστοτέλης

2224 3246 2421 3322 ἱστορεῖ
2443 3245 2496 3300 ἐν
2520 3246 2586 3320 τῇ
2608 3241 2887 3313 Ἀθηναίων
2915 3242 3171 3320 πολιτείᾳ.
3206 3246 3426 3300 Deinde
3466 3248 3643 3303 citato
3662 3250 3771 3305 De·

2224 3333 2513 3388 mosthene
2532 3352 2592 3406 p.
2617 3337 2714 3402 47,
2742 3330 2808 3386 13
2823 3372 2841 3402 ,
2869 3331 3064 3387 addit:
3093 3329 3189 3399 Μὴ
3214 3331 3482 3408 ἀγνοῶμεν
3501 3331 3559 3390 δὲ
3581 3331 3659 3390 ὅτι
3684 3333 3766 3390 καὶ

2226 3416 2374 3475 ἄλλοι
2397 3416 2526 3475 εἰσὶν
2548 3416 2795 3497 ἱεροποιοὶ
2818 3420 2920 3475 τῶν
2941 3420 3143 3492 σεμνῶν
3167 3419 3294 3474 θεῶν
3309 3415 3396 3475 τὸν
3413 3419 3631 3497 ἀριθμὸν
3648 3421 3766 3478 δέκα

2226 3503 2243 3584 (
2260 3506 2306 3562 οἱ
2334 3502 2420 3561 τὸν
2451 3502 2663 3583 ἀριθμόν
2696 3507 2821 3562 εἰσιν
2847 3502 3074 3583 ἀόριστοι
3103 3506 3263 3561 Phot.
3281 3504 3322 3580 ).
3346 3506 3533 3580 quue
3568 3509 3765 3563 confir-

2223 3604 2341 3648 mat
2382 3594 2550 3649 citato
2582 3593 2958 3648 Demosthene
2996 3612 3057 3666 p.
3092 3590 3237 3662 552,
3285 3594 3322 3648 6
3376 3605 3432 3648 et
3463 3597 3762 3652 Dinarcho.

2223 3680 2306 3737 Cf.
2332 3680 2532 3735 Pollux
2551 3682 2712 3749 VIII,
2754 3699 2856 3750 107
2888 3700 2903 3735 z
2931 3679 3071 3737 Δέκα
3099 3677 3283 3757 ὄντες(
3307 3699 3381 3736 sc.
3410 3683 3459 3738 oi
3485 3681 3723 3757 ἱεροποιοὶ
3737 3684 3769 3757 )·

2223 3757 2363 3822 οὗτοι
2400 3763 2545 3823 ἔθυον
2572 3764 2750 3832 θυσίας
2780 3763 2870 3830 τὰς
2901 3763 3328 3844 πενταετηρίδας,
3359 3765 3454 3836 τὴν
3467 3769 3542 3832 εἰς
3576 3769 3754 3836 Δῆλον,

2222 3850 2316 3920 τὴν
2340 3851 2392 3906 ἐν
2413 3854 2705 3930 Βραυρῶνι,
2721 3849 2814 3920 τὴν
2832 3853 2934 3908 τῶν
2955 3850 3307 3929 Ἡρακλειδῶν
3330 3851 3755 3931 (Ἧρακλείωνῖ),

2221 3935 2314 4007 τὴν
2336 3936 2686 3996 Ἐλευσίναδε.
2715 3941 3022 3994 Hermann.
3035 3941 3336 3997 Staatsale.
3377 3940 3487 3996 150
3506 3983 3524 4008 ,
3554 3961 3603 4009 13
3635 3943 3757 3997 Got-

2222 4025 2629 4080 tesdienstliche
2662 4026 2902 4081 Alter-th.
2955 4045 3054 4094 11,
3101 4044 3187 4083 10.
3231 4026 3337 4095 62,
3377 4046 3441 4082 11
3473 4040 3535 4083 et
3570 4032 3653 4087 13.
3682 4030 3756 4082 De
3864 4087 3865 4094 χ

2221 4108 2503 4170 Διονυσίων
2530 4111 2859 4186 ἐπιμελητῶν
2886 4131 2942 4169 v,
2962 4112 3031 4168 fr.
3054 4131 3123 4183 27
3152 4115 3212 4168 b.

2219 4276 2467 4337 (decem)
2489 4277 2539 4325 in
2574 4275 2725 4338 urbe;
2754 4277 3157 4340 curabantqueut
3186 4290 3425 4328 mensura:
3460 4277 3756 4329 vendentium
3864 4269 3865 4330 ἒ

2213 4351 2359 4413 justae
2375 4354 2550 4415 essent,
2567 4352 2696 4416 quod
2710 4353 2985 4404 Aristoteles
2997 4367 3192 4417 quoque
3209 4355 3259 4404 in
3272 4355 3389 4418 Rep.
3409 4356 3587 4406 Athen.
3606 4355 3753 4404 docet.

2277 4518 2454 4566 Decem
2480 4528 2583 4566 esse
2611 4518 2888 4578 astynomus
2911 4437 3186 4567 Affs‘toteles
3207 4517 3324 4567 dicit
3343 4517 3393 4567 in
3416 4520 3598 4569 Athen.
3623 4520 3748 4578 nep„

2215 4595 2428 4656 quinque
2453 4595 2502 4644 in
2526 4598 2749 4656 Pyroeeo,
2786 4595 3001 4657 quinque
3025 4596 3075 4643 in
3106 4596 3256 4658 urbe;
3292 4609 3425 4646 curse
3442 4597 3621 4647 iisoese
3644 4593 3753 4645 dicit
3864 4603 3865 4656 }

2215 4671 2460 4734 tibicinas,
2483 4671 2705 4734 psaltrias
2719 4708 2734 4735 ‚
2755 4672 3088 4734 stercorilegos
3107 4674 3156 4722 et
3184 4673 3358 4722 horum
3381 4674 3581 4725 similes.

2283 4835 2432 4891 Πεζὰς
2450 4833 2657 4897 μόσχους
2675 4754 3202 4897 meretrices⁴guasdam
3237 4835 3571 4898 appellabant,
3592 4838 3644 4885 ut
3660 4833 3747 4884 Ari·

2215 4911 2409 4960 stoteloe
2427 4912 2475 4959 iu
2497 4911 2739 4971 (Athen.)
2773 4915 2888 4974 Rep.
2924 4911 3072 4970 dicit,
3104 4925 3187 4961 eas
3210 4913 3419 4972 scilicet,
3442 4926 3558 4974 quoe
3588 4912 3753 4972 absque

2216 4989 2408 5037 musicis
2428 4988 2761 5038 instrumentis
2771 4992 2924 5062 artem
2938 5001 3075 5038 suam
3098 4988 3236 5050 quasi
3254 4988 3433 5039 nudam
3452 4989 3744 5039 exercebant.

2909 5072 2977 5121 47
3012 5082 3060 5121 a.

2278 5152 2517 5212 sacrifici,
2560 5152 2864 5214 magistratus
2894 5156 3023 5200 sorte
3048 5152 3179 5200 lecti
3208 5152 3372 5201 decem
3417 5165 3647 5214 numero,
3676 5152 3750 5214 qui
3864 5205 3865 5220 ἢ

2221 5229 2555 5282 vaticiniorum
2583 5238 2726 5278 eausa
2757 5241 2889 5280 sacra
2910 5228 3201 5290 instituunt,
3221 5231 3271 5278 ct
3301 5230 3340 5277 si
3362 5228 3501 5278 litare
3517 5231 3753 5292 oporteat,
3864 5283 3865 5286 Ἴ
