3900 6042
554 433 625 486 78
1917 430 2356 492 CRATlPPUS.

617 586 733 647 Κᾶν
772 584 1039 656 ἀληθεύειν
1088 584 1271 662 νομίζῃ
1319 584 1623 663 Κράτιππος
1671 583 1859 662 αὐτόν]
1906 589 2099 659 Zopy-

541 696 664 731 rum
694 677 960 748 Cratippo
983 674 1335 747 Thucydidis
1357 675 1554 746 aequali
1576 675 1950 746 antiquiorem
1980 693 2098 728 non

539 766 825 832 novimus;
856 765 1029 817 immo
1070 764 1360 817 hominem
1399 763 1625 816 serioris
1666 762 1839 816 aetatis
1864 763 2098 816 histori-

538 871 665 906 cum
694 851 783 905 vel
810 850 1235 925 grammaticum
1259 867 1401 917 esse,
1429 850 1720 904 Demetrio
1747 849 2019 903 Phalereo
2040 859 2097 903 et

539 939 881 994 Philochoro
903 937 1219 1009 juniorem,
1251 955 1319 992 ex
1344 937 1410 991 iis
1436 955 1561 1010 qnae
1587 937 1942 992 Marcellinus
1968 953 2102 990 nar-

540 1037 658 1095 rat,
706 1028 941 1099 quisque
987 1026 1267 1098 intelligit.
1324 1028 1439 1080 Aut
1488 1025 1663 1098 igitur
1688 1025 1991 1097 Dionysius
2029 1025 2101 1081 de

539 1126 696 1169 aetate
743 1114 992 1187 Cratippi
1034 1114 1269 1178 erravit,
1333 1123 1430 1168 aut
1479 1112 1835 1167 Marcellinus
1875 1115 2097 1187 ineptit.

543 1206 667 1258 Hoc
689 1202 890 1256 volunt
915 1200 1180 1274 plurimi;
1209 1200 1372 1254 fuioee
1412 1201 1473 1254 in
1484 1193 1745 1273 'Didymo
1771 1200 1968 1256 dicunt
1994 1202 2103 1257 tale

540 1291 681 1363 quid
721 1309 738 1345 ε
784 1306 1101 1362 quanquam
1133 1287 1457 1361 Cratippum
1492 1289 1743 1362 Zopyrus
1769 1299 1956 1344 testem
1999 1291 2100 1343 ad·

538 1380 715 1445 ducit,
784 1377 876 1432 vel
932 1394 1247 1450 quanquam
1301 1376 1496 1430 eadem
1548 1377 1735 1430 retulit
1785 1374 2098 1451 Cratippum

539 1466 780 1520 Meierus
805 1463 907 1543 (De
930 1453 1214 1520 Andocits.
1242 1464 1341 1520 Or.
1366 1482 1418 1517 c.
1450 1462 1635 1519 Alcib.
1668 1462 1734 1532 6,
1769 1463 1945 1538 13,p.
1976 1463 2099 1537 62.)

541 1572 648 1626 pro
677 1549 989 1629 Κράτιππος
1018 1552 1189 1607 scribi
1211 1552 1336 1606 vult
1359 1547 1690 1628 Ἕρμιππος.
1728 1553 1845 1626 Ego
1881 1570 2105 1606 memor

541 1661 767 1711 eorum,
792 1659 915 1714 quae
936 1659 1105 1714 supra
1125 1639 1196 1695 de
1223 1640 1473 1713 Cratippi
1496 1640 1724 1714 ingenio
1748 1640 2009 1709 vidimus,
2032 1659 2104 1695 ne

541 1732 840 1801 Dionysius
869 1728 941 1783 de
967 1728 1319 1802 temporibus
1345 1728 1598 1800 Cratippi
1649 1729 1890 1801 turpiter
1919 1728 2104 1801 lapsus

540 1817 611 1870 sit
636 1818 1020 1889 maximopere
1040 1833 1263 1871 vereor.
1287 1813 1539 1871 offendit
1556 1832 1733 1887 porro
1764 1813 1923 1886 quod
1949 1816 2102 1869 Mar-

542 1904 774 1958 cellinus
818 1921 1140 1975 quanquam
1182 1919 1250 1956 ex
1287 1901 1610 1955 auctoribus
1649 1900 1860 1969 hausit,
1900 1901 2105 1973 quibus

542 2000 711 2044 notus
736 2000 856 2045 erat
881 1989 1206 2061 Cratippus,
1236 1997 1422 2042 tamen
1446 1986 1565 2057 ejus
1585 2006 1704 2041 non
1727 1988 1984 2042 meminit
2010 1988 2102 2041 in-

543 2088 632 2131 ter
653 2097 750 2133 eos
767 2119 782 2144 ,
804 2078 904 2150 qui
930 2074 1320 2148 Thucydideas
1340 2075 1596 2130 historias
1619 2076 2095 2130 continuaverint.

543 2166 740 2238 Neque
757 2164 1055 2236 Dionysius
1076 2162 1403 2235 Cratippum
1423 2158 1487 2217 τὰ
1521 2158 1942 2239 παραλειφθέντα
1970 2161 2103 2220 Θου·

545 2252 751 2311 >maisou
784 2256 1091 2326 συναγαγεῖν
1135 2249 1387 2316 dixisset,
1418 2250 1463 2303 si
1495 2249 1566 2303 ab
1590 2267 1659 2304 eo
1686 2250 1977 2304 historiam
2003 2269 2103 2305 us-

546 2361 658 2415 que
684 2341 756 2398 ad
784 2340 1047 2414 proelium
1074 2337 1337 2394 Cnidium
1367 2336 1668 2391 deductam
1695 2355 1810 2391 esse
1836 2337 2099 2390 novisset.

517 2429 698 2502 ·Quid
740 2429 910 2503 igitur
948 2424 1269 2481 faciendum
1313 2424 1443 2479 loco
1480 2423 1803 2478 Plutarchi?
1833 2423 2104 2495 Cratippo

545 2519 765 2573 auctori
795 2516 1046 2571 tribuisse
1068 2513 1294 2569 videtur
1317 2532 1442 2586 quae
1468 2524 1630 2568 erant
1649 2512 1901 2584 Cratippi
1921 2509 2104 2566 edito-

545 2607 621 2661 ris
642 2618 698 2661 et
721 2603 1194 2660 commentatoris.
1225 2603 1504 2657 Nimirum
1526 2602 1601 2655 ita
1614 2619 1736 2656 rem
1762 2617 1877 2654 sese
1894 2598 2104 2654 habere

544 2695 797 2768 suspicor
829 2712 842 2746 ε
873 2691 1068 2747 Edidit
1092 2691 1391 2763 Cratippus
1417 2706 1560 2761 opus
1584 2686 1915 2741 historicum
1943 2684 2104 2756 quod

547 2780 891 2854 Thucydidis
941 2778 1200 2834 historias
1239 2795 1353 2832 una
1400 2795 1531 2831 cum
1570 2774 1872 2831 Hellenicis
1910 2772 2103 2826 Theo-

547 2870 744 2943 pompi
773 2866 1255 2940 complectebatur
1293 2884 1306 2918 :
1355 2865 1430 2918 ita
1467 2875 1682 2930 tamen,
1719 2870 1784 2914 ut
1815 2869 2101 2934 postrema

547 2954 897 3028 Thucydidei
923 2955 1109 3027 operis
1132 2963 1459 3007 retractaret
1477 2950 1764 3021 simulque*
1781 2966 1812 3002 e
1834 2965 1935 3000 suo
1950 2964 2105 3019 penu

549 3043 786 3100 adderet
811 3059 934 3114 quae
971 3040 1236 3111 deinceps
1266 3048 1417 3111 gesta
1440 3047 1596 3103 sunt,
1621 3053 1798 3107 usque
1821 3033 1893 3088 ad
1933 3032 2106 3086 finem

548 3131 684 3185 belli
705 3126 1186 3202 Peloponnesiaci.
1217 3126 1358 3179 Nam
1396 3123 1514 3176 haec
1540 3122 1943 3194 Theopompus
1964 3136 2104 3190 per-

550 3218 797 3274 breviter
817 3233 933 3270 uno
959 3213 1107 3267 libro
1136 3210 1482 3278 absolverat;
1517 3219 1716 3263 contra
1747 3203 2105 3279 sequent-ium

2187 603 2467 642 annorum
2496 586 2757 640 undecim
2775 586 3067 640 historiam
3087 585 3321 640 totidem
3347 586 3512 641 libris
3540 586 3751 642 descri-

2187 686 2374 747 pserat
2405 676 2742 748 plenissime.
2771 677 2852 728 Ac
2874 674 3077 728 scimus
3110 673 3417 728 secundum
3447 677 3758 731 nonnullos
3866 661 3867 688 ³

2189 763 2492 817 Hellenicis
2516 762 2872 834 Theopompi
2900 762 3123 815 nonnisi
3144 760 3409 816 undecim
3445 763 3635 817 libros
3664 765 3756 818 tri·

2188 848 2309 903 bui.
2340 881 2419 891 —
2453 851 2537 903 Ita
2563 851 2606 903 si
2637 850 2956 917 statuimus,
2983 859 3040 903 et
3077 859 3230 903 recte
3252 866 3310 902 se
3336 849 3559 904 habent
3585 851 3753 905 verba

2190 937 2444 1010 Dionysii
2467 937 2494 991 ὁ
2512 931 2579 991 τὰ
2601 955 2661 993 π.
2680 935 2753 994 Θ.
2781 931 3105 1011 συναγαγών,
3127 946 3184 989 et
3204 935 3365 990 facile
3388 937 3749 1010 intelligitur,

2191 1024 2486 1097 quomodo
2510 1022 2633 1079 fieri
2653 1025 2907 1097 potuerit
2938 1034 3002 1077 ut
3027 1041 3091 1078 ea
3106 1063 3123 1092 ,
3150 1041 3399 1095 quorum
3422 1024 3617 1097 prima
3641 1035 3757 1079 tan—

2192 1121 2311 1166 tum
2338 1130 2469 1184 pars
2507 1109 2792 1184 Cratippi,
2822 1112 2996 1166 altera
3033 1128 3172 1165 vero
3200 1111 3569 1185 Theopompi
3603 1122 3750 1176 erat,

2193 1200 2381 1254 omnia
2405 1199 2510 1253 sub
2531 1200 2697 1253 unius
2722 1199 2973 1271 Cratippi
2995 1198 3226 1253 nomine
3249 1217 3280 1252 a
3305 1198 3624 1253 Plutarcho
3654 1198 3756 1252 mi·

2192 1304 2298 1340 nus
2319 1295 2535 1340 attento
2559 1285 2903 1341 afferrentur
2929 1283 3019 1359 (“).

2274 1382 2388 1437 Cur
2405 1400 2545 1438 vero
2564 1382 2696 1437 belli
2713 1382 3027 1456 Peloponn.
3048 1382 3293 1436 historiae
3312 1382 3622 1455 Cratippus
3630 1380 3759 1454 jun-

2194 1470 2341 1525 xerit
2364 1471 2718 1542 sequentium
2740 1487 2830 1525 res
2855 1480 3176 1543 temporum
3192 1508 3208 1536 ‚
3236 1467 3495 1524 divinare
3526 1469 3753 1523 sonasse

2193 1559 2325 1613 licet
2345 1576 2415 1613 ex
2447 1558 2741 1631 Dionysio.
2768 1561 2822 1614 Is
2846 1559 2996 1614 enim
3025 1556 3111 1630 (in
3139 1559 3245 1630 Ep.
3276 1556 3369 1611 ad.
3394 1558 3607 1632 Pomp.
3633 1576 3751 1631 cap.

2196 1644 2252 1714 3,
2286 1651 2318 1710 4
2338 1640 2500 1721 sqq.)
2530 1635 2938 1719 'Thucydidem'
2951 1647 3028 1701 ait
3062 1645 3343 1718 ingratum
3376 1656 3646 1700 tractasse
3666 1664 3755 1701 ar-

2191 1744 2551 1806 gumentum,
2579 1734 2885 1806 patriaeque
2907 1732 3101 1806 gloriae
3130 1730 3274 1785 male
3301 1731 3655 1785 consuluisse
3679 1732 3758 1785 ni·

2192 1819 2272 1873 hil
2304 1831 2627 1875 narrantem
2647 1821 2750 1875 nisi
2778 1818 2845 1874 τὰ
2875 1815 3056 1896 οἰκτρὰ
3080 1816 3170 1873 καὶ
3195 1814 3339 1873 δεινὰ
3358 1815 3532 1888 πάθη.
3569 1818 3617 1875 K
3626 1819 3754 1894 ρεῖτ-

2191 1926 2278 1964 τον
2322 1907 2368 1963 δ’
2413 1897 2477 1977 ἦν
2494 1950 2512 1982 ,
2560 1909 2776 1981 pergit,
2823 1902 3143 1971 διεξελθόντα
3182 1901 3251 1959 τὰ
3286 1901 3467 1960 πάντα
3510 1902 3755 1973 τελευτὴν
3870 1959 3871 1982 ÷

2192 1992 2512 2066 ποιήσασθαι
2536 1998 2631 2065 τῆς
2666 1991 2896 2072 ἱστορίας
2916 1990 3013 2062 τὴν
3041 1991 3490 2067 θαυμασιωτάτην
3530 1991 3623 2049 καὶ
3651 1991 3758 2067 μα’-
3870 1995 3871 2020 ³

2191 2080 2347 2140 λιστα
2365 2088 2470 2147 τοῖς
2497 2079 2743 2138 ἀκούουσι
2764 2077 3168 2158 κεχαρισμένην.
3196 2082 3382 2152 Atque
3403 2081 3579 2136 talem
3594 2079 3757 2136 finem

2193 2171 2309 2244 ipse
2329 2171 2632 2244 Dionysius
2669 2167 2984 2241 Thucydidi
3012 2167 3408 2240 propositurus
3448 2167 3641 2221 suiset
3666 2163 3755 2234 τὴν

2193 2253 2411 2313 κάθοδον
2441 2258 2543 2314 τῶν
2568 2251 2811 2333 φυγάδων
2832 2255 2934 2310 τῶν
2964 2251 3069 2309 ἀπὸ
3097 2250 3310 2322 Φύλης,
3340 2249 3428 2330 ἀφ’
3454 2241 3533 2308 ὧν
3560 2254 3594 2321 ἡ
3615 2250 3758 2314 πόλις

2196 2340 2460 2422 ἀρξαμένη
2491 2340 2586 2412 τὴν
2624 2338 2917 2420 ἐλευθερίαν
2958 2338 3260 2416 ἐκομίσατο.
3307 2340 3585 2396 Similiter
3624 2340 3754 2396 Cra-

2193 2433 2383 2504 tippus
2402 2431 2768 2502 judicaverit,
2816 2430 3114 2484 terminum
3158 2429 3504 2482 narrationis
3544 2445 3755 2501 ponens

2193 2519 2441 2573 Cononis
2466 2518 2763 2584 victoriaS,
2806 2534 2968 2571 novae
2995 2513 3427 2570 Atheniensibus
3471 2525 3531 2569 et
3572 2515 3756 2587 inspe-

2195 2614 2327 2659 ratoe
2345 2616 2603 2660 auctores
2628 2605 2918 2678 potentiae.

2257 2796 2319 2859 (*)
2352 2794 2539 2845 Suidas.
2563 2794 2755 2850 Σαὸἱνος
2774 2793 3028 2855 σοφιστὴς,
3047 2792 3248 2852 γεγονὼς
3268 2789 3341 2838 ἐπὶ
3368 2789 3603 2852 Ἀδριανοῦ
3636 2789 3747 2837 Καί-

2195 2879 2354 2928 σαρος·
2383 2865 2579 2927 ἔγραψεν
2675 2864 2739 2917 εἷς
2758 2861 3045 2916 Θουκυδίδην
3063 2861 3144 2908 καὶ
3163 2858 3464 2907 Ἀκουσίλαον
3490 2860 3574 2906 καῖ
3593 2859 3745 2911 ἄλλως

2195 2936 2524 2997 ὑπομνήματα.
2543 2960 2607 2969 -
2623 2952 2645 2974 «
2670 2932 2970 2981 Mirationem
2990 2929 3105 2979 facit
3121 2927 3323 2976 obooleti
3337 2926 3593 2988 scriptoris
3610 2929 3629 2989 (
3638 2934 3749 2977 Aeu-

2193 3005 2326 3068 silaI)
2354 3005 2584 3054 memoria
2598 3041 2613 3065 ,
2635 3014 2913 3065 quanquam
2942 3013 3087 3049 nemo
3104 2996 3265 3060 paullo
3285 2996 3578 3058 prode-uhi-
3600 2999 3750 3048 unite·

2196 3078 2277 3125 tur
2312 3075 2582 3136 Sturzium,
2609 3073 2693 3136 qui
2723 3073 2784 3122 de
2821 3072 2995 3132 Argivo
3022 3068 3372 3131 mythogmpbo
3403 3069 3700 3130 cogitaverit.
3727 3086 3749 3112 ι

2198 3149 2314 3197 Haec
2338 3144 2664 3205 Bernhardy.
2684 3145 2811 3194 Num
2832 3139 3085 3204 legendum
3111 3139 3192 3187 καὶ
3215 3137 3524 3200 Κράτιππονὲ
