3900 6042
1471 455 1961 517 FRAGMENTA.

114 585 291 638 locari
326 579 600 652 πίνακας,
638 583 691 638 ἐν
731 572 806 647 οἷς
843 584 937 655 γῆς
964 579 1190 660 περίοδοί
1226 582 1373 639 εἰσιν.
1402 585 1536 653 Quae
1565 586 1685 656 opi-

115 672 210 725 nio
240 689 313 725 eo
353 672 585 739 nititur,
628 669 788 742 quod
830 667 1387 725 Pseudo-Dicaearchi
1437 665 1690 732 Ἑλλάδος

115 753 431 834 ἀναγραφὴν
501 757 885 830 Theophrasto
943 757 1134 810 Eresio
1195 754 1509 810 dedicatam
1577 773 1690 809 esse

117 843 444 899 censebant.
481 845 609 898 Hoc
633 843 794 896 nihili
822 859 935 896 esse
956 841 1074 912 jam
1095 843 1222 896 satis
1249 842 1448 913 liquet.
1478 844 1562 895 Ao
1584 842 1687 895 Di·-

118 930 439 984 caearchum
493 929 826 984 Messeniam
868 927 1248 982 adversarium
1287 929 1475 999 potius
1521 945 1689 1001 quam

119 1016 458 1071 familiarem
488 1014 863 1089 Theophrasti
889 1014 1070 1068 videri
1095 1014 1258 1069 fixisse
1277 1031 1444 1086 supra
1471 1016 1690 1068 monui-

119 1122 258 1161 mus.
286 1104 500 1159 Cicero
531 1102 758 1176 quidem
788 1101 880 1157 Ad
907 1103 1071 1156 Attic.
1107 1103 1214 1169 Vl,
1253 1120 1286 1156 a
1316 1101 1414 1175 (fr.
1445 1100 1544 1175 74)
1570 1118 1691 1155 me-

120 1202 302 1245 morat
343 1191 581 1245 tabulas
617 1189 965 1255 Dicaearchi,
1017 1188 1116 1244 sed
1160 1190 1268 1257 ita,
1312 1199 1378 1243 ut
1415 1206 1534 1244 non
1579 1199 1690 1243 tam

123 1276 192 1331 ‹le
213 1277 456 1345 tabulis,
504 1295 644 1349 quas
680 1277 858 1330 oculis
896 1274 1169 1346 subjectas
1193 1274 1480 1342 habuerit,
1520 1292 1688 1346 quam

123 1363 192 1418 de
226 1365 620 1437 Peloponnesi
675 1362 862 1417 tabula
884 1402 900 1430 ,
952 1362 1131 1434 qualis
1175 1380 1246 1416 ex
1293 1361 1689 1433 Trophoniana

128 1448 412 1503 Chaeronis
447 1451 779 1503 narratione
827 1448 1035 1521 (quam
1072 1447 1265 1503 laudat
1306 1447 1502 1502 Cicero
1532 1448 1572 1500 l.
1613 1448 1687 1522 1.)

125 1537 308 1589 animo
347 1535 714 1591 efformanda
765 1535 935 1601 foret,
993 1534 1356 1609 cogitandum
1396 1552 1509 1589 eane
1551 1536 1690 1589 mihi

129 1620 399 1677 videatur.
431 1622 697 1677 Osannus
738 1621 776 1678 l.
820 1621 860 1675 l.
901 1639 959 1693 p.
1003 1639 1074 1690 7²
1113 1620 1354 1688 tabulas,
1385 1637 1507 1692 quae
1537 1620 1691 1675 orbis

133 1719 404 1763 terrarum
417 1707 764 1763 delineatam
781 1708 1083 1781 imaginem
1097 1706 1469 1761 exhibuissent
1481 1716 1538 1761 et
1555 1721 1691 1779 quas

133 1793 304 1862 libro,
332 1795 438 1866 qui
471 1790 726 1869 Περίοδος
752 1794 846 1866 γῆς
869 1794 1214 1860 inscribitur,
1239 1793 1561 1865 explicasset
1592 1795 1690 1847 Di-

135 1880 408 1933 cmrchus
432 1879 602 1952 apud
640 1881 968 1936 Ciceronem
1013 1880 1248 1951 intelligi
1291 1879 1430 1933 vult.
1476 1878 1689 1949 Quodsi

135 1965 298 2021 verba
343 1966 647 2021 Ciceronis
682 1967 760 2022 ita
804 1976 1126 2039 comparata
1171 1967 1306 2035 sint,
1357 1977 1422 2020 ut
1466 1966 1688 2020 nonnisi

147 2053 598 2126 Trophonianam
619 2054 1170 2109 isunnam-rationem
1190 2063 1388 2107 auctor
1408 2063 1538 2107 ante
1560 2070 1691 2106 ocu-

140 2138 217 2193 los
241 2138 502 2195 hahuisse
533 2138 812 2208 videatur,
854 2140 916 2194 id
942 2139 1214 2194 brevitate
1241 2149 1297 2192 et
1321 2138 1655 2192 obscuritate
1671 2178 1687 2205 ,

145 2240 244 2294 qua
269 2225 521 2297 epistolae
550 2224 628 2280 ad
653 2226 897 2280 Atticum
925 2226 1146 2296 scriptae
1172 2225 1373 2297 passim
1401 2224 1686 2291 laborant,

143 2328 486 2367 commistim
503 2330 627 2368 esse
654 2323 854 2367 censet.
883 2312 1126 2367 Fuhrius
1150 2329 1258 2383 pro
1289 2311 1490 2365 tabulis
1516 2311 1691 2365 corri-

146 2398 377 2470 gendum
403 2418 525 2455 ease
565 2396 1084 2471 opinatur-sabulis.
1114 2428 1195 2440 —
1224 2399 1307 2453 Ex
1338 2398 1692 2471 Agathemeri

150 2483 375 2558 denique
401 2486 604 2542 verbis
629 2484 728 2557 (fr.
772 2482 878 2559 54)
919 2502 1039 2540 non
1081 2496 1273 2557 patere
1309 2485 1692 2539 Dicaearchum

150 2570 346 2629 tabulas
363 2573 779 2648 geographicas
801 2571 1102 2628 delineaaee
1120 2589 1287 2627 nemo
1314 2589 1433 2625 non
1457 2571 1632 2625 videt.

876 2714 970 2771 52.

224 2850 312 2905 Jo.
329 2849 524 2922 Lydus
553 2850 863 2905 Demens.
895 2867 952 2921 p.
1001 2848 1107 2914 164
1136 2847 1228 2903 ed.
1255 2848 1444 2904 Roeth.
1483 2843 1694 2904 ιἈλλᾶ

160 2931 240 2989 καὶ
279 2933 606 3012 Δικαίαρχος
644 2934 698 2989 ἐν
733 2934 968 3012 Περιόδῳ
992 2937 1088 3008 γῆς
1120 2934 1180 2990 ἐκ
1222 2936 1317 3003 τῆς
1356 2930 1689 3004 Ἀτλαντικῆς

161 3019 396 3090 Θαλάττης
421 3044 508 3079 τον
561 3021 749 3080 Νεῖλον
790 3022 1096 3099 ἀναχεῖσθαι
1138 3017 1398 3098 βούλεται.
1437 3022 1524 3079 Cf.
1566 3024 1694 3079 Cal-

162 3106 384 3163 listhenis
404 3110 474 3169 fr.
504 3110 573 3166 6.

225 3194 428 3251 Unicus
447 3198 547 3252 hic
581 3196 738 3250 locus
762 3206 871 3261 est,
908 3213 1024 3267 quo
1053 3195 1258 3250 diserta
1283 3195 1512 3251 Periodi
1539 3214 1694 3251 men·

165 3280 233 3332 tio
272 3280 348 3339 fit.
384 3283 478 3339 Ad
510 3282 670 3339 idem
703 3300 845 3354 opus
881 3282 1176 3336 referenda
1213 3282 1456 3355 plurima
1500 3300 1698 3337 eorum

166 3382 272 3438 qua
296 3369 365 3424 ad
387 3382 670 3426 terrarum
694 3368 1091 3452 descriptiones
1110 3369 1452 3441 pertinent.-

872 3511 968 3568 53.

235 3660 815 3732 Pliniusn.N.11,c.
846 3657 919 3714 65
943 3660 1015 3714 de
1036 3671 1230 3715 terra:
1258 3661 1488 3716 Globum
1511 3674 1697 3715 tamen

172 3743 307 3818 effici
338 3753 534 3804 mitum
583 3753 741 3803 estin
792 3759 947 3801 tanta
967 3749 1214 3822 planitie
1259 3753 1432 3801 maris
1471 3766 1694 3822 campo·

173 3849 394 3907 rumque.
460 3836 572 3891 Cui
617 3840 909 3889 sententiaa²
961 3834 1122 3889 adest
1177 3833 1564 3902 Dicoearcltus,
1622 3840 1703 3889 vir

176 3922 226 3970 in
243 3926 430 3992 primis
466 3923 730 3986 erudiat-s,
781 3938 970 3991 regum
1015 3938 1148 3973 cura
1178 3937 1275 3993 pei
1279 3937 1500 3973 mensus
1540 3939 1698 3974 mon-

177 4013 267 4071 tes,
302 4025 372 4060 ea:
395 4010 593 4081 quibus
618 4008 948 4062 altissimum
977 4006 1227 4079 prodidit
1258 4006 1456 4060 Pelion
1484 4007 1698 4061 MCCL

173 4108 405 4159 passuum
466 4100 687 4150 ratione
735 4094 1215 4168 perpendiculari,
1290 4092 1504 4146 nullam
1573 4108 1692 4146 esse

180 4195 286 4233 eam
321 4189 625 4254 portionem
671 4186 936 4235 universa.-
991 4181 1345 4235 rotunditatis
1404 4181 1692 4253 colligens.

181 4262 315 4318 Milu‘
332 4273 535 4324 incerta
557 4268 686 4323 hoec
703 4269 915 4322 videtur
932 4271 1293 4338 conjectatio,·
1323 4264 1517 4320 haud'
1496 4285 1697 4339 ignaro

184 4353 416 4419 quosdam
453 4359 681 4429 Alpium
729 4359 977 4420 vertices,
1030 4356 1194 4428 longo
1232 4364 1408 4407 tractu
1447 4371 1548 4406 nec
1584 4353 1696 4406 bre·

355 4518 573 4580 oanis
610 4518 1034 4578 TERRARUM
1075 4516 1493 4577 CIRCUITUS.

879 4615 967 4665 52.

237 4692 519 4748 Dioni-chus
533 4709 730 4760 quoque
745 4697 796 4746 in
817 4696 960 4747 Orb‘u
987 4697 1206 4746 circuitu
1225 4695 1388 4746 Nilum
1416 4683 1622 4745 fluvium
1637 4707 1700 4743 ex

188 4766 396 4820 Atlantico
414 4775 530 4824 mari
552 4773 756 4825 renuere
776 4774 894 4824 vult.

243 4942 374 4992 Prisci
408 4946 582 4996 terram
616 4903 962 4996 habitabilem
955 4958 1058 4997 enne
1097 4944 1352 4995 rotundam
1397 4944 1695 5005 fingebant...

193 5017 358 5070 Primus
381 5026 702 5084 Damocritum
721 5026 795 5074 vir
812 5025 1149 5087 peritissimus,
1172 5020 1394 5086 cognovit
1417 5036 1523 5073 eam
1537 5022 1703 5071 oblon-

195 5107 423 5161 Μαίη,
451 5104 518 5153 ita
540 5107 594 5153 ιιι
612 5103 811 5153 dimidia
845 5106 980 5165 parte
1004 5103 1185 5165 longior
1215 5115 1363 5165 quam
1393 5101 1534 5151 latior
1561 5107 1698 5152 esset.

199 5137 439 5227 Democrito
456 5181 709 5231 nectitur
727 5180 1030 5229 Dicaearchus
1047 5178 1402 5241 peripateticus.

3212 465 3318 517 2⁵1

1779 591 1924 639 viote
1968 589 2373 657 quinquaginta
2425 584 2669 639 millibus
2701 602 2971 657 passuum
3018 603 3320 659 assurgere·

1857 672 2111 727 Martian.
2133 671 2267 743 Cap.
2288 672 2390 737 vl,
2415 670 2580 743 §590
2603 670 2699 728 ed.
2722 673 2918 743 Kopp.
2954 670 3102 726 1836
3136 691 3150 725 ε
3190 674 3322 727 Tum

1778 760 1879 811 illa
1900 755 2178 826 :sormam
2194 762 2356 811 totius
2381 768 2545 811 terroe
2562 775 2671 811 non
2685 759 2945 829 planam,
2975 769 3034 811 ut
3045 764 3329 814 oestimant

1767 848 2035 916 positioni
2093 848 2190 916 qui
2239 861 2364 897 eam
2413 844 2553 896 disci
2611 839 2918 912 diffusioris
2968 847 3313 912 assimilant,

1778 949 1958 1003 neque
1998 948 2292 985 concae-am
2307 971 2322 998 ‚
2362 941 2425 983 ut
2459 932 2564 984 alii
2603 935 2700 1002 qui
2735 930 3064 984 descendere
3099 932 3326 987 imbrem

1778 1017 1975 1071 dixere
2000 1018 2207 1070 telluris
2230 1020 2286 1069 in
2316 1022 2587 1087 gremium
2608 1034 2626 1082 ,·
2656 1016 2761 1069 sed
2776 1016 3096 1081 rotundam,
3133 1018 3327 1091 globo-

1778 1120 1899 1157 sam
1934 1109 2129 1165 etiam,
2166 1108 2307 1158 sicut
2342 1104 2608 1157 secundus
2636 1102 3004 1156 Dicaearchus
3031 1117 3323 1162 asseverat.

1779 1190 2038 1262 Namque
2076 1202 2227 1245 onus
2247 1190 2531 1261 obitusque
2564 1190 2800 1243 siderum
2828 1207 2936 1241 non
2966 1190 3208 1243 diversus
3223 1210 3328 1262 pro

1779 1288 1942 1330 terroe
1982 1277 2280 1330 elevatione
2316 1276 2402 1329 vel
2436 1274 2888 1330 inclinationibus
2923 1274 3234 1341 haberetur,
3280 1282 3328 1330 si

1773 1380 1881 1435 per
1892 1364 2076 1437 plana
2095 1359 2326 1431 diffusis
2343 1363 2641 1415 mundana:-
2664 1366 3058 1416 constitutionis
3078 1360 3330 1434 operibus

1778 1468 1886 1504 uno
1926 1451 2227 1523 eodemque
2271 1461 2511 1521 tempore
2562 1466 2731 1520 supra
2777 1461 2951 1502 terras
3000 1461 3056 1503 et
3097 1467 3324 1522 oequora

1777 1542 2096 1603 nituissent,
2135 1548 2235 1590 aut
2262 1540 2392 1591 item
2421 1539 2471 1589 si
2495 1540 2694 1590 emersi
2719 1537 2850 1590 solis
2872 1546 3091 1590 exortus
3123 1555 3326 1591 conca-

1779 1628 1858 1677 vis
1873 1620 2237 1677 subductionis
2259 1636 2423 1677 εστ-ιε
2451 1623 2672 1676 latebris
2700 1618 3012 1678 abdet-etur.

1855 1712 1980 1766 Vox
2018 1711 2284 1764 secundus
2326 1711 2401 1765 ita
2441 1707 2771 1782 explicanda
2802 1707 3026 1762 videtur
3060 1710 3323 1781 Koppio,

1777 1806 1842 1849 ut
1861 1800 2078 1868 primus
2099 1797 2380 1851 sententiae
2396 1796 2561 1866 hujus
2579 1807 2776 1851 auctor
2795 1793 2963 1848 suerit
2982 1795 3323 1851 Aristotelea.

1779 1881 2017 1936 Fuhrius
2031 1880 2270 1951 conjecit
2277 1879 2573 1951 fecundus.
2592 1883 2844 1937 Fortasse
2868 1879 2978 1937 ruit
2996 1897 3011 1938 t
3032 1883 3325 1936 secundum

1778 1966 2169 2021 Dicaearchum
2188 1978 2521 2025 asseverant.
2541 1969 2624 2021 De
2643 1984 2705 2022 re
2720 1966 2793 2021 cf.
2816 1965 3104 2040 Forbiger.
3122 1967 3323 2038 Geogr.

1783 2055 1831 2121 1,
1882 2072 1942 2126 p.
1975 2052 2111 2126 539.

2508 2152 2600 2219 51..

1787 2304 1794 2311 '
1859 2294 2259 2367 Agathemerus
2281 2294 2403 2347 init.
2433 2292 2539 2350 :01
2564 2288 2659 2367 μὲν
2688 2275 2776 2348 ουν
2797 2291 3013 2349 παλαιοὶ
3040 2289 3135 2361 τὴν
3160 2293 3329 2349 οἰκου-

1784 2375 1947 2453 μίνην
1978 2377 2198 2458 ἔγραφον
2229 2375 2617 2456 στρογγύλην..
2650 2379 2865 2455 Πρῶτος
2903 2376 2956 2435 δὲ
2984 2375 3327 2456 Δημόκριτος,

1781 2461 2091 2543 πολύπειρος
2146 2461 2311 2543 ἀνὴρ,
2348 2463 2573 2521 συνεῖδεν
2619 2460 2697 2520 ὅτι
2755 2462 3030 2541 προμήκης
3073 2462 3183 2520 ἐστὶ
3223 2466 3324 2540 γῆ,

1783 2549 2023 2627 ἡμιόλιον
2065 2549 2125 2608 τὸ
2174 2555 2337 2624 μῆκος
2383 2554 2474 2607 τοῦ
2516 2547 2743 2616 πλάτους
2797 2548 3009 2628 ἔχουσα.
3061 2549 3235 2625 Συνῄν
3210 2571 3324 2608 ενσι

1786 2637 1953 2717 τούτῳ
1976 2635 2066 2694 καὶ
2091 2635 2408 2714 Δικαίαρχος
2433 2637 2462 2692 ὁ
2489 2638 2913 2714 περιπατητικός.
2946 2633 3165 2703 Εὔδοξος
3188 2634 3244 2692 δὲ
3269 2637 3330 2695 τὸ

1788 2726 1953 2798 μῆκος
1978 2723 2188 2780 διπλουν
2210 2727 2299 2781 τοῦ
2336 2720 2590 2789 πλάτους·
2615 2726 2644 2779 ὁ
2673 2720 2730 2779 δὲ
2756 2718 3130 2799 Ἐρατοσθένης
3155 2722 3328 2780 πλεῖον

1782 2832 1872 2868 του
1897 2810 2097 2869 διπλοῦ.
2127 2812 2431 2868 «Ceterum
2456 2830 2575 2865 non
2598 2809 2999 2884 negligendum
3024 2820 3105 2865 eat
3121 2850 3138 2880 ,
3171 2811 3333 2883 quod

1782 2896 2092 2957 Democriti
2121 2900 2395 2955 sententia
2421 2897 2496 2954 ad
2521 2897 2826 2953 habitatam
2868 2906 3085 2952 tantum
3121 2906 3329 2953 terram

1783 2986 2080 3042 referenda
2105 2997 2208 3059 est,
2231 2998 2288 3041 et
2311 2984 2469 3058 quod
2493 2976 2846 3040 Dicaearchus
2873 2985 3062 3057 igitur,
3089 2986 3187 3056 qui
3210 3002 3331 3039 eam

1788 3073 2077 3146 amplexus
2097 3085 2202 3141 est,
2218 3073 2323 3127 sibi
2348 3091 2467 3127 non
2485 3082 2795 3145 repugnat,
2821 3073 2865 3126 si
2883 3089 3009 3126 cum
3040 3072 3333 3127 Aristotele

1783 3161 2047 3233 magistro
2074 3157 2193 3233 (De
2220 3160 2365 3216 coelo
2400 3162 2482 3227 11,
2518 3158 2616 3234 ιι.)
2649 3177 2875 3215 omnem
2901 3169 3101 3215 terram
3131 3159 3333 3233 globo-

1783 3264 1898 3302 sam
1925 3265 2041 3304 esse
2064 3249 2273 3302 atamit.
2304 3270 2345 3301 a»
2374 3248 2561 3303 Funa.

2519 3390 2612 3446 55.

1864 3524 2024 3581 Idem
2060 3526 2199 3583 ibid.
2245 3524 2623 3604 εΔικαίαρχος
2664 3523 2718 3581 δὲ
2758 3523 2914 3604 ὁρίζει
2953 3523 3048 3595 τὴν
3086 3529 3184 3602 γῆν
3226 3528 3325 3604 οὐχ

1789 3607 1992 3681 ὕδασιν,
2033 3609 2170 3668 ἀλλὰ
2206 3613 2344 3685 τομῇ
2379 3612 2547 3690 εὐθείᾳ
2588 3610 2832 3689 ἀκράτῳ,
2864 3610 2969 3668 ἀπὸ
3002 3613 3206 3681 στηλων
3245 3610 3332 3669 διὰ

1787 3697 2052 3773 Σαρδοῦς,
2082 3696 2361 3773 Σικελίας,
2383 3696 2822 3773 Πελοποννήσου,
2856 3697 3086 3776 Καρίας,
3110 3698 3333 3770 Λυκίας,

1787 3782 2138 3863 Παμφυλᾶις,
2185 3783 2426 3849 Κιλικίας
2465 3783 2556 3842 καὶ
2598 3784 2809 3863 Ταύρου
2855 3783 2970 3854 ἑξῆς
3017 3783 3112 3849 ἔως
3152 3784 3332 3859 Ἰμάιυ

1784 3867 1959 3948 ὅρους·
1985 3872 2088 3927 τῶν
2117 3870 2284 3927 τοίνυν
2305 3869 2481 3928 τόπων
2505 3871 2593 3928 τὸν
2614 3870 2707 3948 μὲν
2731 3871 2945 3950 βόρειον,
2972 3872 3059 3929 τὸν
3088 3869 3142 3928 δὲ
3166 3873 3330 3929 νότιον

1784 3955 2040 4029 ὀνομάζει.
2062 3959 2277 4015 Eodem
2307 3961 2482 4016 modo
2510 3961 2899 4016 Eratosthenes
2924 3978 3044 4015 rem
3072 3962 3328 4016 instituit.

1783 4048 1848 4103 V.
1872 4032 2073 4102 Strabo
2096 4048 2151 4102 11
2175 4067 2272 4121 ‚.p
2300 4047 2394 4117 67.

2513 4147 2608 4206 56.

1864 4267 2067 4321 Strabo
2093 4269 2176 4337 11,
2206 4286 2256 4325 c.
2289 4273 2343 4337 4,
2368 4287 2428 4341 p.
2458 4272 2561 4331 104
2590 4281 2699 4340 sq.
2732 4262 2990 4329 Πολυὸιος
3019 4262 3073 4321 δὲ
3102 4262 3196 4333 τὴν
3228 4265 3334 4322 Ευ-

1792 4349 1971 4429 ρώπην
2004 4354 2359 4431 χωρογραφῶν
2379 4350 2497 4417 τους
2518 4350 2613 4428 μὲν
2642 4350 2892 4430 ἀρχαίως
2920 4353 3011 4410 ἐᾶν
3034 4372 3192 4429 φησι,
3215 4374 3333 4417 τους

2520 4520 2608 4570 55.

1850 4608 2155 4658 Dicaearchus
2166 4610 2399 4658 terrarum
2422 4611 2567 4658 altum
2584 4622 2682 4658 non
2698 4608 2958 4658 secundum
2973 4608 3125 4661 maria
3145 4607 3333 4669 definit,

1787 4683 2035 4734 sedducta
2064 4685 2189 4734 linea
2215 4684 2422 4746 directa,
2449 4698 2561 4747 quie
2590 4684 2653 4733 ab
2682 4685 2898 4735 Hermilis
2919 4686 3154 4735 columnia
3182 4686 3334 4734 currit

1788 4776 1874 4825 per
1894 4764 2187 4826 Sardiniam,
2204 4763 2447 4827 Siciliam,
2468 4764 2866 4826 Peloponnesum,
2881 4764 3075 4814 Cariam
3088 4763 3337 4826 ,Lyciam,

1790 4841 2144 4903 Pamphyliam,
2166 4840 2381 4891 Ciliciam
2404 4844 2454 4890 et
2474 4844 2713 4902 Taurum,
2739 4853 2890 4903 usque
2908 4840 2967 4889 a'd
2988 4844 3171 4890 imaum
3199 4853 3336 4890 mon·

1787 4920 1904 4967 tem.
1924 4921 2074 4967 Terra
2099 4918 2241 4979 igitur
2268 4918 2398 4967 hunc
2434 4920 2482 4967 in
2519 4917 2719 4968 modum
2750 4918 2800 4966 in
2821 4918 2943 4966 duaa
2963 4916 3116 4966 divisa
3140 4920 3332 4980 partes,

1794 5009 1961 5045 earum
1984 4996 2183 5046 alteram
2202 4996 2474 5057 borealem,
2499 4997 2697 5046 alteram
2716 4995 3071 5045 meridionalem
3095 4995 3333 5046 nominat.

1851 5179 1962 5225 sam
2000 5175 2223 5238 Polybius
2254 5177 2459 5237 Europae
2490 5094 2701 5237 lgiones
2731 5174 3030 5235 describens,
3060 5176 3245 5224 veteres
3278 5186 3332 5222 se
