3900 6042
1546 452 2044 513 FRAGMENTA.

217 584 360 643 πάλιν
380 582 588 662 ὕστερον
613 580 921 647 ἐκπεσόντας
942 580 1036 651 τὴν
1059 585 1147 638 νῦν
1164 580 1422 640 Ἰουδαίαν
1444 586 1747 662 κατασχεῖν,

218 672 305 730 καὶ
327 670 585 737 κτίσαντες
606 667 948 747 Ἱεροσόλυμα
975 667 1063 726 τὸν
1084 664 1212 725 νεὼν
1237 668 1747 739 κατασκευάσασθαι,

219 758 362 837 μέχρι
387 755 485 833 μὲν
500 756 695 815 τούτων
710 754 1028 826 ἠκολούθησε
1050 754 1163 820 ταῖς
1189 757 1510 835 ἀναγραφαῖς
1524 799 1540 829 ,
1568 754 1747 814 ἔπειτα

220 844 272 902 δὲ
301 843 402 909 δοὺς
429 841 660 910 ἐξουσίαν
686 844 859 922 αὑτῷ,
891 842 975 900 διὰ
1002 846 1092 899 τοῦ
1121 841 1281 922 φάναι
1307 844 1521 923 γράψειν
1548 842 1614 900 τὰ
1642 867 1748 918 μυ-

221 930 451 1005 θευόμενα
493 930 583 989 καὶ
623 928 880 1006 λεγόμενα
923 928 1045 1008 περὶ
1087 932 1192 986 τῶν
1242 928 1532 1006 Ἰουδαίων,
1572 930 1751 1007 λόγους

221 1017 482 1084 ἀπιθάνους
506 1015 857 1095 παρενέὸαλεν
889 1017 953 1092 (“)
973 1060 989 1092 ,
1021 1014 1267 1090 ἀναμῖξαι
1296 1017 1598 1094 βουλόμενος
1625 1021 1751 1089 ἡμῖν

221 1104 507 1183 Αἰγυπτίων
524 1106 723 1175 πλῆθος
748 1105 953 1182 λεπρῶν
980 1102 1071 1161 καὶ
1100 1102 1189 1161 ἐπὶ
1211 1102 1385 1169 ἄλλοις
1403 1102 1753 1183 cippum-dim·

220 1218 315 1266 σιν,
330 1191 395 1259 ὥς
418 1215 573 1273 φησι,
588 1191 764 1272 ςιυγεῖν
784 1193 844 1249 ἐκ
862 1195 957 1261 τῆς
986 1189 1250 1266 Αἰγύπτου
1270 1191 1748 1268 καταγνωσθέντων.

221 1278 490 1360 Ἀμένωιριν
508 1277 607 1359 γὰρ
628 1277 845 1357 βασιλέα
862 1276 1121 1358 προσθεὶς,
1142 1275 1321 1357 ψευδὲς
1346 1276 1508 1353 ὄνομα
1532 1277 1645 1355 (““*),
1665 1277 1753 1335 καὶ

219 1368 302 1427 διὰ
325 1373 469 1426 τοῦτο
490 1367 671 1445 χρόνον
691 1368 848 1423 αὐτοῦ
866 1368 960 1434 τῆς
983 1362 1248 1440 βασιλείας
1270 1362 1441 1441 ὁρίσαι
1464 1363 1538 1440 μὴ
1558 1363 1755 1440 τολμή-

220 1478 337 1528 σας,
366 1454 533 1513 καίτοι
573 1477 632 1532 γε
662 1452 749 1511 ἐπὶ
789 1455 905 1510 τῶν·
933 1450 1105 1508 ἄλλων
1149 1448 1403 1528 βασιλέων
1435 1451 1660 1530 ἀκριὸῶς
1689 1451 1755 1508 τὰ

219 1542 308 1612 ἔτη
341 1541 655 1619 προστιθεὶς,
704 1537 872 1617 τούτῳ
904 1538 1199 1616 προσάπτει
1239 1536 1379 1603 τινὰς
1423 1536 1757 1614 μυθολογίας,

219 1627 576 1705 ἐπιλαθόμενος
612 1625 801 1704 σχεδὸν
824 1624 903 1682 ὅτι
930 1623 1288 1690 πεντακοσίοις
1310 1621 1446 1682 ἔτεσι
1468 1624 1558 1682 καὶ
1585 1626 1756 1681 ὀκτω-

219 1714 427 1773 καίδεκα
447 1714 693 1793 πρότερον
717 1713 958 1792 ἱστόρηκε
988 1712 1221 1790 γενέσθαι
1246 1711 1342 1782 τὴν
1368 1715 1473 1770 τῶν
1498 1710 1756 1787 ποιμένων

219 1801 379 1870 ἔξοδον
402 1804 471 1869 εἷς
498 1800 861 1880 Ἱεροσόλυμα·
889 1800 1160 1874 Τέθμωσις
1186 1798 1291 1878 γὰρ
1313 1790 1376 1870 ἦν
1405 1797 1646 1876 βασιλεὺς
1672 1796 1757 1856 ὅτε

220 1888 447 1965 ἐξῄεσαν.
531 1888 658 1948 Ἀπὸ
685 1886 741 1945 δὲ
774 1884 954 1945 τούτου
993 1889 1099 1943 τῶν
1128 1885 1319 1962 μεταξὺ
1360 1884 1614 1964 βασιλέων
1642 1888 1758 1943 κατ’

219 1973 370 2033 αὐτόν
402 1976 512 2032 ἐστι
534 1973 808 2054 τριακόσια
838 1972 1143 2043 ἐνενήκοντα
1166 1972 1282 2053 τρία
1308 1970 1399 2045 ἔτη
1422 2016 1441 2047 ‚
1468 1973 1626 2050 μέχρι
1652 1975 1757 2028 τῶν

218 2061 311 2120 δύο
340 2063 571 2141 ἀδελφῶν
601 2061 747 2121 Σέθω
786 2059 876 2118 καὶ
914 2060 1200 2138 Ἑρμαίου,
1224 2050 1297 2117 ὧν
1331 2059 1420 2117 τὸν
1461 2058 1553 2135 μὲν
1588 2058 1760 2118 Σέθων

216 2148 499 2225 Αἴγυπτον,
550 2148 638 2206 τὸν
677 2146 732 2206 δὲ
764 2147 1028 2225 Ἐρμαιον
1070 2145 1274 2207 Δαναὸν
1318 2144 1763 2222 μετονομασθῆναί

215 2258 390 2317 φησιν.
418 2234 518 2297 Ὃν
542 2231 778 2294 έκὸαλὼν
802 2236 829 2292 δ
854 2233 1027 2300 Σέθως
1054 2232 1385 2291 ἒὸασίλευσεν
1416 2230 1507 2303 ἔτη
1534 2233 1606 2290 νθ’
1626 2255 1640 2269 ·
1673 2230 1761 2290 καὶ

213 2320 332 2399 μετ’
370 2322 522 2380 αὐτὸν
557 2325 586 2379 ὁ
621 2318 967 2400 πρεσὸύτερος
1008 2323 1111 2378 τῶν
1153 2322 1278 2377 υἱῶν
1321 2321 1474 2377 αὐτοῦ
1521 2317 1764 2397 Ῥοίμψης

214 2409 319 2479 ξς·’.
347 2408 617 2475 Τοσούτοις
648 2400 733 2465 οὗν
752 2407 997 2487 πρότερον
1030 2406 1196 2465 ἔτεσιν
1226 2408 1469 2465 ἀπελθεῖν
1500 2405 1551 2473 ἐξ
1595 2404 1756 2481 Αἰγύ-

208 2518 348 2556 πτου
360 2495 476 2561 τοὺς
495 2495 721 2575 πατέρας
744 2497 891 2571 ἡμῶν
911 2492 1261 2571 ὡμολογηκὼς
1273 2538 1290 2566 ,
1305 2485 1417 2552 εἶτα
1436 2492 1527 2550 τὸν
1550 2492 1763 2567 Ἀμίνω-

210 2606 305 2663 φιν
329 2584 627 2652 εἶσποιήσας
652 2582 935 2658 ἐμὸόλιμον
968 2579 1215 2659 βασιλέα,
1244 2581 1372 2691 faci
1396 2585 1577 2637 τοῦτον
1597 2581 1765 2636 ἐπιθυ·

213 2674 391 2748 μῆσαι
412 2671 538 2728 θεῶν
558 2667 793 2746 γενέσθαι
814 2666 1019 2739 θεατὴν,
1048 2667 1227 2746 ὥσπερ
1278 2668 1418 2747 Ωρος
1445 2657 1517 2733 εἷς
1534 2670 1636 2724 τῶν
1664 2664 1765 2743 πρὸ

277 2856 346 2916 (⁶)
378 2853 721 2919 Παρενὲσαλεν]
740 2852 994 2904 Boeckhius
1009 2865 1055 2915 p.
1085 2859 1173 2903 302
1192 2853 1459 2914 suspicatur
1478 2852 1604 2901 bane
1626 2851 1769 2899 bisto-

208 2929 341 2975 riam
361 2936 456 2973 non
480 2924 542 2972 ab
564 2924 664 2985 ipso
684 2924 993 2983 manetho-e,
1011 2923 1094 2971 sed
1116 2922 1179 2971 ab
1197 2924 1291 2971 atio
1312 2921 1520 2984 quodam
1538 2958 1553 2981 ,
1575 2921 1768 2970 ‚ludaeo-

206 3011 329 3046 rum
359 2996 652 3055 adversario,
674 2995 1001 3057 interpositam
1029 3006 1147 3045 esse.

281 3067 378 3128 (“)
406 3066 588 3120 Ψευδὲς
620 3064 799 3127 ὄνομα]
833 3065 1046 3114 Minime.
1086 3067 1169 3113 Est
1204 3077 1289 3113 rex
1310 3063 1479 3111 tertius
1497 3063 1610 3126 dyn.
1633 3066 1771 3124 xlx,

210 3133 593 3196 Aet-enopmms
618 3133 851 3193 Ali-imni,
876 3131 1236 3197 Amenephtlals
1254 3132 1330 3180 vel
1345 3132 1645 3194 amenophis
1670 3137 1767 3182 Eu·

203 3220 221 3249 t
235 3203 355 3251 ebit.

204 3356 377 3414 qnuto
399 3352 479 3401 illa
501 3353 690 3414 regione
717 3353 981 3403 exciderint
1011 3357 1061 3404 et
1079 3355 1302 3405 sudam
1325 3370 1455 3405 nune
1479 3357 1658 3405 dictam
1690 3371 1771 3406 oc·

212 3431 447 3493 cuparint
459 3467 475 3491 ,
499 3434 647 3492 atque
670 3432 1007 3495 Hierosolymis
1021 3432 1270 3482 oediflcatis
1284 3435 1517 3496 templum
1535 3438 1777 3485 exstruxe-

210 3510 352 3570 rint,
370 3522 583 3572 eousque
620 3508 837 3559 historias
852 3510 1047 3572 quidem
1069 3510 1293 3573 antiquas
1308 3516 1542 3574 sequutus
1563 3516 1636 3563 est
1657 3534 1669 3563 ε
1691 3528 1777 3576 po-

206 3590 328 3636 stca
348 3598 460 3634 vero
479 3589 668 3649 sumpta
686 3586 775 3635 sibi
794 3587 982 3637 licentia
996 3625 1010 3648 ,
1038 3591 1092 3637 ut
1114 3587 1359 3637 videretur
1374 3590 1613 3651 scripsisse
1631 3592 1780 3639 relata

209 3667 268 3712 et
288 3662 427 3710 dicta
457 3661 516 3710 de
548 3665 575 3711 J
581 3662 731 3711 udaeis
745 3699 759 3722 ,
779 3662 1074 3712 incredibilia
1103 3663 1327 3726 quaedam
1351 3666 1557 3716 inseruit
1569 3703 1584 3727 ,
1620 3667 1782 3715 volens

214 3741 516 3803 permiscere
537 3742 674 3791 nobis
694 3741 1051 3792 multitudinem
1072 3744 1399 3804 AEgyptiorum
1417 3744 1715 3807 leprosorum
1734 3747 1785 3793 et

212 3819 352 3869 alios
367 3820 432 3868 ob
446 3820 640 3869 morbos
654 3856 669 3879 ‚
690 3823 747 3869 ut
764 3819 906 3881 dicit,
926 3835 988 3869 ex
1007 3825 1211 3883 AEgypto
1230 3822 1390 3884 sugere
1407 3824 1781 3886 compulsorum.

214 3896 532 3957 Amenophin
551 3897 679 3944 enim
697 3909 869 3958 regem,
886 3897 1057 3946 salsum
1073 3910 1267 3960 nomeu,
1282 3899 1526 3961 adjiciens,
1543 3904 1591 3949 et
1609 3900 1785 3949 idcirco

213 3977 426 4033 tempus
441 3972 587 4034 ipsius
605 3974 733 4035 regni
756 3973 957 4022 delinire
972 3987 1066 4022 non
1086 3988 1256 4034 ausus,
1282 3977 1501 4038 quamvis
1522 3977 1691 4026 ceteris
1706 3991 1784 4026 re-

208 4050 372 4111 gibus
406 4051 629 4097 accurate
662 4062 812 4097 annos
842 4052 1132 4112 apponeret,
1168 4052 1281 4100 huic
1311 4053 1522 4102 annectit
1553 4054 1784 4115 quasdam

211 4126 446 4186 fabulas,
459 4126 634 4175 oblitus
648 4128 796 4175 terme
814 4128 1061 4177 tradidisse
1083 4142 1153 4189 se,
1172 4130 1442 4191 quingentis
1455 4135 1504 4180 et
1517 4131 1781 4181 octodecim

212 4202 377 4252 annis
390 4203 524 4264 prius
534 4204 747 4253 evenisse
767 4208 1018 4254 Pastorum
1037 4206 1222 4255 exitum
1240 4207 1301 4256 ad
1328 4208 1653 4270 Hierosolyma
1673 4228 1685 4258 t
1707 4224 1785 4258 rex

208 4280 361 4330 enim
376 4315 395 4338 ,
420 4278 612 4340 qnando
633 4280 701 4328 illi
722 4282 946 4331 exierunt
958 4318 972 4341 ,
992 4282 1080 4332 suit
1099 4284 1382 4333 TetbmosiS.
1404 4287 1468 4334 Et
1481 4286 1545 4334 ab
1561 4286 1652 4334 boe
1668 4289 1790 4335 tem-

216 4368 355 4417 pore
379 4370 547 4417 regum
570 4356 653 4417 qui
675 4361 837 4419 postea
862 4358 1017 4419 suere,
1037 4360 1149 4407 anni
1179 4364 1291 4408 sunt
1312 4361 1512 4409 trecenti
1539 4362 1791 4422 nonaginta

211 4439 349 4495 nee,
368 4447 522 4497 usque
537 4434 598 4484 ad
620 4434 788 4484 tratres
804 4435 1059 4485 Setlionem
1081 4441 1131 4486 et
1149 4440 1421 4487 Hermaeum
1440 4440 1791 4501 (Armaeum);

220 4522 458 4572 qnorum
471 4511 726 4561 senionem
748 4511 942 4573 quidem
970 4516 1226 4574 AEgyptum
1241 4549 1255 4572 ‚
1275 4517 1546 4563 Hermaeum
1568 4528 1680 4563 vero
1704 4519 1790 4564 Da·

213 4599 389 4635 naum
398 4585 756 4636 denominatum
767 4588 899 4639 dicit.
918 4591 1073 4645 Quem
1084 4603 1233 4652 quum
1249 4592 1421 4641 Setbos
1435 4591 1710 4653 expulisset,
1723 4605 1793 4641 re·

3272 464 3384 520 ⁵79

1838 586 1993 641 αὐτοῦ
2041 582 2510 662 βεὸασιλευκότων·
2548 585 2833 661 ἀνενεγκεῖν
2877 585 2930 643 δὲ
2976 583 3071 653 τὴν
3111 587 3384 662 ἐπιθυμίαν

1837 668 2100 749 ὁμωνύμῳ
2147 670 2241 746 μὲν
2266 672 2408 749 αὐτῷ
2449 668 2729 750 Ἀμενῶφιι
2747 716 2765 749 ,
2802 669 2998 749 πατρὸς
3043 670 3097 729 δὲ
3145 673 3387 737 Παάπιος

1837 757 1973 827 ὄντι,
2003 756 2139 822 θείας
2177 753 2228 814 δὲ
2257 758 2489 815 δοκοῦντι
2530 758 2905 837 μετεσχηκέναι
2945 755 3143 837 φύσεως
3169 760 3304 816 κατά
3333 783 3389 816 τε

1839 841 2023 920 σοφίαν
2046 842 2134 899 καὶ
2163 841 2453 921 πρόγνωσιν
2478 846 2580 901 τῶν
2603 844 2878 920 ἐσομένων.
2935 848 3113 905 liin-siv
3138 837 3225 904 οῧν
3248 846 3390 925 αὐτῷ

1839 932 2017 986 τοῦτον
2039 928 2126 986 τὸν
2148 928 2421 1005 ὁμώνυμον
2444 926 2522 986 ὅτι
2541 930 2815 1001 δυνήσεται
2833 931 2970 998 θεοὺς
2995 933 3140 1004 ἰδεῖν,
3164 935 3208 989 εἰ
3228 937 3391 989 καθα-

1843 1012 1936 1094 ρὰν
1971 1015 2078 1073 ἀπό
2105 1038 2160 1073 τε
2190 1018 2392 1093 λεπρῶν
2422 1016 2512 1074 καὶ
2543 1020 2646 1074 τῶν
2677 1018 2847 1075 ἄλλων
2878 1023 3077 1099 μιαρῶν
3104 1018 3388 1097 ἀνθρώπιον

1840 1100 1935 1172 τὴν
1965 1101 2144 1181 χώραν
2169 1099 2381 1160 ἅπασαν
2402 1103 2684 1173 ποιήσειεν.
2716 1102 2971 1164 Ἥσθέντα
2997 1105 3052 1164 δὲ
3064 1106 3152 1164 τὸν
3173 1106 3393 1182 βασιλέα

1840 1189 2040 1256 πάντας
2055 1188 2172 1255 τοὺς
2190 1188 2255 1247 τὰ
2279 1189 2499 1264 σώματα
2519 1190 2910 1267 λελωὸημένους
2930 1195 2988 1250 ἐκ
3011 1198 3101 1263 τῆς
3125 1193 3393 1267 Αἰγύπτου

1843 1284 2153 1354 συναγαγεῖν
2183 1277 2446 1354 (γενέσθαι
2473 1279 2527 1335 δὲ
2554 1283 2645 1336 τοῦ
2670 1278 2894 1349 πλήθους
2924 1280 3179 1359 μυριάδας
3202 1279 3396 1356 ὀκτώ),

1843 1362 1933 1421 καὶ
1954 1363 2160 1430 τούτους
2188 1366 2259 1428 εἰς
2278 1362 2368 1430 τὰς
2390 1365 2682 1440 λιθοτομίας
2703 1364 2795 1430 τὰς
2814 1366 2867 1422 ἐν
2890 1371 2967 1444 τῷ
2990 1366 3116 1445 πρὸς
3140 1365 3394 1436 ἀνατολὴν

1846 1447 1992 1529 μέρει
2014 1453 2106 1506 τοῦ
2127 1448 2318 1508 Νείλου
2341 1449 2589 1526 ἔμὸαλεῒν
2621 1450 2797 1522 αὐτὸν,
2826 1448 2965 1517 ὅπως
2988 1452 3280 1530 ἐργάζοιντο
3307 1452 3397 1510 καὶ

1844 1538 1949 1593 τῶν
1983 1535 2156 1593 ἄλλων
2187 1535 2488 1612 Αἰγυπτίων
2527 1539 2573 1594 οἱ
2603 1538 3057 1614 ἔγκεχωρισμένοι.
3147 1529 3300 1597 Εἶναι
3340 1538 3400 1596 δέ

1845 1646 1987 1689 τινας
2006 1622 2059 1679 ἐν
2080 1624 2250 1687 αὐτοῖς
2271 1625 2361 1679 καὶ
2382 1627 2486 1681 τῶν
2512 1624 2700 1699 λογίων
2723 1623 2900 1701 ἱερέων
2930 1626 3057 1703 φησὶ
3076 1624 3245 1704 λέπρα
3275 1648 3397 1702 συγ-

1847 1709 2172 1787 κεχυμένους.
2275 1709 2382 1769 Τὸν
2423 1709 2478 1767 δὲ
2521 1709 2804 1790 Ἀμένωφιν
2850 1713 3063 1783 ἐκεῖνον,
3104 1710 3191 1769 τὸν
3241 1712 3396 1791 σορὸν

1848 1796 1938 1854 καὶ
1970 1795 2216 1870 μαντικὸν
2241 1795 2403 1876 ἄνδρα
2420 1842 2438 1872 ‚
2482 1798 2750 1855 ὗποδεῖσαι
2786 1797 2911 1876 πρὸς
2939 1797 3093 1855 αὑτόν
3120 1820 3175 1855 τε
3201 1798 3287 1856 καὶ
3311 1797 3397 1854 τὸν

1852 1882 2069 1960 βασιλέα
2095 1883 2254 1961 χόλον
2295 1887 2399 1941 τῶν
2439 1888 2590 1958 θεῶν,
2641 1887 2687 1942 εἰ
2736 1886 3025 1963 βιασθέντες
3057 1884 3396 1965 δοθήσονται·

1850 1970 1938 2028 καὶ
1979 1970 2323 2049 προσθέμενον
2365 1972 2525 2029 εἰπεῖν
2567 1970 2647 2028 ὅτι
2680 1970 3089 2049 συμμαχήσουσί
3134 1994 3264 2038 τινες
3296 1979 3397 2037 τοῖς

1852 2057 2056 2135 μιαροῖς
2081 2057 2296 2126 καὶτῆς.
2310 2055 2573 2132 Αἰγύπτου
2594 2058 2939 2134 κρατήσουσιν
2963 2058 3042 2116 ἐπ’
3065 2057 3154 2129 ἔτη
3175 2055 3403 2139 τρισκαί-

1852 2143 1997 2202 δεκα.
2082 2141 2175 2213 Μὴ
2204 2140 2462 2218 τολμῖῗσαι
2491 2142 2586 2218 μὲν
2621 2143 2773 2201 αὐτὸν
2804 2144 2963 2202 εἰπεῖν
3002 2149 3168 2202 ταῦτα
3195 2147 3271 2223 τῷ
3307 2147 3406 2223 βα·-

1853 2231 2024 2307 σιλεῖ,
2060 2228 2263 2310 γραφὴν
2303 2229 2358 2287 δὲ
2405 2230 2759 2287 καταλιπόντα
2812 2230 2932 2309 περὶ
2976 2229 3184 2288 πάντων
3222 2232 3402 2289 ἑαυτὸν

1855 2319 2071 2377 ἀνελεῖν.
2159 2316 2252 2376 Ἐν
2263 2316 2475 2395 ἀθυμία
2501 2318 2553 2374 δὲ
2579 2308 2709 2374 εἶναι
2729 2316 2813 2375 τὸν
2837 2317 3076 2396 βασιλέα.
3163 2319 3404 2378 Κᾶπειτα

1853 2402 1991 2461 κατὰ
2016 2402 2151 2470 λέξιν
2178 2403 2314 2461 οὕτω
2347 2402 2600 2483 γέγραφεν
2619 2428 2631 2440 ·
2676 2431 2700 2455 κ
2727 2406 2850 2462 Τῶν
2892 2404 2945 2461 δὲ
2991 2405 3103 2470 ταῖς
3133 2406 3407 2480 λατομίαις

1852 2493 1924 2557 ὡς
1960 2490 2139 2568 χρόνος
2178 2490 2351 2556 ἱκανὸς
2385 2492 2586 2562 διῆλθεν
2639 2490 3125 2569 ταλαιπωρούντων,
3177 2491 3406 2558 ἀξιωθεὶς

1856 2580 1885 2635 ὁ
1913 2574 2156 2655 βασιλεὺς
2173 2576 2257 2633 ἵνα
2281 2576 2409 2656 πρὸς
2425 2576 2710 2635 κατάλυσιν
2741 2578 2913 2643 αὐτοῖς
2931 2577 3019 2635 καὶ
3043 2576 3241 2649 σκέπην
3269 2580 3402 2635 ἀπο-

1858 2661 2043 2740 μερίσῃ
2084 2663 2180 2734 τὴν
2197 2663 2331 2721 πότε
2375 2667 2478 2722 τῶν
2522 2665 2781 2738 ποιμένων
2827 2666 3181 2743 ἐρημωθεῖσαν
3230 2664 3405 2738 πόλιν,

1862 2749 2060 2828 Αὔαριν
2087 2750 2469 2831 συνεχώρησεν.
2549 2748 2708 2811 Ἔστι
2736 2752 2781 2808 δ’
2807 2755 2842 2820 ἡ
2861 2752 3009 2818 πόλις
3027 2751 3163 2809 κατὰ
3182 2750 3274 2821 τὴν
3299 2757 3416 2809 θεον

1859 2837 2037 2913 λογίαν
2058 2836 2250 2896 ἀνωθεν
2280 2841 2332 2898 Τ
2333 2837 2570 2918 υφώνιος.
2655 2841 2725 2898 Οἱ
2749 2836 2804 2896 δὲ
2830 2840 2898 2903 εἰς
2925 2837 3118 2908 ταύτην
3149 2839 3403 2897 εἰσελθόν-

1859 2947 1940 2989 τες
1963 2924 2158 2982 καὶτὸν
2179 2924 2336 2984 τόπον
2361 2931 2538 2984 τοῦτον
2559 2928 2631 2991 εἰς
2649 2925 2935 2983 ἀπόστασιν
2955 2925 3159 3004 ἔχοντες
3178 2926 3410 3001 ἡγεμόνα

1865 3011 2319 3091 αὖτῶνλεγόμενόν
2337 3036 2451 3071 τινα
2479 3016 2583 3071 τῶν
2606 3012 2985 3089 Ἡλιοπολιτῶν
3012 3011 3187 3092 ἱερέων
3213 3012 3409 3092 ‘Oc-dp-

1867 3121 2016 3180 σαρον
2048 3100 2332 3170 ἐστήσαντο
2348 3120 2361 3134 ·
2388 3099 2480 3157 καὶ
2524 3100 2690 3179 τούτῳ
2710 3100 3146 3180 πειθαρχήσοντες
3173 3103 3223 3158 ἐν
3249 3110 3408 3159 πᾶσιν

1780 3232 1789 3245 .
1816 3249 1825 3255 ,
1865 3187 2260 3266 ὡρκομότησαν.
2333 3186 2414 3246 Ὅ
2445 3186 2497 3245 δὲ
2531 3191 2732 3266 πρῶτον
2771 3186 2866 3263 μὲν
2895 3189 3065 3254 αὐτοῖς
3092 3187 3245 3259 νόμον
3274 3189 3414 3245 ἔθετο

1863 3359 2314 3421 praesclentiamque
2345 3358 2634 3407 futurorum.
2670 3361 2838 3419 ltaque
2858 3357 2956 3419 regi
2986 3357 3161 3405 dixisse
3181 3356 3311 3405 bunc
3337 3369 3419 3403 co·

1864 3434 2138 3497 gnominem
2154 3470 2169 3495 ,
2195 3435 2324 3496 quod
2348 3438 2506 3497 posset
2528 3434 2691 3483 videre
2717 3434 2860 3495 deos,
2879 3435 2920 3483 si
2951 3433 3188 3495 regionem
3219 3432 3420 3482 univer-

1867 3525 1971 3561 sam
1988 3511 2050 3559 de
2070 3511 2267 3573 leprosis
2280 3512 2553 3560 bominibus
2570 3514 2620 3561 et
2638 3510 2898 3559 immundis
2919 3522 3118 3572 purgare
3143 3509 3303 3559 vellet.
3331 3511 3417 3558 lte·

1867 3600 1974 3650 gem
1992 3587 2166 3649 gaudio
2182 3588 2425 3650 pertusum
2442 3601 2609 3637 omnes
2622 3587 2837 3650 corporis
2853 3587 3016 3648 aliqua
3033 3586 3206 3648 injuria
3220 3585 3423 3634 affectos

1868 3678 1927 3714 ex
1952 3668 2154 3728 AEgypto
2174 3678 2479 3727 congregasse
2500 3664 2643 3725 dicit;
2671 3668 2721 3714 et
2751 3663 3112 3713 multitudinem
3138 3662 3342 3717 crevisse
3359 3667 3422 3710 ad

1870 3757 2126 3792 numerum
2143 3747 2255 3792 octo
2277 3743 2575 3805 myriadum5
2605 3756 2784 3807 eosque
2805 3743 2866 3791 ad
2889 3741 3121 3791 sectiones
3140 3740 3350 3803 lapidum
3372 3742 3423 3789 in

1870 3824 2054 3885 partem
2087 3821 2181 3871 Nili
2203 3822 2486 3871 orientalem
2518 3821 2728 3881 misisse,
2765 3822 2821 3870 ut
2851 3821 2901 3869 in
2924 3832 3070 3882 opere
3088 3821 3424 3868 exercerentur

1872 3900 2048 3962 pariter
2069 3913 2126 3949 ac
2143 3900 2222 3949 alii
2249 3900 2454 3964 AEgyptii
2474 3913 2532 3949 eo
2554 3900 2791 3949 destinati.
2815 3899 2980 3949 'Fuisse
3001 3900 3163 3947 autem
3189 3895 3423 3967 quosdam
3521 3942 3528 3959 ,

1872 3979 1998 4027 inter
2022 3991 2104 4027 eos
2124 3978 2268 4027 etiam
2287 3978 2590 4028 eruditorum
2605 3976 2910 4029 sacerdotum
2941 3976 3073 4037 lepra
3101 3974 3314 4037 perfusos
3336 3976 3419 4022 ait.

1874 4054 2171 4116 Amenopbin
2189 4068 2304 4103 vero
2327 4055 2459 4104 illum
2486 4055 2744 4115 sapientem
2776 4052 3090 4114 divinumque
3115 4051 3274 4098 virum
3296 4048 3421 4098 sub-

1876 4131 2085 4179 veritum
2105 4144 2234 4193 esse,
2256 4143 2315 4179 ne
2343 4133 2393 4179 in
2423 4144 2475 4178 se
2495 4141 2748 4191 regemque
2763 4128 2965 4177 deorum
2988 4128 3109 4176 iram
3132 4125 3394 4175 concitaret
3411 4160 3425 4183 ‚

1875 4206 1917 4255 si
1935 4206 2026 4256 illis
2045 4207 2116 4255 vis
2132 4206 2465 4266 adhiberetur3
2485 4208 2807 4267 praetereaque
2825 4202 3003 4253 dixisse
3020 4202 3276 4252 nonnullos
3297 4203 3428 4251 auxi·

1876 4283 1942 4331 lio
1959 4287 2188 4331 venturos
2213 4283 2431 4345 pollutiS,
2452 4286 2501 4331 et
2525 4283 2724 4343 AEgypto
2742 4280 3073 4329 dominaturos
3093 4279 3319 4329 tredecim
3337 4291 3428 4327 an·

1877 4359 1968 4409 nis.
2009 4363 2069 4410 Et
2099 4361 2253 4422 ipsum
2291 4360 2484 4422 quidem
2518 4359 2606 4409 ista
2642 4359 2737 4421 regi
2774 4359 2933 4408 dicere
2964 4371 3061 4407 non
3098 4370 3266 4407 ausum
3298 4370 3428 4417 osse,

1878 4439 2041 4487 omnia
2059 4452 2174 4487 vero
2194 4438 2369 4501 scripta
2389 4438 2634 4501 reliquisse
2656 4443 2704 4486 et
2722 4439 2873 4487 semet
2905 4435 3220 4485 interemisse.
3243 4439 3354 4494 Qua
3369 4435 3431 4483 de

1882 4528 2026 4563 causa
2070 4528 2227 4577 regem
2262 4515 2503 4563 anxietate
2535 4514 2785 4563 laborasse.
2829 4512 3008 4562 Deinde
3034 4511 3097 4561 ad
3130 4512 3331 4564 verbum
3364 4510 3430 4560 ita

1882 4593 2104 4655 scripsit:
2131 4612 2153 4635 α
2185 4597 2348 4652 Quum
2373 4597 2533 4643 autem
2556 4594 2626 4642 illi
2656 4593 2771 4641 satis
2790 4593 2930 4653 longo
2961 4594 3177 4654 tempore
3205 4591 3254 4639 in
3273 4590 3431 4651 lapici-

208 4665 406 4727 gnavit
431 4666 567 4714 annis
584 4666 927 4729 quinquaginta
942 4672 992 4717 et
1005 4682 1180 4718 novem
1194 4706 1208 4729 ,
1221 4671 1270 4718 et
1301 4674 1407 4732 post
1428 4670 1562 4719 illum
1585 4671 1793 4720 tiliorum
1884 4671 2010 4721 dinis
2027 4673 2232 4735 graviter
2248 4672 2567 4731 laborassent,
2589 4685 2673 4720 rex
2695 4670 2976 4732 imploratus
2992 4671 3048 4718 ut
3069 4668 3131 4717 ad
3150 4669 3363 4730 requiem
3385 4670 3435 4717 et

210 4745 357 4790 natu
374 4740 532 4802 maior
548 4743 777 4804 Bampses
791 4745 928 4793 annis
945 4758 1074 4794 ιινι.
1092 4749 1215 4795 Ante
1232 4749 1305 4794 tot
1318 4747 1461 4808 igitur
1477 4759 1627 4796 anuos
1639 4749 1797 4809 patres

212 4821 503 4869 nostrosex
519 4822 724 4883 AEgypto
736 4825 1209 4885 egressoscont'essus,
1221 4825 1329 4875 dein
1339 4839 1490 4888 quum
1502 4826 1797 4888 Amenopbin

212 4909 407 4958 regem
426 4900 773 4960 ⁸1an,
804 4901 934 4951 bunc
953 4904 1022 4951 ait
1039 4904 1368 4966 concupivisse
1387 4904 1587 4954 deorum
1611 4908 1794 4967 specta-

210 4980 405 5024 torem
438 4986 571 5036 esse,
601 4976 727 5024 sicut
753 4981 802 5026 et
835 4981 989 5028 orum
1014 4980 1256 5041 quendam
1286 4982 1499 5043 priorum
1532 4994 1726 5043 regum,
1750 4984 1800 5031 et

210 5052 337 5101 hoc
375 5062 523 5099 suum
557 5051 844 5102 desiderium
876 5057 1254 5106 communicasse
1284 5070 1397 5106 cum
1424 5058 1522 5108 tilio
1552 5059 1798 5120 cujusdam

210 5126 455 5188 Pupios
467 5163 483 5187 ,
501 5129 579 5177 cui
598 5129 725 5179 idem
748 5144 861 5180 cum
878 5146 938 5181 eo
954 5146 1128 5183 nomen
1147 5137 1251 5184 erat
1287 5136 1571 5197 amenophis
1582 5172 1597 5197 ,
1622 5136 1800 5198 quique

214 5206 301 5253 de
331 5202 501 5252 divina
532 5207 659 5255 visus
682 5210 754 5256 ost
782 5210 1064 5273 participare
1098 5215 1270 5263 natura
1296 5218 1488 5278 propter
1519 5215 1797 5277 sapientiam

1887 4753 2106 4798 tutamen
2140 4761 2308 4797 eorum
2344 4750 2611 4798 secerneret
2645 4748 2887 4796 civitatem
2905 4782 2920 4806 ,
2955 4745 3126 4794 urbem
3156 4744 3327 4794 incolis
3347 4757 3434 4793 ex·

1887 4827 2107 4875 haustam
2121 4861 2136 4885 ‚
2160 4838 2272 4887 quae
2297 4825 2451 4875 suerat
2472 4828 2722 4875 Pastorum
2736 4860 2750 4884 ,
2770 4822 2961 4873 nomine
2993 4822 3172 4873 Auarin
3187 4858 3201 4881 ,
3228 4819 3298 4870 eis
3316 4834 3433 4869 con·

1889 4902 2048 4953 cessit.
2073 4904 2156 4952 Est
2185 4904 2345 4951 autem
2381 4902 2486 4951 baec
2505 4901 2647 4963 urbs,
2681 4900 2817 4960 juxta
2841 4898 3133 4961 theologiam
3159 4898 3407 4959 antiquam
3417 4934 3436 4957 „

1887 4981 2145 5044 Typhonis.
2170 4983 2315 5030 Porro
2338 4981 2405 5029 illi
2424 4980 2474 5028 in
2495 4992 2601 5029 eam
2622 4979 2818 5041 ingressi
2834 5014 2848 5039 ‚
2873 4981 3018 5039 atque
3043 4978 3172 5026 bunc
3196 4977 3353 5027 locum
3377 4976 3437 5024 ad

1889 5074 1966 5110 τω
1999 5072 2148 5109 novas
2185 5059 2446 5108 moliendas
2479 5062 2801 5120 opportunum
2848 5056 3004 5117 nacti,
3038 5054 3210 5103 ducem
3250 5053 3439 5103 sibimet

1889 5137 2131 5200 quendam
2159 5135 2610 5197 Heliopolitanorum
2639 5134 2916 5195 pontificum
2942 5131 3246 5193 Osarsipbum
3269 5132 3439 5203 consti·

1890 5217 2051 5276 tuere,
2073 5217 2120 5263 et
2155 5213 2268 5262 huic
2290 5225 2340 5260 se
2369 5211 2415 5260 in
2447 5211 2670 5260 omnibus
2701 5209 3113 5272 obtemperaturos
3139 5207 3436 5267 juraverunt.

3173 5294 3249 5335 37.
