3900 6042
1313 491 1910 624 HIPPYS
1993 490 2884 623 RHEGINUS.

1917 782 2322 812 ...ψ’

596 1009 679 1062 Ex
717 1009 843 1062 Asia
876 1006 1176 1077 insulisque
1216 1005 1420 1059 Ionicis
1439 1004 1555 1075 jam
1579 1004 1967 1075 trajiciendum
1995 1017 2076 1059 oet

519 1096 579 1147 in
612 1092 831 1149 Italiam
862 1103 918 1147 et
957 1092 1231 1158 Siciliam,
1271 1090 1370 1143 ubi
1399 1089 1605 1143 faustus
1640 1088 1938 1143 multarum
1979 1107 2074 1143 re-

517 1198 645 1233 rum
680 1195 982 1233 concursus
1005 1178 1078 1231 ad
1108 1175 1343 1230 colenda
1366 1175 1547 1231 studia
1567 1176 1829 1230 historica
1854 1175 2077 1230 Graecos

519 1268 796 1321 excitavit.
817 1265 967 1337 Quid
990 1264 1168 1337 quod,
1192 1265 1235 1317 si
1255 1263 1481 1317 Suidam
1504 1262 1811 1329 audiamus,
1832 1262 1923 1316 vel
1946 1271 2076 1314 ante

522 1355 837 1407 Hecataeum
862 1352 1135 1407 Milesium
1156 1350 1453 1407 Messenius
1468 1348 1949 1423 historiographus
1967 1344 2072 1400 flo-

522 1441 635 1494 ruit
649 1441 1012 1513 „Pomnus
1027 1480 1043 1506 ‚
1074 1448 1235 1510 pater
1257 1437 1435 1508 Ibyci.

599 1518 840 1593 Ἴὸυκος,
870 1526 946 1580 ait
964 1566 978 1594 ,
1011 1520 1242 1593 Φυτίου,
1287 1522 1333 1577 οἱ
1360 1518 1414 1576 δὲ
1445 1519 1749 1590 Πολυζήλου
1778 1525 1867 1577 τοῦ
1910 1520 2074 1577 Μεσ-

523 1611 699 1681 σηνίου
728 1610 1119 1691 ἱστοριογράφου
1149 1612 1251 1686 (sic
1277 1610 1448 1666 codd.
1484 1612 1714 1684 optimi3
1743 1613 1834 1665 τοῦ
1869 1609 1948 1666 Μ.·
1980 1610 2071 1663 τοῦ

521 1699 813 1755 ier-:edith
862 1741 874 1753 .

604 1784 812 1841 Verum
833 1699 1106 1858 >sphalma
1144 1784 1491 1857 grammatici
1542 1783 1865 1855 Polyzelum
1908 1785 2072 1838 Rho-

524 1872 710 1941 dium,
758 1873 980 1926 serioris
1018 1872 1122 1924 aevi
1161 1871 1516 1937 historicum,
1546 1888 1674 1923 cum
1714 1869 1870 1941 Ibyci
1893 1883 2075 1942 poetae

522 1969 681 2032 patre
711 1956 1105 2012 confundentis
1137 1956 1417 2008 neminem
1452 1955 1603 2008 latet.
1635 1954 1865 2008 Bothius
1900 1956 2079 2011 libra-³

523 2046 741 2098 riorum
792 2044 1014 2114 culpam
1058 2058 1170 2095 esse
1208 2051 1408 2112 putans
1459 2039 1735 2113 vulgatam
1781 2041 2078 2095 lectionem

523 2131 727 2184 mutari
758 2129 939 2181 voluit
980 2129 1041 2180 in
1068 2122 1390 2195 Μεσσηνίου,
1420 2125 1478 2181 οὗ
1514 2127 1603 2180 τοῦ
1631 2125 1795 2203 ἱστορ.
1834 2128 1970 2198 Quae
1997 2140 2077 2183 est

524 2216 841 2271 emendatio
869 2214 1060 2287 paullo
1089 2212 1368 2285 frigidior.

605 2303 819 2358 Certius
834 2311 1048 2355 constat
1067 2300 1139 2355 de
1166 2299 1460 2373 Theogene
1478 2311 1533 2354 et
1551 2301 1768 2373 Hippfe
1788 2301 2079 2373 Rheginis.

526 2391 783 2460 Quorum
814 2388 906 2441 ille
935 2403 1258 2460 quanquam
1296 2386 1500 2457 injuria
1530 2386 1931 2441 historicorum
1971 2408 2083 2442 nu-

526 2494 685 2532 mero
716 2486 1056 2542 accensetur,
1088 2485 1272 2527 tamen
1301 2491 1422 2545 quae
1439 2472 1510 2527 de
1525 2490 1594 2526 eo
1612 2473 1934 2528 reseruntur
1953 2493 2086 2547 per·-

526 2561 979 2636 pauca-indicare
996 2561 1056 2614 h.
1090 2560 1129 2613 l.
1162 2560 1345 2614 liceat.

607 2651 820 2705 Tatian.
857 2650 957 2704 Or.
993 2647 1121 2702 adv.
1149 2647 1247 2703 Gr.
1282 2664 1332 2701 c.
1363 2645 1434 2711 48
1466 2642 1563 2719 (ex
1592 2640 1661 2701 e'o
1687 2648 1889 2705 Euseb.
1923 2650 1987 2703 P.
2017 2651 2081 2704 E.

527 2738 605 2805 X,
643 2756 664 2790 1
683 2756 704 2792 1
726 2776 741 2805 ,
766 2755 826 2809 p.
858 2733 997 2811 491)
1027 2754 1040 2788 ε
1075 2731 1206 2808 Περὶ
1229 2734 1322 2800 τῆς
1341 2729 1599 2800 ποιήσεως
1619 2737 1710 2789 τοῦ
1735 2730 1972 2811 Ὁμήρου
1998 2733 2085 2804 γε’·

528 2844 644 2886 νους
670 2844 726 2878 τε
756 2822 914 2877 αὐτοῦ
943 2818 1034 2877 καὶ
1070 2818 1290 2897 χρόνου,
1337 2817 1453 2874 καθ’
1489 2815 1545 2874 ὃν
1573 2817 1806 2893 ἤκμαζε,
1847 2818 2087 2898 προηρή-

528 2931 712 2965 νευσαν
743 2910 789 2965 οἱ
818 2904 1169 2985 π’ρεσὸύτατοι
1205 2902 1471 2979 Θεαγένης
1499 2927 1553 2961 τε
1591 2907 1619 2960 ὁ
1657 2903 1921 2978 Ῥηγῖνος,
1950 2904 2088 2963 κατὰ

530 2993 826 3069 Καμὸύσην
846 2991 1069 3070 γεγονώς
1099 2990 1216 3069 (Ol.
1242 2991 1316 3046 62
1334 3031 1350 3060 ‚
1375 2988 1521 3056 2—64
1537 3034 1552 3060 ,
1576 2991 1638 3066 3)
1659 3034 1675 3061 ,
1697 2990 2090 3071 Στησίμὸροτός

530 3102 583 3137 τε
606 3084 634 3137 ὁ
676 3081 875 3144 Θάσιος
910 3077 1000 3135 καὶ
1032 3075 1343 3151 Ἀντίμαχος
1368 3078 1395 3131 ὁ
1428 3073 1785 3154 Κολοφώνιος,
1817 3066 2093 3155 Ἥρόδοτὸς

528 3187 584 3223 τε
613 3169 643 3222 ὃ
678 3159 1110 3242 Ἁλικαρνασσεὺς
1155 3160 1244 3218 καὶ
1286 3159 1548 3226 Διονύσιος
1588 3164 1615 3218 ὁ
1643 3160 1933 3228 Ὀλύνθιος·
1977 3164 2087 3237 μετ’

529 3250 750 3316 ἐκείνους
770 3247 995 3329 Ἔφορος
1024 3250 1053 3304 ὃ
1080 3250 1314 3321 Κυμαῖος
1329 3248 1445 3304 κτλ.
1477 3280 1555 3291 —-
1592 3251 1738 3304 Hinc
1765 3251 2010 3324 Scaliger
2032 3252 2090 3305 in

532 3336 648 3397 Ὀλ.
672 3342 857 3414 ἀναγρ.
877 3338 948 3393 ad
976 3339 1201 3411 Olymp.
1237 3335 1310 3390 63
1340 3337 1557 3390 notavit
1579 3356 1592 3390 ε
1624 3333 1889 3410 Θεαγένης
1912 3337 1939 3391 ὁ
1965 3358 2089 3414 χρο-

529 3423 734 3501 νολόγος
761 3424 1017 3498 ἤκμασεν.
1844 3470 1848 3475 .

609 3512 798 3566 Schol.
822 3510 1103 3583 Aristoph.
1131 3508 1236 3563 Av'.
1271 3506 1383 3562 822
1406 3526 1419 3564 :
1444 3505 1562 3564 Εἰσὶ
1592 3505 1645 3564 δὲ
1667 3506 1814 3566 ἄλλοι
1839 3507 1928 3566 δύο
1947 3509 2089 3567 Θεα-

531 3593 716 3672 γένεὶς,
746 3593 817 3661 εἳς
846 3593 938 3671 μὲν
966 3597 993 3650 ὁ
1022 3592 1142 3673 περὶ
1170 3591 1412 3672 Ὀμήρου
1444 3596 1500 3668 (ὁ
1535 3594 1607 3659 εἰς
1637 3591 1882 3673 Ὅμηρον
1910 3598 2086 3651 schol.

533 3686 661 3742 Pac.
695 3683 842 3758 928)
874 3679 1105 3761 γράψας,
1143 3678 1314 3758 ἕτερος
1346 3678 1401 3737 δὲ
1430 3683 1458 3736 ὁ
1486 3680 1606 3761 περὶ
1648 3681 1911 3757 μαλακίας
1952 3704 2091 3739 σκω-

533 3768 801 3844 πτόμενος.
830 3774 901 3826 Iu
937 3769 1113 3825 schol.
1145 3770 1268 3823 Pac.
1291 3769 1330 3822 l.
1363 3770 1402 3823 l.
1435 3768 1550 3823 duo
1574 3771 1634 3824 hi
1662 3772 1913 3825 inunum
1948 3767 2092 3825 con-

534 3853 759 3911 flantur.
788 3854 929 3911 Inde
946 3854 1156 3929 pendet
1187 3852 1386 3909 Suidas
1401 3873 1455 3908 v.
1486 3851 1776 3928 ζΕκοὶτειον,
1800 3855 2090 3933 Θεαγένης,

558 3938 772 4010 Υήνεια.

614 4031 803 4085 Schol.
818 4029 889 4084 ad
899 4030 1130 4101 Dionys.
1147 4029 1345 4082 Thrac.
1361 4046 1593 4102 gramm.
1607 4030 1664 4083 in
1682 4030 1856 4084 Bekk.
1875 4030 2088 4085 Anecd.

535 4116 634 4172 Gr.
659 4135 722 4189 p.
748 4134 861 4189 729
889 4135 903 4169 :
935 4111 1007 4172 ‘fl
1030 4111 1085 4171 δὲ
1103 4114 1222 4191 περὶ
1243 4110 1598 4189 Ἑλληνισμὸν
1625 4117 1728 4187 (sc.
1750 4112 2092 4192 γραμματική

536 4203 703 4279 ἐστιν)
723 4245 739 4272 ,
778 4200 893 4270 ἥτις
931 4200 1021 4258 καὶ
1068 4198 1291 4278 νεωτέρα
1334 4199 1502 4272 ἐστὶν,
1547 4200 1809 4278 ἄρξαμένη
1854 4200 1947 4277 μὲν
1990 4201 2094 4260 ἀπὸ

537 4287 818 4363 Θεογένους
846 4289 948 4363 (sic
982 4291 1178 4362 saepius
1198 4289 1308 4343 hoc
1341 4307 1549 4343 nomen
1575 4290 1900 4363 scribitur),
1946 4289 2095 4345 τελε-

538 4379 718 4432 σθεῖσα
742 4372 796 4432 δὲ
824 4371 970 4452 παρὰ
992 4375 1094 4431 τῶν
1128 4375 1599 4451 Περιπατητικῶν,
1636 4377 1765 4453 παρ’
1792 4371 2094 4452 Ἕξιφάνους

541 4463 693 4537 (lege
724 4458 1110 4538 Πραξιφάνους)
1138 4481 1192 4517 τε
1216 4457 1307 4516 καὶ
1335 4458 1732 4536 Ἀριστοτέλους.

617 4551 879 4623 Princeps
901 4561 982 4604 oet
1008 4567 1236 4615 eorum,
1268 4549 1365 4619 qui
1397 4548 1717 4621 apologiam
1742 4549 1855 4602 sive
1877 4549 2095 4621 allego-

538 4639 710 4691 ricam
728 4636 1042 4691 fabularum
1061 4638 1295 4690 Homer.
1323 4634 1843 4705 interpretationem
1859 4636 2097 4707 scripse-

537 4733 691 4778 runt.
723 4723 909 4777 Schol.
932 4725 1072 4777 Ven.
1100 4720 1171 4775 ad
1198 4720 1265 4773 Il.
1292 4737 1394 4789 20,
1414 4720 1508 4790 67,
1536 4738 1596 4791 p.
1624 4719 1756 4786 533,
1786 4719 1859 4773 30
1879 4721 2053 4775 Bekk.
2079 4740 2091 4774 ε

537 4798 706 4871 Οὗτος
735 4803 828 4882 μὲν
862 4796 947 4863 οὗν
970 4805 1157 4883 τρόπος
1195 4799 1476 4878 ἀπολογίας
1505 4804 1717 4880 ἀρχαῖος
1749 4799 1820 4860 ὢν
1843 4801 1979 4859 πάνυ
2007 4803 2097 4860 καὶ

539 4893 644 4953 ἀπὸ
669 4893 959 4968 Θεαγένους
981 4889 1225 4968 Ῥηγίνου
1238 4931 1253 4959 ,
1277 4887 1330 4953 ὃς
1346 4892 1545 4967 πρῶτος
1565 4889 1759 4968 ἔγραψε
1780 4886 1900 4965 περὶ
1922 4886 2095 4962 Ὀμή-

542 5001 653 5059 ρου.
697 4982 779 5037 Cs.
809 4981 924 5035 sch.
964 4978 1037 5033 ad
1080 4979 1149 5032 ΙΙ.
1180 4979 1240 5044 1,
1285 4974 1418 5029 381.
1449 4974 1734 5042 Eundem,
1782 4986 1952 5046 puto,
2005 4977 2097 5029 in-

540 5060 663 5113 nuit
702 5059 889 5114 Schol.
934 5055 1097 5111 Leid.
1146 5054 1219 5109 ad
1258 5053 1325 5107 11.
1364 5070 1467 5125 19,
1517 5070 1624 5125 129
1661 5054 1719 5105 in
1754 5053 2097 5108 Valckenarii

542 5148 747 5217 Opusc.
792 5146 870 5212 11,
910 5163 970 5216 p.
1018 5161 1146 5211 127,
1182 5140 1309 5203 ubi,
1357 5149 1653 5210 postquam
1692 5138 1764 5191 de
1800 5139 2096 5211 Gigantum

541 5232 693 5285 bello
713 5246 1063 5303 exposuerat,
1081 5228 1238 5281 addit
1263 5245 1275 5279 ι
1295 5222 1363 5281 Ἥ
1390 5219 1588 5299 ἱστορία
1606 5219 1749 5299 παρὰ
1770 5220 1996 5302 Ἡσιόδῳ
2009 5224 2096 5281 καὶ

2162 1004 2220 1062 Θ
2226 1001 2365 1081 εογό
2375 1027 2401 1061 ν
2412 1027 2456 1082 ῳ
2469 1001 2792 1081 (Θεοπόμπῳ
2803 1005 3258 1061 νοΙιιίῑῖΫεὶοἱιοι·
3273 1005 3430 1075 Cycl.
3444 1025 3501 1079 p.
3519 1008 3604 1082 29)
3622 1008 3695 1083 (‘).

2243 1094 2502 1149 Ceterum
2528 1112 2662 1147 num
2683 1103 2833 1148 recte
2859 1093 3179 1166 Theagenes
3199 1093 3482 1166 Cambysis
3500 1098 3700 1167 aequalis

2164 1178 2587 1247 fuisse'dicatur‚
2619 1181 2677 1232 in
2706 1190 2856 1233 tanta
2882 1180 3333 1234 testimoniorum
3360 1184 3590 1253 penuria
3609 1201 3699 1236 ne-

2165 1286 2276 1339 que
2306 1286 2510 1341 negare
2546 1268 2675 1320 licet
2718 1284 2901 1337 neque
2937 1264 3236 1321 affirmare.
3268 1269 3591 1340 Quanquam
3625 1270 3700 1324 fa-

2166 1355 2270 1407 cile
2298 1354 2558 1408 accidisse
2590 1354 2870 1426 Theageni
2898 1352 3119 1424 credas,
3157 1354 3319 1425 quod
3357 1356 3557 1410 accidit
3582 1358 3702 1411 Hel-

2166 1439 2382 1509 lanic0,
2423 1439 2761 1512 Pherecydi,
2803 1439 3086 1493 Antiocho
3115 1440 3491 1512 Syracusano,
3520 1444 3701 1498 Xeno-

2164 1526 2338 1597 phani
2353 1566 2368 1593 ,
2389 1528 2489 1598 qui
2515 1544 2707 1580 omnes
2726 1543 2757 1579 a
2779 1526 3065 1579 nonnullis
3072 1524 3223 1596 justo
3245 1529 3584 1599 antiquiores
3605 1548 3701 1584 esse

2164 1613 2528 1685 putabantur.
2555 1614 2698 1668 Utut
2725 1623 2833 1686 est,
2865 1612 3296 1667 Stesimbrotum
3320 1624 3469 1669 certe
3503 1617 3703 1670 Periclis

2168 1718 2416 1753 coaevum
2458 1709 2614 1753 aetate
2657 1700 2957 1770 superavit.
3001 1701 3186 1771 Atque
3228 1724 3253 1748 κ
3289 1720 3362 1756 ex
3409 1704 3704 1755 testimoniis

2168 1783 2504 1859 (Nitzschius
2531 1788 2604 1840 Η.
2637 1786 2806 1839 Hom.
2839 1787 2891 1838 11
2921 1804 2980 1857 p.
3024 1784 3097 1839 85
3139 1780 3239 1860 ait)
3278 1785 3535 1855 efficitur,
3572 1788 3702 1841 hunc

2171 1874 2423 1925 omnium
2460 1883 2747 1945 quotquot
2768 1871 2911 1926 sama
2941 1873 3260 1927 nobilitavit
3290 1876 3522 1928 Homeri
3545 1874 3701 1928 inter-

2167 1970 2392 2031 pretam
2410 1962 2657 2031 primum
2681 1960 2942 2013 exstitisse
2958 1999 2973 2026 ,
3013 1977 3182 2030 quem
3212 1961 3458 2015 eundem
3481 1962 3704 2033 primum

2169 2048 2593 2119 grammaticum
2617 2045 2768 2099 dicas
2789 2046 2951 2117 licet,
2985 2064 3160 2116 quum
3184 2065 3319 2101 vere
3343 2049 3520 2101 omnis
3540 2066 3705 2119 gram-

2169 2134 2411 2200 maticae,
2443 2152 2567 2205 quae
2591 2143 2888 2205 poetarum
2909 2133 3368 2205 scriptorumque
3390 2137 3703 2207 interpreta-

2174 2219 2325 2273 tione
2371 2231 2644 2288 censetur‚
2687 2220 2796 2273 hoc
2841 2220 3010 2273 fuerit
3043 2222 3421 2293 principium,
3463 2232 3704 2293 utpoetae

2172 2306 2497 2360 nobilissimi
2542 2308 2872 2373 auctoritas,
2924 2316 3039 2359 tum
3084 2308 3606 2377 reprehensionibus
3629 2307 3703 2361 af—

2172 2390 2291 2466 fligi
2342 2404 2552 2465 coepta,
2612 2393 2982 2447 enarrationis
3030 2393 3270 2447 artificio
3328 2394 3700 2460 vindicaretur,

2174 2481 2231 2534 h.
2261 2498 2316 2536 e.
2345 2480 2612 2554 allegoria
2641 2491 2757 2534 tum
2784 2480 3012 2553 physica
3043 2491 3160 2534 tum
3188 2480 3396 2536 ethica.
3428 2481 3705 2553 Theagenis

2175 2568 2316 2621 liber
2341 2567 2459 2620 sine
2500 2566 2676 2620 dubio
2706 2578 2923 2621 mature
2961 2568 3247 2639 neglectus
3277 2579 3362 2622 est
3395 2586 3508 2640 prae
3533 2567 3703 2620 subse-

2175 2655 2466 2726 quentium
2506 2654 2942 2727 allegoricorum
2980 2654 3281 2726 sapientia3
3313 2673 3447 2708 nam
3476 2654 3701 2727 cognitio

2237 2822 2299 2884 (*)
2349 2822 2644 2884 Theogenes,
2695 2835 2840 2885 quem
2892 2822 2954 2872 de
2992 2822 3146 2872 forma
3198 2824 3510 2885 grammatica
3561 2823 3706 2873 laudat

2175 2894 2335 2953 Etym.
2357 2895 2422 2941 Μ.
2446 2906 2494 2940 ν.
2515 2893 2716 2953 βεὸαιῶ,
2750 2905 2848 2940 non
2880 2895 2954 2942 est
2984 2893 3250 2954 Rheginus,
3275 2895 3349 2942 uti
3375 2895 3537 2943 vossio
3562 2908 3607 2955 p.
3630 2899 3707 2940 502

2174 2959 2383 3022 videtur,
2408 2960 2491 3009 sed
2518 2960 2827 3021 probabiliter
2854 2960 2920 3022 is,
2953 2973 3101 3022 quem
3134 2974 3248 3010 cum
3281 2963 3572 3023 Herodiano,
3601 2966 3705 3022 Try·

2175 3028 2361 3089 phone,
2389 3029 2494 3077 aliis
2512 3032 2726 3078 recenset
2751 3036 2989 3091 Anonym.
3019 3033 3088 3078 De
3108 3032 3288 3079 artium
3323 3036 3374 3081 et
3404 3032 3517 3079 disc.
3541 3032 3703 3080 invent.

2176 3097 2224 3144 in
2243 3098 2351 3147 cod.
2372 3099 2567 3148 coislin.
2587 3099 2798 3159 (Fabric.
2817 3102 2870 3148 B.
2898 3102 2981 3147 Gr.
3007 3102 3068 3147 lX
3087 3135 3100 3159 ,
3121 3114 3170 3161 p.
3196 3106 3281 3149 601
3308 3102 3386 3152 ed.
3407 3103 3534 3163 pr.);
3558 3102 3705 3149 fortas-

2175 3167 2239 3215 sis
2270 3168 2494 3228 CnidiuS,
2537 3169 2739 3218 Herodis
2785 3168 2929 3217 Attici
2966 3170 3189 3229 magister
3219 3170 3471 3227 (Philostr.
3509 3173 3597 3219 vit.
3625 3173 3705 3219 ile·

2178 3235 2280 3285 rod.
2304 3240 2373 3298 tl,
2401 3244 2451 3299 1,
2476 3240 2568 3297 lsi).
2593 3264 2654 3274 —
2687 3242 2834 3287 Porro
2861 3242 2990 3288 errat
3020 3239 3272 3289 Clintonus
3305 3240 3390 3301 (F.
3423 3245 3480 3290 H.
3509 3243 3601 3288 tom
3643 3242 3704 3298 ll,

2176 3319 2227 3368 p-
2257 3308 2398 3369 369),
2419 3310 2503 3370 qui
2526 3309 2821 3369 Tlieagenem
2841 3309 2985 3369 Rhog.
3000 3309 3250 3369 significari
3269 3312 3412 3371 putat
3434 3324 3462 3359 a
3480 3314 3637 3359 Tzetze
3653 3307 3706 3355 ad

2177 3380 2291 3438 LyC.
2323 3382 2406 3426 177
2422 3414 2435 3438 ,
2456 3392 2554 3440 quo
2580 3379 2686 3426 loco
2712 3378 2752 3427 is
2770 3380 3120 3441 ἱστορικώτερον
3142 3394 3193 3427 se
3219 3380 3268 3427 in
3301 3381 3569 3435 fabularum
3583 3380 3705 3427 inter·

2177 3447 2439 3507 pretatione
2474 3460 2575 3496 esse
2610 3447 2727 3495 dicit
2765 3447 3034 3496 Alexandro
3068 3448 3391 3512 Polytiistore,
3419 3448 3704 3511 Apollodoro,

2177 3517 2392 3575 Ῥηγίνου
2418 3522 2501 3565 τοῦ
2524 3518 2910 3579 ΙΙολυμνήμονος,
2936 3520 3196 3566 Artemone
3218 3521 3505 3580 Pergameno
3531 3522 3575 3567 et
3607 3522 3705 3566 Cas·

2177 3586 2351 3634 sandro
2387 3587 2644 3635 Salaminio
2684 3586 2894 3647 (corrige
2932 3606 2945 3635 ε
2993 3588 3294 3647 Hfflesandro
3340 3589 3603 3638 Salaminio.
3641 3588 3705 3636 Cf.

2179 3657 2343 3716 fragm.
2367 3656 2650 3715 Hegesandri
2671 3656 2889 3717 Delphi).
2914 3659 2975 3705 V.
3005 3656 3248 3706 Weidner.
3272 3660 3412 3718 cycl.
3434 3671 3477 3720 p.
3501 3662 3595 3706 134.
3615 3659 3708 3704 Ete-

2178 3725 2278 3772 nim
2299 3727 2620 3787 Πολυμνήμων
2657 3727 2763 3774 lihri
2783 3727 2955 3774 titulus
2984 3730 3072 3775 est.
3099 3726 3302 3776 suidas:
3324 3729 3553 3787 Ῥηγῖνος,
3575 3742 3705 3788 γραμ-

2181 3795 2395 3855 ματικὸς,
2437 3795 2606 3855 ἔγραψε
2636 3796 2715 3842 τὸν
2743 3794 2987 3855 λεγόμενον
3021 3796 3381 3857 Πολυμνήμονα.
3418 3798 3493 3846 Os.
3523 3794 3709 3844 Eudocia

2181 3876 2229 3925 p.
2254 3867 2337 3912 371
2362 3865 2410 3912 et
2430 3864 2725 3926 Nicephorus
2739 3867 2798 3913 H.
2823 3864 2949 3912 Eccl.
2971 3867 3042 3922 X,
3064 3871 3148 3925 36,
3169 3866 3291 3912 torn.
3324 3869 3398 3928 11,
3426 3880 3471 3928 p.
3500 3871 3557 3915 89
3579 3864 3706 3913 Paris.

2181 3934 2472 3993 Quanquam
2495 3936 2624 3981 recte
2659 3933 2868 3982 fortassis
2885 3934 3070 3981 statuas
3086 3934 3294 3993 Ῥηγῖνος
3318 3949 3417 3983 non
3436 3948 3532 3984 esse
3553 3945 3707 3982 nomen

2181 4001 2412 4060 hominis,
2432 4001 2514 4050 sed
2542 4002 2737 4063 patrioe,
2757 4000 2899 4049 sicuti
2931 4015 2980 4049 v.
3001 4015 3046 4051 c.
3087 4004 3365 4053 Heraclides
3388 4004 3653 4054 Tarentinus
3667 4002 3707 4049 in

2183 4071 2490 4131 Geoponicis,
2509 4083 2587 4131 ap.
2605 4072 2865 4130 Galenum,
2880 4071 3024 4131 alios,
3044 4073 3322 4134 simpliciter
3345 4075 3518 4125 dicitur
3538 4077 3707 4123 Taren·

2183 4142 2346 4187 tinus.
2382 4142 2477 4188 iste
2501 4141 2821 4202 Πολυμνήμων
2848 4152 2877 4187 a
2896 4144 3091 4191 Socrate
3112 4146 3168 4192 Η.
3188 4144 3319 4191 Eccl.
3344 4148 3410 4193 ΙΙΙ
3429 4180 3443 4207 ,
3460 4150 3515 4194 23
3532 4154 3707 4202 compo-

2181 4209 2312 4254 nitur
2331 4221 2442 4254 cum
2466 4208 2678 4271 Στεφάνῳ
2709 4210 2918 4269 Dionysii
2937 4211 3081 4258 Samii
3100 4247 3115 4271 ,
3142 4216 3193 4260 et
3218 4225 3331 4260 curn
3364 4215 3530 4274 Πέπλῳ
3549 4210 3706 4260 Aristo·

2180 4275 2303 4336 tetis,
2315 4277 2396 4336 qui
2412 4276 2739 4337 libr-ieJusdem
2750 4279 3058 4329 suntindoliS.
3079 4278 3706 4341 Rheyinidediisdort1·inam

2183 4344 2603 4393 Euliemeristicam
2624 4347 2840 4407 pluribus
2856 4350 3053 4409 exponit
3072 4350 3245 4399 Malala
3264 4365 3311 4413 p.
3335 4356 3396 4402 54
3410 4389 3425 4415 ‚
3446 4357 3492 4412 7,
3519 4348 3706 4407 Rhwno

2181 4411 2440 4473 adjungens
2466 4414 2744 4463 Diodorum.
2772 4415 2907 4477 Apud
2933 4419 3136 4467 Tzetzen
3159 4420 3282 4469 Hist.
3316 4425 3365 4483 1,
3390 4426 3479 4471 470
3501 4420 3547 4468 in
3567 4416 3709 4468 tabula

2181 4481 2242 4529 de
2274 4482 2403 4529 Atrei
2422 4483 2569 4531 ariete
2594 4483 2707 4541 legis
2732 4502 2744 4529 ε
2785 4484 3005 4545 Πρόὅατα
3040 4488 3329 4552 χρυσόχροον
3364 4497 3456 4539 ποῦ
3479 4493 3613 4552 φέρειν
3638 4486 3709 4540 τὴν

2182 4550 2311 4611 ἐρέαν
2325 4552 2528 4612 Ῥηγῖνος
2548 4554 2625 4600 τὸν
2642 4553 2863 4612 Ἰσίγονον
2883 4555 3075 4618 εἰσφέρει
3091 4560 3367 4622 γεγραφότα.
3387 4561 3531 4623 Igitur
3550 4557 3709 4615 lsigouo

2183 4619 2419 4679 Rlneginus
2437 4621 2616 4681 junior.
2648 4622 2803 4670 Etiam
2835 4622 3068 4673 mirabilia
3104 4629 3350 4689 collegisse
3376 4630 3426 4679 in
3451 4621 3709 4678 multiiormi

2183 4701 2271 4736 suo
2294 4702 2437 4750 opere
2455 4690 2645 4740 videtur
2672 4711 2683 4740 :
2710 4704 2821 4739 nam
2850 4694 3044 4743 Tzetzes
3063 4696 3184 4746 nist.
3206 4702 3325 4760 vll,
3363 4704 3450 4749 644
3470 4698 3529 4746 de
3559 4690 3710 4745 indicit

2183 4757 2427 4807 miraculis
2442 4762 2492 4807 et
2510 4760 2766 4809 mendaciis
2797 4760 2999 4821 loquens
3029 4770 3245 4817 recenset
3276 4769 3510 4828 Ctesiam,
3542 4762 3707 4814 lambu-

2185 4825 2312 4885 lum,
2333 4827 2569 4887 isigonum
2582 4865 2596 4889 ,
2617 4830 2896 4890 Rheginum.
2913 4831 2986 4880 Cf.
3009 4833 3156 4887 etiam
3171 4837 3315 4887 Phot.
3335 4838 3439 4886 cod.
3461 4842 3556 4887 158.
3573 4834 3709 4884 Primo

2184 4897 2295 4943 ante
2328 4896 2569 4946 Christum
2592 4900 2769 4948 saeculo
2791 4900 2866 4947 vel
2902 4902 3056 4952 serius
3085 4905 3257 4955 vixisse
3279 4908 3400 4956 mihi
3439 4907 3634 4955 videtur.
3654 4923 3710 4937 --

2187 4964 2343 5024 AliuS,
2365 4965 2452 5014 nisi
2483 4968 2635 5029 fallor,
2661 4968 2927 5031 Rheginus,
2956 4971 3181 5022 laudatur
3207 4974 3259 5024 in
3283 4978 3460 5027 Stohoei
3492 4972 3646 5026 Floril.
3668 4971 3707 5025 l,

2186 5046 2232 5093 p.
2253 5038 2307 5082 54
2325 5071 2339 5093 ,
2356 5041 2465 5095 258,
2491 5040 2539 5085 S.
2563 5039 2773 5086 Maximo
2791 5041 2909 5086 tom.
2931 5043 3003 5102 11,
3026 5055 3073 5103 p.
3091 5048 3208 5106 264,
3228 5051 3282 5094 Λ.
3306 5048 3489 5095 Melissa
3510 5050 3554 5105 Ι,
3575 5047 3706 5091 53···

2189 5106 2256 5153 De
2287 5105 2536 5167 Timagene
2573 5108 2987 5158 Macedonicorum
3026 5116 3222 5162 auctore
3253 5115 3471 5165 dicemus
3498 5115 3625 5163 infra.
3651 5132 3706 5145 —-

2187 5172 2315 5221 Alios
2338 5174 2483 5235 huius
2505 5176 2713 5225 nominis
2740 5180 2960 5228 auctores
2979 5194 3025 5228 v.
3062 5195 3137 5243 ap.
3175 5188 3372 5233 sueton.
3418 5193 3530 5245 Aug.
3565 5195 3604 5230 c.
3630 5180 3708 5235 9ss

2188 5241 2439 5292 Alexandr.
2457 5246 2702 5306 Aphrodis.
2723 5250 2784 5309 ll,
2806 5252 2866 5311 89
2886 5249 2932 5297 in
2951 5253 3093 5300 Gazm
3115 5265 3260 5314 vers.;
3274 5255 3443 5305 Galen.
3460 5257 3593 5316 lV‚1›·
3615 5252 3706 5298 17⁸·
