3900 6042
1570 467 2066 529 FRAGMENTA.

225 607 413 679 igitur
445 621 743 660 numerum
772 601 1067 656 Boeckhius
1094 602 1397 673 genuinum
1438 618 1551 655 esse
1590 611 1796 655 censet.

224 695 453 747 Contra
483 709 782 745 numerum
805 706 1084 744 annorum
1109 706 1253 741 2121
1288 687 1417 740 libri
1436 685 1666 741 secundi
1693 702 1800 757 pro

226 787 517 850 corrupto
541 777 739 843 habet,
770 794 901 829 nam
929 793 996 828 ex
1039 774 1197 827 annis
1229 774 1571 845 singularum
1628 771 1803 843 dyna-

224 866 473 919 stiarum
522 860 802 918 conflatur
830 879 1044 915 summa
1096 877 1369 914 annorum
1420 878 1607 928 2222,
1661 875 1805 931 quos

228 951 540 1004 Boeckhius
556 967 665 1021 pro
685 966 718 1001 2
731 967 751 1002 ι
764 966 830 1001 21
860 946 1217 1019 reponendos
1231 965 1343 1001 esse
1363 946 1572 1000 statuit.
1590 947 1774 1000 Secun
1787 974 1803 987 ·

228 1037 379 1090 dum
404 1037 520 1090 haec
540 1037 710 1108 igitur
736 1033 1000 1090 Manetho
1019 1034 1078 1086 in
1098 1033 1254 1088 libris
1271 1035 1380 1087 suis
1414 1034 1590 1089 tribus
1606 1049 1802 1086 recen-

230 1127 354 1179 suit
371 1120 710 1191 annos5375
725 1118 743 1195 (
758 1119 1343 1186 2300-422222-4-853
1363 1115 1403 1193 ).
1426 1118 1726 1175 Alexandri
1747 1119 1805 1171 in

236 1214 497 1284 AEgypto
521 1210 743 1281 imperii
771 1225 947 1285 annps
972 1208 1398 1280 primusineipit
1424 1206 1516 1259 die
1552 1212 1616 1269 14
1652 1206 1798 1260 Nov,

231 1318 338 1353 au.
372 1296 481 1351 332
510 1314 562 1350 a.
589 1297 652 1351 C.
684 1296 810 1351 Per.
838 1295 977 1366 Jul.;
1006 1294 1174 1367 igitur
1200 1291 1370 1348 Menae
1395 1311 1572 1347 annus
1597 1294 1808 1364 primus

232 1404 315 1438 ex
338 1383 685 1439 Manethonis
695 1393 963 1453 computo
978 1381 1174 1452 incipit
1196 1378 1286 1432 die
1306 1399 1381 1433 20
1401 1379 1639 1434 suman.
1657 1377 1804 1448 5702

233 1490 302 1531 a,
352 1471 415 1525 C.
442 1471 569 1525 Per.
605 1469 716 1522 Jul.
754 1466 931 1540 (Vide
953 1468 1166 1521 Canon.
1205 1464 1457 1518 Boeckhii
1500 1464 1570 1519 ad
1600 1465 1808 1519 calcem

236 1554 747 1629 fragmentorum).
792 1552 940 1607 lllud
969 1571 1103 1607 vero
1136 1552 1301 1606 simul
1329 1561 1409 1606 est
1437 1551 1659 1603 initium
1697 1568 1804 1622 pe-

236 1642 399 1697 riodi
439 1638 712 1695 Sothiacae
756 1641 1069 1712 proleptice
1124 1647 1450 1711 exputatum
1500 1634 1806 1709 (2><1460

234 1742 377 1784 ante
404 1728 549 1783 1322
581 1747 632 1782 a.
665 1729 726 1784 C.
747 1728 790 1802 ).
824 1730 953 1781 Haec
984 1727 1153 1799 igitur
1181 1724 1462 1797 quadrant
1489 1726 1721 1796 optime.

326 1820 453 1872 Jam
476 1819 518 1871 si
544 1817 764 1869 initium
784 1834 979 1887 regum
999 1815 1322 1869 mortalium
1345 1814 1421 1868 ita
1440 1815 1684 1885 positum
1708 1825 1809 1886 est,

242 1917 314 1961 ut
342 1906 557 1961 incidat
602 1905 659 1957 in
692 1905 915 1957 initium
959 1902 1398 1956 astronomicum
1440 1899 1661 1973 periodi
1699 1903 1809 1955 So-

242 1995 445 2047 tliiacae
461 2033 477 2059 ‚
501 1993 681 2044 multo
702 1991 866 2044 etiam
888 1989 1238 2061 probabilius
1264 1998 1346 2041 est
1372 2005 1547 2041 annos
1579 1994 1770 2060 24900
1790 2028 1805 2056 ,

241 2098 393 2150 quos
424 2075 833 2130 immortalibus
856 2075 1119 2131 Manetho
1143 2068 1364 2143 tribuit,
1390 2084 1604 2128 certum
1630 2093 1808 2146 quen-

241 2167 382 2221 dam
432 2164 803 2237 periodorum
852 2180 1150 2217 numerum
1193 2160 1511 2229 involvere,
1566 2160 1811 2233 ideoque

247 2250 605 2308 revocandos
645 2268 757 2304 esse
793 2249 866 2304 ad
892 2267 1068 2304 annos
1101 2246 1290 2318 34837
1324 2248 1439 2302 sive
1474 2249 1807 2316 17><1461,

248 2342 338 2395 uti
376 2338 673 2393 Boeckhius
706 2338 928 2392 monuit
964 2347 1133 2407 atque
1167 2336 1286 2407 ipse
1315 2336 1479 2388 statui
1517 2335 1576 2386 in
1611 2334 1807 2408 fragm.

242 2428 464 2483 Chron.
501 2443 559 2497 p.
600 2442 728 2497 191.
775 2426 839 2479 10
866 2424 1186 2479 mortalium
1213 2423 1399 2495 regnis
1430 2422 1694 2477 Manetho
1719 2440 1809 2476 se·-

244 2513 501 2567 rundum
523 2511 849 2566 Boeckhium
876 2513 1003 2566 satis
1024 2511 1219 2565 habuit
1233 2509 1401 2582 primi
1425 2509 1570 2581 regis
1589 2509 1809 2562 initium

244 2604 331 2655 ita
350 2600 649 2653 collocasse
668 2639 685 2667 ,
710 2608 773 2653 ut
795 2599 853 2651 in
882 2598 1024 2669 cycli
1043 2596 1371 2650 canicularis
1396 2593 1668 2649 incideret
1698 2595 1811 2647 ini-

244 2689 429 2753 tium3
476 2702 659 2756 neque
693 2702 861 2739 omne
897 2683 1221 2737 mortalium
1258 2692 1480 2753 tempus
1520 2682 1811 2752 cyclorum

246 2785 414 2829 certo
468 2790 706 2826 numero
757 2772 1020 2839 absolvit,
1072 2786 1255 2842 neque
1274 2765 1496 2822 efficere
1509 2767 1721 2822 studuit
1747 2779 1813 2821 ut

249 2864 313 2915 in
351 2861 668 2931 antiquiore
693 2860 886 2913 saltem
925 2859 1159 2913 historia
1198 2854 1323 2910 finis
1357 2854 1578 2927 periodi
1613 2856 1809 2927 primae

252 2966 389 3003 cum
424 2945 535 3001 fine
572 2948 834 3019 dynastiae
870 2944 1100 3016 alicujus
1126 2952 1484 3016 congrueret.
1567 2943 1706 2998 Nam
1743 2960 1812 2996 ex

252 3034 509 3089 Boeckhii
538 3043 807 3105 computo
853 3033 1075 3086 initium
1111 3028 1366 3085 secundae
1404 3028 1627 3101 periodi
1663 3028 1814 3083 cadit

248 3124 313 3177 in
343 3139 551 3176 annum
583 3139 647 3189 71
684 3118 914 3193 Phiopis
933 3120 1081 3192 regis
1107 3116 1368 3189 dynastiae
1388 3117 1492 3183 vl;
1517 3116 1692 3169 tertiae
1709 3133 1810 3187 pe-

249 3208 407 3263 riodi
447 3208 669 3261 initium
712 3207 772 3260 in
824 3224 1032 3261 annum
1082 3222 1298 3258 nonum
1342 3201 1606 3273 dynastiae
1646 3203 1810 3270 xlv3

250 3306 469 3367 quarta:
497 3295 720 3348 initium
744 3295 803 3348 in
829 3311 1039 3348 annum
1067 3292 1326 3364 quintum
1364 3288 1501 3362 dyu.
1540 3289 1682 3345 XIX
1720 3290 1814 3344 in-

254 3382 419 3436 cidit.

335 3468 536 3523 Nullus
582 3485 688 3541 ego
730 3466 930 3521 dubito
972 3467 1109 3537 quin
1146 3465 1265 3519 liaec
1313 3482 1482 3535 quam
1523 3463 1816 3517 Boeckhius

254 3555 518 3627 exposuit
540 3554 922 3626 chronologiae
947 3552 1244 3607 adornatio
1273 3551 1497 3605 latuerit
1512 3552 1572 3603 in
1601 3568 1664 3603 ea
1694 3550 1814 3607 Ma·

257 3643 523 3697 nethonis
566 3642 923 3708 recensione,
955 3658 1123 3712 quam
1157 3638 1449 3694 Africanus
1510 3640 1555 3692 si
1592 3657 1708 3692 non
1754 3641 1813 3693 in

254 3729 490 3801 singulis
508 3727 839 3799 quibusque,
861 3737 1045 3781 tamen
1063 3728 1121 3779 in
1141 3725 1398 3796 plurimis
1417 3734 1567 3779 certe
1593 3743 1816 3796 expres·

256 3817 353 3871 sit.
379 3816 527 3868 Num
548 3832 683 3869 vero
702 3814 773 3867 ab
794 3815 914 3886 ipso
937 3813 1275 3868 Manethone
1299 3812 1420 3865 talis
1439 3811 1691 3883 profecta
1725 3813 1813 3879 sit,

259 3919 574 3956 asseverare
594 3918 710 3955 000
725 3902 921 3955 ausim.
941 3902 1122 3954 Immo
1148 3898 1577 3970 deprehendisse
1592 3899 1651 3951 in
1669 3897 1817 3952 Afri·

261 4006 410 4042 cano
434 3989 570 4042 mihi
593 3988 813 4055 videor,
843 4005 970 4059 quae
988 3988 1149 4041 aliam
1175 3986 1625 4053 adornationem,
1650 4004 1819 4058 quam

260 4076 641 4146 antiquiorem
666 4093 778 4129 esse
801 4075 1078 4140 duxerim,
1105 4074 1369 4128 exstitisse
1389 4083 1643 4146 arguant.
1667 4072 1818 4143 Quid

261 4162 496 4215 sentiam
525 4162 714 4233 paucis
741 4160 1060 4215 declarabo·

352 4246 571 4303 Etenim
592 4266 722 4302 usus
748 4242 1033 4319 cyclorum
1071 4247 1465 4302 Sothiacorum
1504 4247 1563 4299 in
1590 4245 1819 4299 historia

263 4326 481 4397 duplex
511 4344 623 4380 esse
645 4328 849 4398 potuit.
880 4328 997 4380 Aut
1020 4327 1169 4379 enim
1212 4327 1286 4379 ita
1312 4325 1567 4379 adbiberi
1609 4324 1817 4396 potuit,

264 4422 335 4468 ut
352 4414 594 4467 historiae
612 4415 831 4467 initium
850 4414 939 4468 vel
958 4416 1125 4468 etiam
1141 4414 1371 4485 epochae
1389 4411 1506 4481 ejus
1525 4412 1818 4483 praecipuae

266 4519 401 4556 cum
422 4502 590 4555 initiis
608 4501 989 4554 astronomicis
1003 4500 1289 4572 cyclorum
1307 4507 1784 4571 componerentur
1801 4515 1817 4562 3

265 4597 368 4644 aut
389 4588 503 4642 1100
526 4598 739 4643 tantum
762 4598 1080 4660 spectarunt
1105 4586 1474 4657 chronologi,
1493 4594 1558 4638 ut
1575 4584 1644 4639 ab
1658 4583 1820 4636 initio

162 4700 181 4713 -
269 4675 515 4729 historia?
528 4692 703 4745 usque
721 4673 792 4729 ad
814 4686 1027 4729 certum
1047 4672 1335 4745 quoddam
1357 4671 1473 4741 ejus
1488 4667 1822 4744 παράπηγμα

270 4769 364 4814 tot
399 4771 831 4815 numerarentur
860 4762 1021 4827 anni,
1053 4770 1193 4832 quot
1219 4758 1505 4831 cyclorum
1530 4767 1685 4811 certo
1718 4774 1822 4808 nu·

268 4865 431 4903 mero
444 4848 895 4904 continebantur.
914 4848 1122 4902 Prioris
1135 4847 1366 4901 rationis
1380 4845 1696 4916 exemplum
1708 4860 1826 4896 non

268 4936 405 4990 novi
430 4944 634 5007 praeter
654 4934 839 4989 illuda
863 4934 1129 4989 Boeckhio
1155 4935 1508 5006 propositum
1523 4952 1538 5000 ;
1556 4931 1826 4999 posterior

272 5021 419 5076 ratio
438 5019 590 5093 apud
611 5021 905 5076 historicos
923 5019 1364 5092 frequentissima
1387 5028 1483 5075 est.
1506 5020 1631 5072 Hoc
1650 5016 1825 5071 modo

272 5109 441 5183 graeci
480 5108 817 5182 chronologi
846 5107 957 5162 suis
995 5108 1165 5179 cyclis
1191 5117 1460 5177 utuntur;
1509 5107 1619 5160 hoc
1648 5103 1825 5159 modo

273 5197 441 5249 etiam
479 5196 766 5250 Sotbiacus
794 5200 980 5270 cyclus
1023 5194 1093 5248 ad
1140 5194 1407 5266 temporis
1446 5194 1680 5265 spatium
1726 5210 1828 5262 per

3312 480 3426 528 51⁹

1894 601 2053 672 quod
2100 618 2337 675 regnum
2365 602 2716 672 Assyriorum
2739 602 2945 655 stetisse
2976 601 3185 655 dicitur
3213 605 3442 658 transla-

1895 696 2072 742 tusest
2095 686 2176 766 (v.
2192 687 2644 762 Fragm.Chr0n.
2667 706 2726 759 p.
2767 686 2927 762 163);
2951 685 3062 742 1100
3082 688 3256 742 modo
3279 691 3441 744 etiam

1894 777 2106 833 Veteris
2131 773 2393 831 Chronici
2410 787 2608 829 auctor
2629 776 2799 848 egisse
2818 774 3004 831 debet.
3027 777 3079 829 Is
3096 777 3263 843 enim,
3285 778 3444 831 sicuti

1895 861 2159 915 Manetho
2177 861 2399 915 initium
2423 862 2564 934 cycli
2584 880 2712 915 cum
2729 863 2906 915 Menae
2921 864 3066 934 regis
3089 880 3238 916 anno
3257 864 3443 934 primo

1895 950 2215 1020 componit3
2239 957 2393 1020 patet
2419 966 2556 1002 vero
2585 947 2727 1001 illud
2768 948 2910 1019 cycli
2939 948 3157 1002 initium
3187 967 3304 1002 non
3332 968 3446 1005 esse

1895 1036 2358 1091 astronomicum.
2391 1035 2602 1090 Contra
2636 1035 2678 1088 si
2722 1035 3109 1106 supputaveris
3147 1053 3322 1089 annos
3349 1040 3447 1109 qui

1895 1121 2164 1175 labuntur
2187 1140 2220 1176 a
2262 1123 2426 1176 Mene
2451 1138 2626 1193 usque
2662 1119 2735 1174 ad
2777 1118 2947 1174 finem
2975 1120 3236 1192 dynastiae
3257 1118 3406 1178 'xlx
3430 1165 3443 1189 ‚

1897 1227 2014 1280 quo
2041 1209 2091 1265 Τ
2095 1208 2214 1279 roja
2237 1217 2551 1281 expugnata
2581 1218 2660 1261 est
2687 1205 2994 1260 secundum
3024 1208 3442 1277 Manethonem,

1902 1314 2080 1349 unum
2105 1295 2424 1350 obtinemus
2459 1294 2678 1365 cyclum
2707 1293 3056 1362 Sothiacum3
3086 1293 3231 1347 adeo
3261 1305 3321 1349 ut
3350 1295 3449 1350 ‹lu-

1896 1384 2056 1437 bium
2101 1385 2196 1437 vix
2233 1385 2304 1437 sit
2344 1400 2510 1436 aeram
2553 1379 2850 1449 Troianam,
2896 1398 3003 1452 pro
3060 1396 3451 1455 parapegmate

1898 1469 2062 1525 fuisse
2103 1481 2272 1541 atque
2319 1469 2647 1535 terminum,
2689 1484 2721 1520 a
2767 1484 2881 1538 quo
2930 1468 3115 1538 cyclus
3160 1479 3452 1541 exputatus

1898 1558 1984 1611 sit.
2014 1590 2083 1599 —
2114 1558 2323 1628 Quidni
2347 1555 2548 1610 eodem
2575 1552 2749 1606 modo
2779 1554 2944 1607 etiam
2966 1556 3233 1610 Manetho
3254 1559 3450 1630 egerit,

1900 1646 1997 1715 qui
2025 1662 2365 1717 quamquam
2393 1640 2679 1715 AEgyptius
2706 1641 2900 1709 homo,
2930 1651 3116 1695 tamen
3144 1661 3322 1715 graece
3351 1642 3451 1697 do-

1900 1741 2020 1785 ctus
2049 1742 2197 1799 erat,
2229 1743 2286 1786 et
2309 1731 2366 1783 in
2386 1746 2546 1785 usum
2568 1727 2896 1782 Graecorum
2919 1727 3322 1802 chronologica
3349 1748 3445 1783 sua

1901 1818 2243 1889 composuit,
2274 1826 2332 1869 et
2357 1815 2446 1869 vel
2469 1831 2536 1867 eo
2563 1811 2721 1883 quod
2742 1812 3049 1867 secundum
3073 1813 3447 1888 Αἰγυπτιακῶν

1899 1904 2110 1958 librum
2138 1922 2315 1977 usque
2352 1902 2424 1958 ad
2459 1918 2668 1956 annum
2699 1900 2902 1954 excidii
2928 1901 3154 1972 Trojani
3181 1901 3446 1969 deduxit,

1899 1993 2174 2047 rationem
2202 1993 2446 2064 aliquam
2476 1987 2849 2044 celeberrimae
2865 1988 3030 2059 hujus
3052 2008 3170 2043 aerae
3197 1990 3452 2044 habuisse

1900 2090 2151 2151 apparet.
2177 2081 2464 2134 Faciamus
2488 2076 2565 2130 rei
2594 2077 2930 2147 periculum.
2965 2078 3242 2149 Dynastiae
3268 2077 3450 2132 unde·

1899 2171 2096 2243 viginti
2115 2189 2239 2243 quae
2255 2172 2442 2244 primo
2467 2179 2522 2224 et
2541 2165 2791 2222 secundo
2814 2167 2961 2222 libro
2983 2180 3365 2237 recensentur,
3390 2171 3450 2224 in

1901 2256 2040 2311 duas
2065 2268 2252 2330 partes
2277 2257 2587 2331 dispescere
2625 2252 2784 2324 licet,
2824 2273 2949 2326 quae
2975 2267 3303 2327 separantur
3329 2274 3453 2311 me-

1899 2344 2160 2397 morabili
2186 2345 2280 2398 illa
2296 2343 2544 2415 dynastia
2567 2346 2799 2416 septima
2814 2382 2830 2408 ,
2860 2342 2919 2394 in
2948 2358 3058 2411 qua
3078 2358 3150 2408 70
3177 2359 3331 2413 reges
3349 2358 3455 2413 per

1905 2447 1978 2498 70
2025 2429 2143 2484 dies
2181 2447 2432 2503 regnasse
2473 2429 2758 2487 dicuntur.
2803 2429 2966 2482 Prior
2991 2445 3121 2498 pars
3164 2428 3277 2481 sive
3313 2426 3452 2499 dyn.

1900 2517 2083 2571 I-—VI
2103 2535 2279 2570 unum
2307 2518 2524 2588 cyclum
2542 2558 2557 2584 ,
2586 2518 2758 2571 altera
2781 2533 2909 2589 pars
2931 2516 3045 2568 sive
3073 2513 3208 2585 dyn.
3237 2515 3450 2569 VIII—

1903 2604 1989 2657 lx
2032 2601 2179 2657 duos
2222 2603 2408 2675 cyclos
2457 2604 2590 2656 olim
2643 2602 2945 2676 explevisse
2987 2600 3126 2653 mihi
3168 2599 3451 2659 videntur.

1901 2691 2121 2744 Etenim
2145 2709 2177 2745 a
2204 2690 2454 2762 dynastia
2491 2691 2625 2745 VIII
2651 2708 2827 2761 usque
2868 2687 2940 2743 ad
2972 2684 3139 2740 smem
3189 2686 3454 2759 dynastiae

1901 2778 2015 2844 XI,
2041 2796 2166 2850 quae
2191 2762 2471 2850 postrema
2495 2788 2577 2832 est
2593 2778 2721 2833 libri
2743 2776 2941 2849 primi,
2965 2774 3251 2844 Syncellus
3279 2791 3451 2847 expu-

1904 2875 1982 2921 tat
2009 2882 2185 2919 annos
2227 2863 2338 2919 803
2369 2863 2850 2936 (2300-1497).
2881 2862 2949 2914 10
2985 2858 3235 2913 secundo
3267 2869 3452 2916 autem

1902 2953 2051 3007 libro
2072 2952 2333 3007 Manetho
2360 2952 2695 3006 recensuisse
2720 2949 3046 3022 perhibetur
3070 2963 3247 3000 annos
3274 2964 3420 3001 2121
3436 2990 3449 3002 .

1902 3040 1988 3097 Ne
2014 3041 2164 3094 hunc
2193 3057 2487 3094 numerum
2522 3039 2884 3114 librariorum
2920 3035 3084 3107 culpa
3122 3045 3454 3107 corruptum

1901 3138 2096 3201 putem
2111 3169 2127 3196 ,
2155 3126 2388 3203 impedit
2407 3126 2564 3200 quod
2586 3145 2704 3181 11011
2728 3124 2903 3180 modo
2935 3121 3088 3196 apud
3129 3122 3454 3177 Africanum

1903 3216 2185 3290 syncelli,
2223 3215 2322 3270 sed
2363 3218 2530 3271 etiam
2576 3214 2729 3288 apud
2771 3211 3077 3267 Eusebium
3115 3211 3356 3282 Syncelli
3401 3224 3456 3266 et

1903 3304 2172 3359 versionis
2195 3304 2535 3357 Armeniacae
2554 3301 2866 3356 exhibetur.
2890 3298 3034 3353 Fieri
3057 3306 3241 3369 potest
3257 3308 3321 3350 ut
3343 3298 3457 3369 ipse

1905 3391 2196 3447 Africanus
2214 3389 2453 3444 diversas
2473 3389 2822 3443 recensiones
2845 3386 2901 3438 h.
2931 3385 2968 3440 1.
2987 3383 3324 3439 confuderit.
3349 3385 3458 3438 Ut-

1906 3495 2129 3549 cunque
2160 3478 2255 3545 sit,
2281 3477 2499 3531 numeri
2532 3475 2643 3529 803
2666 3484 2722 3528 et
2742 3492 2804 3527 21
2820 3490 2886 3526 21
2915 3488 3183 3525 summam
3205 3468 3456 3524 efficiunt

1907 3583 2182 3619 annorum
2212 3570 2363 3637 2924
2383 3604 2399 3631 ,
2425 3565 2538 3617 sive
2568 3562 2710 3616 duos
2738 3561 2924 3633 cyclos
2949 3558 3239 3613 Sothiacos
3267 3556 3452 3631 (2922

1906 3651 2031 3727 an.)
2080 3653 2305 3707 duobus
2341 3650 2789 3727 redpndantibus
2834 3648 3008 3702 annis.
3046 3646 3181 3716 Quae
3212 3645 3458 3699 duorum

1907 3758 2184 3794 annorum
2208 3739 2546 3795 abundantia
2584 3739 2640 3790 in
2681 3745 2835 3790 tanto
2878 3751 3115 3789 numero
3155 3731 3270 3786 fere
3304 3731 3457 3786 nulla

1908 3836 2010 3883 est.
2049 3859 2127 3868 —
2159 3829 2423 3899 Superest
2449 3837 2511 3880 ut
2535 3824 2819 3879 videamus
2842 3821 2913 3876 de
2950 3820 3215 3892 dynastiis
3249 3818 3453 3875 1—V1.

1910 3913 2202 3991 Africanus
2228 3916 2303 3969 ita
2329 3914 2498 3967 habet
2519 3928 2534 3966 ε

2031 4061 2073 4116 1.
2121 4058 2155 4113 8
2197 4058 2494 4114 Thinitae...
2537 4075 2628 4109 an.
2672 4054 2946 4128 26335ec.
2976 4048 3216 4122 Synccll.
3264 4047 3379 4105 253

1999 4148 2072 4204 11.
2122 4165 2158 4218 9
2319 4175 2398 4184 -
2678 4140 2786 4195 302
2989 4168 3060 4178 -
3269 4135 3384 4193 302

1975 4233 2075 4286 111.
2118 4249 2155 4304 9
2203 4229 2512 4301 Memphitae
2677 4232 2785 4289 214
2993 4255 3069 4264 --
3268 4229 3380 4289 214

1989 4320 2081 4372 IV.
2127 4318 2161 4371 8
2320 4346 2400 4358 —
2674 4312 2783 4375 284
2988 4340 3067 4351 ——
3269 4317 3384 4379 274

2018 4409 2083 4462 V.
2130 4425 2166 4478 9
2208 4402 2554 4475 Elephantini
2678 4399 2789 4463 248
2990 4429 3067 4437 -—
3271 4396 3384 4461 248

1993 4494 2087 4548 VI.
2134 4493 2168 4545 6
2213 4490 2528 4562 Memphitae
2681 4485 2791 4540 203
2991 4515 3070 4526 —
3270 4484 3381 4537 203

3251 4594 3394 4660 1494

2679 4696 2822 4760 1514
2887 4698 3020 4772 (see.
3064 4695 3196 4764 Syn.
3249 4692 3438 4767 1497)

1995 4840 2183 4892 Primo
2206 4836 2430 4890 obtuitu
2452 4851 2652 4906 parum
2689 4833 2806 4887 haec
2835 4830 3116 4885 sententiae
3151 4838 3351 4883 nostrae
3377 4827 3440 4881 sa·

1916 4946 2046 4982 vere
2070 4925 2352 4979 videntur.
2371 4924 2402 4978 J
2407 4940 2497 4977 am
2515 4939 2652 4975 vero
2687 4919 2972 4992 Syncellus
2993 4936 3052 4990 p.
3085 4915 3181 4981 54,
3207 4917 3279 4982 D,
3309 4932 3467 4987 reges

1917 5013 2178 5086 dynastiae
2213 5009 2468 5065 secundae
2511 5008 2735 5062 nonnisi
2766 5015 2975 5078 septem
3006 5012 3289 5069 numerat,
3322 5018 3466 5070 quo-

1918 5120 2045 5156 rum
2079 5118 2110 5155 e
2137 5100 2323 5172 regnis
2347 5114 2561 5151 summa
2584 5095 2866 5168 colligitur
2893 5109 3169 5147 annorum
3201 5094 3345 5151 224;
3377 5105 3437 5140 re
3454 5119 3466 5125 -

1919 5208 2011 5259 gos
2036 5196 2260 5240 octavus
2295 5196 2350 5238 et
2376 5202 2556 5237 nonus
2584 5201 2707 5237 cum
2730 5178 2885 5235 annis
2911 5178 2982 5248 78
3013 5178 3121 5232 alio
3151 5176 3316 5249 plane
3345 5174 3468 5227 loro
