3900 6042
1618 462 2109 547 rasennam.

3312 508 3425 556 517

234 612 531 684 syncellus
576 630 804 685 quoque
833 614 909 668 ita
937 614 1075 688 egit,
1107 615 1354 688 itemque
1400 618 1570 671 Vetus
1606 617 1790 672 Chro-
1885 638 1943 691 p.
1985 621 2113 700 ¹93²
2139 622 2214 678 C:
2246 618 2353 678 Καὶ
2378 618 2965 687 διεδέξαντοιΤανῒι-αι
2993 626 3277 701 βασιλεῖς
3301 626 3362 696 δ’,
3386 626 3436 683 οἳ

233 700 441 767 nieon,
464 699 621 770 cujus
650 702 867 773 priores
892 718 1050 774 reges
1076 701 1424 774 quindecim,
1467 704 1567 757 etsi
1604 704 1796 756 nomi·

231 787 415 842 natim
470 805 590 841 non
644 798 1019 856 recensentur,
1066 788 1269 843 eodem
1310 789 1485 844 modo
1530 800 1695 861 atque
1738 791 1795 843 in

229 873 663 929 Eratosthenieo
696 875 966 929 laterculo
991 873 1293 931 adornatos
1319 877 1480 931 fuisse
1508 876 1643 931 inde
1678 878 1796 931 col-

228 960 454 1034 ligitur,
500 960 659 1033 quod
700 963 832 1015 anni
878 960 1022 1028 443,
1064 962 1126 1015 in
1163 965 1362 1017 Vetere
1402 963 1685 1018 Chronico
1732 964 1796 1017 iis

228 1048 492 1101 attributi
547 1048 769 1122 egregie
838 1047 1184 1122 respondent
1232 1050 1389 1102 annis
1453 1049 1565 1114 443
1584 1092 1600 1117 ,
1654 1068 1795 1121 quos

230 1133 631 1189 Eratosthenes
678 1137 854 1189 Menae
890 1135 1120 1208 ejusque
1161 1136 1569 1192 suecessoribus
1622 1148 1795 1208 quat-

228 1219 553 1274 tuordecim
582 1222 835 1294 assignat.

315 1306 603 1377 Syncellus
635 1306 1002 1381 reprehendit
1028 1307 1422 1363 Manethonem
1452 1318 1516 1361 ut
1558 1310 1656 1381 qui
1696 1326 1792 1362 re—

230 1394 402 1468 gibus
431 1394 689 1448 tribuerit
712 1413 889 1449 annos
904 1393 1054 1449 3555
1082 1392 1169 1469 (¹⁵).
1189 1395 1408 1449 Etenim
1434 1381 1657 1451 Meneni
1683 1414 1794 1449 esse

231 1478 481 1534 eundem
517 1492 685 1553 atque
728 1483 1002 1550 Misraim;
1035 1481 1105 1536 de
1131 1481 1297 1553 hujus
1348 1500 1485 1536 vero
1536 1492 1790 1555 tempore

231 1578 494 1622 constare
524 1586 556 1623 e
586 1568 745 1622 libris
766 1570 960 1643 saeris;
990 1586 1236 1641 quorum
1268 1570 1598 1623 auctoritate
1637 1570 1790 1622 inni-

230 1664 448 1708 tentem
468 1671 525 1709 se
547 1654 618 1709 ab
648 1656 804 1709 annis
830 1656 936 1709 illis
964 1654 1115 1710 3555
1140 1673 1387 1711 resecare
1410 1674 1586 1711 annos
1616 1675 1791 1728 1090,

230 1743 317 1795 ita
337 1752 398 1796 ut
415 1742 810 1815 AEgyptiorum
825 1760 1059 1816 regnum
1076 1744 1287 1797 steterit
1301 1761 1404 1816 per
1417 1762 1592 1798 annos
1613 1742 1786 1797 2365.

234 1830 323 1883 Ex
348 1829 457 1883 hoc
484 1830 656 1902 igitur
694 1841 963 1902 computo
991 1830 1275 1902 profectus
1304 1831 1591 1903 Syncellus
1634 1849 1793 1885 suum

237 1915 527 1987 quendam
553 1932 745 1989 regum
772 1915 1098 1971 laterculum
1119 1918 1431 1984 constituit,
1454 1918 1513 1970 in
1532 1917 1795 1990 quoinde

232 2020 272 2057 a
300 2005 464 2057 Mene
498 2021 672 2075 usque
711 2002 781 2057 ad
812 2003 1033 2057 Eusebii
1075 2004 1381 2077 dynastiam
1406 2006 1538 2060 XVI
1575 2006 1796 2060 nonnisi

242 2109 269 2143 1
286 2108 317 2159 7
366 2106 522 2162 reges
560 2090 803 2161 annique
848 2088 961 2144 510
1008 2102 1383 2149 recensentur.
1425 2091 1594 2146 Unde
1642 2102 1796 2165 patet

241 2177 588 2229 mutationes
611 2175 854 2247 Syneelli
879 2175 1048 2250 longe
1071 2176 1341 2249 plurimas
1360 2176 1432 2231 ad
1455 2179 1797 2250 antiquiores

230 2263 342 2317 has
376 2261 651 2333 dynastias
692 2261 1009 2316 referendas
1035 2280 1176 2331 esse,
1220 2263 1280 2317 id
1309 2264 1466 2336 quod
1499 2267 1664 2319 etiam
1693 2284 1798 2338 per

235 2365 301 2402 se
350 2348 809 2403 verisimillimum
859 2359 955 2404 est.
998 2350 1121 2404 Jam
1156 2368 1294 2404 vero
1344 2368 1519 2423 quum
1568 2355 1798 2407 nomina

241 2451 447 2508 reg-um
469 2454 500 2489 a
517 2436 775 2508 Syncello
801 2435 983 2491 efficta
1002 2454 1114 2491 esse
1136 2456 1253 2492 non
1274 2438 1344 2491 sit
1363 2457 1465 2492 eur
1486 2440 1793 2507 credamus,

240 2522 368 2593 ipse
408 2522 694 2592 Syncellus
722 2533 909 2577 autem
952 2541 1115 2578 suum
1146 2535 1473 2598 computum
1504 2527 1795 2599 componit

234 2625 373 2663 cum
418 2606 517 2661 illo
562 2608 913 2665 Manethonis
954 2609 1272 2666 Panodorei
1317 2628 1330 2667 :
1366 2622 1797 2667 consentaneum

237 2706 326 2749 est
348 2694 667 2760 laterculoS,
694 2714 763 2751 ex
790 2696 995 2768 quibus
1021 2698 1368 2770 Syneelliana
1388 2717 1585 2772 regum
1626 2702 1793 2754 series

234 2780 489 2854 prodiit,
525 2781 676 2836 baud
717 2783 854 2837 alios
893 2800 1006 2837 esse
1051 2795 1220 2856 atque
1263 2786 1613 2840 Manethonis
1652 2786 1799 2840 illius

234 2867 582 2922 Panodorei.
621 2867 727 2924 Hic
755 2886 891 2922 vero
918 2865 1180 2925 Manetho
1207 2889 1383 2943 quum
1410 2872 1526 2943 ipse
1552 2889 1621 2927 ex
1649 2873 1797 2926 anti-

238 2957 448 3028 quiore
475 2956 814 3010 Manethone
842 2955 1162 3012 decurtatus
1190 2977 1302 3013 esse
1333 2958 1562 3027 debeat,
1593 2958 1798 3014 deinde

238 3061 383 3097 vero
411 3043 652 3115 Syncelli
679 3043 933 3098 laterculi
961 3045 1019 3097 in
1045 3046 1233 3099 multis
1254 3046 1519 3100 simillimi
1544 3047 1653 3100 sint
1684 3047 1798 3100 Eu-

238 3129 488 3183 sebianis
502 3170 517 3195 ,
549 3130 835 3201 Syncellus
864 3139 1049 3184 autem
1074 3149 1170 3186 sua
1190 3150 1257 3186 ex
1276 3134 1515 3188 Eusebio
1536 3132 1795 3206 depromi

136 3288 149 3297 -
240 3235 367 3270 non
391 3217 673 3289 potuerit:
697 3216 827 3271 hinc
849 3235 952 3271 nos
969 3218 1284 3291 colligimus
1303 3238 1655 3275 communem
1672 3219 1799 3274 sun-

237 3303 387 3358 dum
399 3304 617 3359 subesse
636 3304 914 3359 laterculis
931 3305 1278 3360 Manethonis
1298 3307 1589 3362 Eusebiani
1615 3318 1670 3361 et
1696 3309 1800 3362 Pa·

235 3389 508 3446 nodorei.
540 3388 883 3446 Confirmare
902 3395 1227 3447 sententiam
1247 3393 1511 3466 exemplis
1539 3393 1796 3449 studebo.

326 3475 583 3549 Dynastia
618 3478 751 3531 XVI
786 3476 935 3549 apud
972 3478 1264 3532 Eusebium
1294 3478 1455 3532 finisse
1482 3477 1686 3533 dicitur
1712 3497 1800 3534 re-

242 3581 383 3637 gum
404 3574 532 3618 octo
557 3559 650 3636 (η’;
667 3565 744 3618 sic
764 3566 910 3618 enim
927 3582 1054 3618 cum
1074 3566 1194 3621 Vet.
1210 3565 1421 3620 Chron.
1444 3566 1799 3620 scribendum

158 3668 169 3678 ·
240 3667 361 3723 pro
409 3646 472 3717 ε’,
525 3660 756 3704 notante
818 3650 1105 3722 Boeckhio)
1122 3693 1137 3719 ,
1203 3670 1592 3725 annorumque
1668 3672 1796 3726 190.

242 3736 466 3793 Eodem
492 3737 666 3791 modo
695 3737 1015 3805 Clironieon
1036 3740 1205 3793 Vetus
1231 3740 1435 3794 statuit.
1464 3741 1680 3813 Regum
1703 3759 1802 3795 no·

243 3826 403 3878 mina
430 3842 612 3896 neque
648 3824 913 3878 Eusebius
944 3843 1128 3897 neque
1164 3828 1331 3880 Vetus
1355 3827 1679 3882 Chronicon
1703 3840 1799 3882 re·-

241 3922 458 3967 censet.
485 3913 609 3966 Jam
649 3930 1039 3984 comparemus
1069 3913 1406 3984 syncellum.
1452 3914 1622 3986 Apud
1652 3916 1800 3971 hunc

244 3996 347 4077 (p.
388 3980 523 4071 1⁸04)
573 4017 671 4053 rex
715 4000 1005 4053 vicesimus
1029 4010 1213 4078 sextus
1234 4009 1314 4054 est
1340 4001 1367 4055 ὃ
1394 4002 1595 4077 πρῶτος
1618 4003 1716 4056 τῶν
1748 3999 1811 4066 ἓξ

240 4087 344 4152 τῆς
370 4081 428 4150 ιζ’
450 4081 746 4147 δυναστείας
769 4080 912 4161 παρὰ
940 4086 1183 4161 Μανεθῷ.
1212 4088 1391 4160 Igitur
1415 4086 1802 4143 antecedentes

242 4189 411 4244 reges
446 4180 572 4226 sunt
612 4171 873 4243 dynastiae
910 4173 1062 4226 XVI.
1094 4173 1189 4227 Sin
1216 4174 1601 4246 supputaveris
1628 4192 1802 4229 annos

243 4258 353 4331 qui
382 4269 511 4312 octo
540 4258 768 4331 regibus
802 4258 1255 4314 antecedentibus
1282 4261 1625 4327 tribuuntur,
1652 4278 1799 4314 sum-

242 4362 403 4399 mam
453 4344 673 4398 obtines
717 4361 995 4399 annorum
1045 4364 1184 4417 190,
1221 4348 1303 4400 uti
1349 4366 1441 4419 ap.
1472 4346 1798 4419 Eusebium,

243 4430 351 4492 etsi
379 4430 470 4484 hic
497 4431 742 4503 singulos
776 4448 932 4503 reges
956 4450 1074 4485 non
1099 4444 1366 4489 recenset.

344 4518 608 4589 Sequitur
630 4517 881 4589 dynastia
901 4519 1089 4586 XVII,
1116 4518 1271 4590 cujus
1293 4521 1561 4575 Eusebius
1580 4522 1802 4583 exhibet

244 4612 505 4677 pastores
530 4621 685 4677 reges
711 4615 979 4676 quattuor
1015 4622 1301 4678 annosque
1346 4612 1473 4671 104.
1505 4608 1594 4663 Sic
1632 4610 1796 4662 etiam

244 4694 422 4747 Vetus
457 4690 806 4762 Chronicon,
832 4692 935 4745 nisi
990 4691 1149 4762 quod
1187 4711 1343 4766 reges
1378 4695 1611 4747 Tanitas
1637 4693 1797 4752 dicit.

244 4775 470 4833 Eodem
508 4776 685 4831 modo
720 4794 841 4830 rem
883 4776 1170 4832 tradidisse
1212 4780 1608 4834 Manethonem
1656 4781 1803 4851 Syn-

246 4863 410 4931 celfi,
442 4880 508 4916 ex
536 4863 723 4917 verbis
753 4861 916 4933 hujus
944 4864 1296 4937 intelligitur.
1338 4867 1479 4922 Nam
1520 4868 1596 4921 sic
1635 4866 1804 4922 habet

313 5017 379 5077 (*)
405 5015 538 5064 Haud
559 5015 698 5075 longe
719 5013 894 5063 recedit
916 5014 1217 5063 Dicaearchus
1233 5015 1310 5074 (fr.
1336 5021 1362 5066 7
1382 5016 1424 5074 ),
1458 5017 1541 5077 qui
1573 5032 1602 5066 a
1638 5022 1801 5067 Seson-

245 5084 411 5143 chosi,
437 5084 702 5146 quistatim
735 5086 843 5145 post
880 5086 1063 5132 Horum
1100 5098 1314 5146 regnasse
1352 5085 1544 5147 dicitur,
1567 5100 1716 5149 usque
1742 5088 1804 5137 ad

247 5155 450 5216 olymp.
479 5161 495 5203 ι
517 5154 737 5202 numerat
758 5165 908 5201 annos
925 5159 1074 5213 29:365
1094 5153 1213 5202 adeo
1231 5156 1285 5202 ut
1304 5167 1457 5217 usque
1476 5156 1535 5205 ad
1554 5156 1698 5205 tinem
1717 5159 1802 5209 Ne·

245 5224 443 5281 ctanebi
465 5226 505 5272 ΙΙ
529 5223 651 5281 (340
674 5236 719 5272 a.
750 5226 807 5274 C.
825 5231 842 5283 1
862 5222 956 5276 sint
975 5223 1241 5283 annium.

1884 703 1971 760 καὶ
1997 703 2338 763 &Sacamum
2375 706 2642 782 Αἰγύπτου
2671 708 2757 766 ἐπὶ
2797 713 2888 779 τῆς
2923 712 2982 777 ιζ’
3020 711 3316 776 δυναστείας
3344 712 3433 782 ἔτη

1886 790 1994 847 σνδ’
2028 793 2180 865 (deb.
2225 791 2352 851 σνθ’.
2384 793 2518 869 259)
2538 838 2555 868 ,
2597 796 2664 857 ὡς
2704 793 2818 861 ἑξῆς
2857 795 3229 873 ἐστοιχείωται.
3272 796 3438 855 Vides

1885 874 2204 949 Syncellum
2229 881 2287 934 in
2316 880 2470 936 fonte
2488 901 2589 937 suo
2617 884 2884 956 reperisse
2913 883 3216 956 dynastiam
3238 904 3436 960 regum

1887 974 2170 1037 quattuor,
2187 967 2271 1021 uti
2288 980 2368 1021 est
2389 988 2481 1041 ap.
2503 972 2819 1025 Eusebium.
2842 971 3008 1041 Quod
3025 990 3133 1044 pro
3151 975 3308 1027 annis
3330 973 3434 1028 103

1884 1052 2048 1121 ponit
2060 1069 2166 1106 ann
2174 1071 2236 1108 os
2257 1073 2287 1107 2
2298 1052 2369 1127 59
2386 1096 2400 1122 ,
2427 1055 2485 1110 id
2502 1057 2819 1112 incredibili
2836 1060 3077 1112 auctoris
3091 1059 3437 1131 negligentiae

1887 1135 2144 1195 debetur.
2184 1142 2404 1195 Etenim
2440 1142 2499 1195 in
2522 1162 2675 1215 seqq.
2711 1143 2847 1198 dicit
2868 1162 2925 1198 se
2957 1146 3016 1197 in
3039 1146 3438 1201 constituendis

1886 1235 2174 1295 pastorum
2189 1226 2452 1299 dynastiis
2491 1230 2642 1283 nolle
2681 1230 3079 1284 Manethonem
3119 1233 3301 1303 sequi,
3342 1233 3438 1287 sed

1885 1311 2146 1381 praeferre
2166 1314 2198 1366 J
2201 1315 2392 1387 osephi
2409 1316 2755 1387 com'putum.
2771 1319 2802 1370 J
2806 1318 3045 1389 osephus
3063 1336 3199 1371 vero
3230 1337 3434 1373 nume—

1886 1396 2017 1450 rat6
2035 1416 2228 1473 regum
2243 1400 2563 1476 ann05259,
2583 1421 2724 1477 quos
2734 1404 3017 1478 Syncellus
3029 1424 3152 1461 cum
3171 1406 3440 1480 [iugibus

1884 1485 2234 1541 Manethonis
2254 1490 2336 1542 sui
2362 1491 2549 1562 inepte
2572 1495 2907 1564 composuit.
2938 1494 3104 1547 Haud
3131 1495 3313 1547 minus
3340 1495 3440 1548 ab·

1884 1571 2052 1626 surde
2081 1574 2400 1629 Manethoni
2418 1580 2657 1649 opponit
2678 1580 2709 1631 J
2714 1579 2981 1650 osephum
2997 1619 3012 1645 ,
3031 1581 3127 1649 qui
3153 1581 3269 1653 ipse
3287 1598 3381 1633 sua
3410 1600 3441 1632 e

1886 1658 2221 1715 Manethone
2239 1660 2419 1731 affert,
2443 1682 2616 1735 quum
2633 1664 2872 1719 diversas
2887 1666 3295 1738 chronologiaS,
3319 1684 3441 1737 quae

1887 1762 2079 1801 omnes
2111 1749 2436 1803 Manethoni
2466 1750 2864 1819 tribuerentur,
2889 1769 3178 1823 opponere
3206 1753 3310 1805 sibi
3334 1752 3440 1806 de-

1887 1833 2112 1889 buisset.
2139 1835 2240 1889 Vel
2276 1836 2438 1905 hinc,
2463 1838 2624 1891 sicuti
2654 1856 2722 1891 ex
2750 1839 2867 1892 aliis
2902 1838 3150 1906 indiciis,
3183 1856 3305 1909 quae
3335 1857 3437 1892 re·-

1887 1919 2035 1974 serre
2078 1920 2312 1994 longum
2355 1935 2434 1976 est
2478 1923 2552 1997 (v.
2597 1924 2824 1979 Boeckh.
2872 1943 2932 1996 p.
2987 1923 3119 1997 286)
3141 1966 3156 1992 ,
3204 1937 3437 1997 apparet

1888 2007 2065 2079 ipsum
2112 2009 2429 2080 Syncellum
2467 2030 2584 2066 non
2622 2013 2920 2085 inspexisse
2958 2011 3133 2065 libros
3177 2012 3436 2084 Josephi,

1885 2094 1986 2148 sed
2016 2113 2111 2148 sua
2141 2096 2412 2151 invenisse
2448 2098 2602 2170 apud
2630 2100 2828 2167 alium,
2874 2097 3232 2153 Panodornm
3271 2109 3433 2170 puto.

1887 2181 2158 2235 Praeterea
2186 2200 2254 2236 ex
2281 2183 2456 2238 allatis
2483 2186 2810 2257 intelligitur
2853 2204 3020 2257 quarn
3048 2195 3255 2239 temere
3281 2186 3438 2256 Syn-

1886 2266 2059 2320 cellus
2085 2267 2386 2322 Eusebium
2413 2271 2780 2338 incusaverit,
2810 2271 2963 2343 quod
3005 2271 3097 2325 ille
3134 2270 3439 2345 dynastiam

1888 2354 2053 2409 XVII
2080 2372 2181 2410 suo
2213 2356 2445 2411 arbitrio
2476 2359 2856 2413 constituisset.

1967 2443 2148 2497 Porro
2200 2441 2494 2498 Africanus
2535 2444 2797 2516 dynastiae
2836 2445 3055 2499 XXVII
3086 2442 3178 2518 (fr.
3216 2445 3292 2500 60
3327 2445 3438 2517 sq.)

1888 2537 2046 2592 reges
2083 2538 2320 2588 novem,
2350 2539 2525 2577 annos
2566 2539 2672 2576 120
2710 2524 2935 2590 tribuit3
2983 2524 3212 2576 nomina
3255 2535 3439 2577 autem

1892 2624 2090 2680 regum
2133 2626 2252 2661 non
2290 2619 2538 2663 recenset
2565 2610 2669 2662 nisi
2710 2610 2912 2677 trium,
2944 2610 3041 2680 qui
3069 2620 3304 2682 regnant
3337 2627 3442 2681 per

1890 2710 2067 2749 annos
2090 2701 2182 2768 [09.
2201 2695 2463 2750 Eusebius
2484 2706 2678 2751 contra
2701 2697 2921 2750 nonnisi
2945 2706 3055 2750 tres
3075 2695 3239 2766 hujus
3261 2696 3441 2768 dyna-

1892 2782 2007 2835 stiae
2025 2800 2184 2856 reges
2201 2781 2381 2851 fuisse,
2404 2801 2611 2855 eosque
2635 2802 2736 2856 per
2758 2802 2932 2838 annos
2961 2788 3033 2856 49
3047 2800 3301 2855 regnasse
3326 2794 3440 2838 tra-

1890 2866 1993 2921 dit.
2034 2870 2170 2940 Quae
2214 2869 2584 2942 discrepantia
2633 2868 2853 2924 Eusebii
2889 2869 3211 2924 festinantiae
3255 2872 3444 2943 impu·-

1893 2955 2058 3010 tanda
2075 2974 2189 3011 esse
2202 2956 2425 3012 videtur
2440 2958 2869 3030 quammaxime.
2886 2960 3147 3013 Attamen
3158 2958 3443 3030 Syncellus

1891 3058 2121 3115 quoque
2140 3043 2198 3097 in
2215 3062 2317 3098 suo
2342 3045 2610 3100 laterculo
2635 3043 2722 3117 (p.
2754 3044 2890 3109 184)
2913 3045 3134 3098 nonnisi
3157 3054 3267 3098 tres
3287 3063 3448 3119 reges

1890 3124 1999 3202 (N0
2022 3126 2237 3206 72-74)
2276 3149 2403 3186 cum
2429 3133 2586 3187 annis
2628 3139 2702 3204 49
2745 3142 3009 3186 recenset.
3051 3133 3169 3185 llos
3193 3149 3330 3186 vero
3372 3151 3438 3187 ex

1891 3215 2131 3272 Eusebio
2173 3236 2290 3272 non
2322 3219 2495 3292 magis
2515 3219 2780 3291 petiverit
2803 3236 2970 3291 quam
2997 3236 3155 3291 reges
3182 3217 3442 3290 dynastia·

1890 3303 2052 3370 XVI,
2088 3302 2261 3375 idque
2293 3305 2380 3358 vel
2404 3304 2536 3358 inde
2571 3304 2873 3378 colligitur,
2906 3304 3060 3376 quod
3095 3305 3260 3376 primi
3299 3308 3444 3378 regis

1890 3406 2102 3443 nomen
2126 3407 2245 3444 non
2267 3391 2418 3445 idem
2451 3391 2620 3446 tradit
2650 3403 2906 3463 uterque.
2940 3392 3157 3461 Quare,
3197 3392 3294 3445 etsi
3324 3410 3441 3448 non

1890 3491 2037 3548 nego
2063 3486 2172 3530 tres
2188 3494 2346 3549 reges
2368 3476 2502 3549 dyn.
2529 3477 2746 3531 XXVII
2771 3476 2902 3530 inde
2926 3486 3080 3531 ortos
3103 3494 3214 3531 esse
3230 3520 3247 3545 ,
3286 3479 3440 3550 quod

1890 3560 1949 3613 hi
1988 3572 2202 3616 tantum
2231 3564 2562 3617 nominatim
2601 3562 2983 3618 afferebantur
3025 3564 3085 3617 in
3127 3564 3446 3637 antiquiore

1894 3645 2162 3702 laterculo
2179 3689 2198 3721 ,
2226 3649 2367 3703 nihil
2389 3659 2575 3704 tamen
2598 3660 2676 3703 est
2701 3669 2803 3705 eur
2830 3650 2891 3706 id
2924 3650 3145 3706 Eusebii
3172 3652 3337 3723 culpa
3362 3652 3444 3713 fa.-

1893 3743 2046 3788 ctum
2070 3752 2182 3788 esse
2207 3753 2543 3792 censeamus.

1973 3821 2070 3875 His
2093 3821 2438 3894 potissimum
2470 3821 2690 3879 indiciis
2712 3823 2868 3880 ducti
2887 3825 3166 3880 laterculis
3188 3825 3441 3892 Eusebii,

1891 3906 2206 3976 Panodori,
2252 3911 2465 3967 Veteris
2507 3911 2769 3966 Chroniei
2816 3924 2872 3968 et
2916 3911 3156 3984 Syncelli
3201 3910 3437 3964 fundum

1892 4013 2245 4051 communem
2289 3996 2506 4051 subesse
2542 4015 2825 4052 censemus
2859 3997 3093 4052 eandem
3132 3996 3440 4049 Manetho-

1891 4085 2042 4138 niani
2076 4085 2260 4156 operis
2285 4084 2688 4140 recensionem.
2719 4086 2897 4155 Quam
2923 4086 3223 4155 integram,
3256 4083 3346 4137 vel
3374 4100 3439 4138 ex

1891 4170 2090 4241 majori
2119 4182 2278 4242 parte
2318 4172 2590 4244 integram
2629 4173 2867 4229 servavit
2906 4171 3200 4231 Eusebius;
3239 4169 3443 4225 deinde

1893 4256 2211 4310 mortalium
2249 4274 2420 4331 regna
2446 4256 2736 4324 diminuit,
2778 4258 3105 4329 reliquaque
3133 4255 3205 4309 ad
3241 4256 3444 4328 placita

1891 4362 1986 4398 sua
2026 4344 2356 4417 astrologica
2389 4344 2835 4399 accommodavit
2860 4356 3057 4399 auctor
3096 4344 3332 4398 Sotheos
3374 4344 3443 4396 li-

1892 4430 2010 4502 bri,
2047 4431 2219 4484 homo
2247 4430 2497 4498 Judaeus,
2543 4441 2705 4503 puto.
2756 4433 2874 4487 Hac
2917 4430 3285 4487 adornatione
3318 4448 3446 4484 usus

1893 4516 2097 4573 deinde
2131 4527 2209 4571 est
2249 4517 2606 4587 Panodorus,
2644 4519 2741 4591 qui
2777 4520 2834 4573 in
2868 4519 3104 4573 deorum
3137 4519 3319 4591 regnis
3356 4527 3441 4572 ta-

1893 4604 2004 4657 cito
2048 4603 2317 4659 nonnulla
2357 4606 2682 4673 mutaverit,
2714 4624 2886 4677 quum
2915 4606 3046 4658 alias
3072 4606 3165 4658 vix
3187 4602 3307 4657 fleri
3336 4620 3442 4675 po-

1896 4691 2106 4758 tuisset,
2126 4700 2190 4743 ut
2210 4692 2457 4763 AEgyptii
2477 4691 2556 4745 dii
2578 4711 2647 4746 ex
2669 4694 2835 4764 ipsius
2857 4692 3064 4764 placito
3089 4690 3324 4771 totidem
3345 4708 3441 4743 an·

1893 4778 1978 4832 nis
2003 4788 2320 4851 regnassent
2354 4789 2521 4850 atque
2553 4779 2994 4851 Babyloniorum
3025 4795 3183 4851 reges
3209 4776 3442 4831 antedi-

1893 4865 2122 4919 luviani.
2187 4866 2401 4920 Veteris
2439 4866 2703 4920 Chronici
2753 4876 2968 4933 auctor,
3018 4864 3219 4919 eodem
3276 4874 3442 4935 atque

1893 4951 2222 5006 Panodorus
2252 4952 2407 5005 fonte
2437 4970 2591 5017 usus,
2617 4954 2936 5007 mortalium
2980 4965 3233 5026 tempora
3268 4951 3444 5023 magis

1894 5038 2186 5109 diminuit,
2211 5037 2444 5091 deorum
2472 5057 2646 5112 regna
2671 5058 2804 5094 vero
2833 5043 3012 5108 auxit,
3040 5052 3103 5092 ut
3125 5056 3246 5093 eam
3272 5054 3439 5108 quam

1892 5126 2072 5180 voluit
2093 5143 2368 5180 annorum
2395 5126 2694 5198 periodum
2721 5124 2991 5193 efficeret3
3023 5124 3309 5198 Syncellus
3338 5121 3438 5176 de-

1894 5214 2084 5285 nique,
2107 5212 2406 5267 Panodoro
2432 5232 2579 5279 usus,
2604 5231 2773 5287 regna
2793 5215 3190 5268 immortalium
3211 5228 3442 5284 prorsus
