3900 6042
969 543 976 550 .
1075 431 2348 567 STESIMBROTUS
2431 428 3204 566 THASIUS.

622 931 1039 998 StesinibrotuS‚
1067 931 1296 986 Periclis
1314 941 1369 985 et
1387 929 1730 1003 Thucydidis
1753 931 1980 1003 aequalis
1996 929 2088 1005 ζ’),

541 1015 725 1073 Thaso
776 1018 1077 1085 oriundus,
1113 1019 1410 1072 maximam
1445 1019 1573 1072 vitae
1608 1028 1824 1089 partem
1867 1017 2100 1072 Athenis

545 1107 869 1179 transegisse
887 1105 1131 1172 videtur,
1160 1106 1259 1159 ubi
1295 1104 1556 1159 mercede
1603 1100 1797 1158 docuit
1821 1122 1891 1158 ex
1932 1120 2093 1156 more

451 1243 458 1250 .
543 1193 937 1265 sophistarum.
983 1194 1208 1247 Famam
1237 1193 1343 1245 viri
1378 1200 1646 1245 testantur
1673 1191 1904 1244 nomina
1931 1189 2100 1243 disci-

548 1279 842 1352 pulorum,
874 1280 921 1333 N
927 1279 1118 1332 icerati
1149 1278 1551 1351 Xenophontei
1575 1275 1673 1351 (⁸)
1698 1288 1754 1331 et
1773 1275 2096 1331 -Antimachi

550 1363 702 1440 (⁸⁹¹⁶),
715 1377 897 1439 poetae
915 1366 1236 1432 doctissimi,
1255 1363 1421 1438 quem
1438 1366 1581 1419 inter
1595 1365 1701 1418 alia
1713 1365 1884 1420 etiam
1903 1363 2101 1418 carmi·

551 1474 686 1510 num
711 1455 1141 1510 Homericorum
1171 1453 1478 1508 editionem
1504 1467 1719 1507 curasse
1734 1462 1790 1506 et
1817 1451 1888 1505 de
1921 1451 2104 1523 patria

555 1551 871 1615 genereque
896 1541 1127 1594 Homeri
1151 1538 1464 1594 disseruisse
1486 1539 1707 1592 scimus.
1731 1540 1800 1592 1n
1813 1537 1903 1591 his
1916 1554 2105 1591 exem-

551 1630 708 1701 plum
722 1639 941 1682 secutus
968 1639 1048 1682 est
1074 1629 1451 1699 Stesimbroti‚
1470 1627 1567 1698 qui
1594 1635 1723 1698 post
1748 1626 2101 1699 Theagenem

552 1716 768 1788 primus
791 1716 1026 1786 ponitur
1070 1733 1301 1783 eorum,
1331 1731 1473 1787 quos
1504 1713 1766 1766 Tatianus
1796 1709 1929 1784 (Or.
1974 1708 2101 1764 adit.

551 1803 649 1858 Gr.
684 1821 732 1858 c.
780 1800 886 1870 [083
934 1820 990 1855 v.
1039 1820 1165 1874 pag.
1208 1800 1305 1874 ια)
1356 1801 1427 1854 de
1459 1799 1691 1854 Homeri
1723 1795 2101 1870 temporibuS,

553 1907 778 1962 genere,
806 1889 961 1961 poesi
986 1889 1155 1961 egisse
1175 1888 1329 1941 dicit.
1350 1888 1545 1959 Operae.
1579 1903 1706 1958 pars
1727 1886 1896 1957 longe
1925 1881 2105 1953 major

556 1977 614 2028 in
635 1993 703 2028 eo
731 1975 908 2047 posita
927 1984 1073 2040 erat,
1100 1984 1162 2027 ut
1195 1973 1394 2027 fabulae
1418 1983 1474 2027 et
1498 1970 1903 2025 reconditiores
1923 1980 2108 2042 poetae

555 2062 836 2116 sententiae
852 2059 1098 2136 ἀλληγορι
1108 2061 1208 2123 κῶς
1222 2071 1276 2115 et
1290 2059 1665 2136 πραγματικῶς
1675 2059 2107 2132 explicarentur.

559 2147 626 2202 Id
651 2159 768 2202 tum
796 2148 1048 2218 reliquiae
1091 2146 1194 2220 (fr.
1248 2146 1353 2221 ¹9)
1386 2145 1781 2220 comprobant,
1825 2155 1941 2199 tum
1972 2162 2105 2198 vero

558 2237 801 2289 innuunt
819 2235 930 2287 loci
958 2236 1205 2289 Platonis
1232 2232 1394 2308 (***')
1422 2245 1476 2288 et
1491 2233 1884 2306 Xenophontis
1905 2230 2102 2304 (Comi.

561 2323 676 2387 111,
702 2321 802 2392 6),
834 2321 932 2375 ubi
973 2322 1370 2376 Stesimbrotus
1404 2339 1533 2375 cum
1560 2320 1773 2376 Glauco
1802 2329 1857 2373 et
1893 2319 2103 2375 Anaxi-

559 2408 800 2463 mandro
829 2409 1189 2481 componitur
1223 2406 1318 2480 (ν.
1350 2407 1527 2462 Wolf.
1562 2406 1817 2480 Prolegg.
1842 2424 1902 2478 p.
1942 2404 2044 2459 161
2065 2404 2105 2478 ).

558 2494 786 2555 Addere
804 2496 979 2567 possis
999 2497 1382 2568 Protagoram,
1400 2495 1661 2567 Hippiam
1676 2534 1692 2561 ‚
1716 2493 2109 2549 Metrodorum

561 2592 617 2637 et
644 2591 817 2636 totam
842 2582 960 2636 sere
988 2601 1112 2654 quae
1145 2593 1265 2636 tum
1303 2582 1578 2656 pullulare
1607 2581 1838 2635 Athenis
1864 2589 2109 2655 coeperat

559 2670 782 2724 turbam
803 2670 1189 2742 sophistarum.
1215 2672 1434 2724 Horum
1448 2669 1711 2742 permulti
1734 2685 1797 2723 ea
1823 2669 1912 2723 via
1931 2670 2110 2722 inces-

561 2758 761 2823 serint,
793 2775 961 2828 quam
989 2756 1061 2811 de
1089 2757 1268 2811 ethica
1296 2756 1607 2810 carminum
1631 2756 1802 2809 Hom.
1835 2757 2133 2827 interpre·'

561 2845 770 2898 tatione
827 2853 1231 2897 monstraverat
1288 2847 1644 2915 Anaxagoras
1694 2842 1784 2915 (v.
1857 2841 2107 2897 Lobeck.

565 2929 842 3003 Aglaoph.
869 2947 927 3000 p.
968 2927 1096 2997 1573
1126 2930 1338 2983 Nitsch.
1377 2931 1517 2983 Hist.
1551 2931 1717 2982 Hom.
1758 2930 1836 2996 11,
1874 2947 1932 3001 p.
1970 2927 2107 3002 86).

567 3015 680 3070 Sed
710 3016 964 3086 quamvis
991 3016 1158 3068 etiam
1185 3015 1578 3069 Stesimbrotus
1602 3015 1819 3068 ethicas
1852 3034 1894 3071 s.
1927 3034 2111 3068 mora-

568 3103 646 3155 les
667 3101 907 3154 maxime
926 3101 1219 3173 allegorias
1242 3101 1300 3154 in
1327 3103 1578 3155 Homero
1609 3102 1873 3174 reperisse
1900 3101 2007 3155 sibi
2028 3103 2113 3156 vi-

564 3189 782 3254 deatur,
801 3198 982 3242 tamen
997 3201 1133 3240 num
1152 3188 1209 3240 in
1221 3188 1306 3240 his
1324 3183 1664 3261 Anaxagorae
1680 3228 1695 3255 ,
1709 3189 1933 3243 Periclis
1953 3188 2114 3242 fami-

549 3275 723 3340 ·liari‚
753 3293 809 3328 se
833 3273 1141 3340 addixerit,
1177 3275 1535 3329 vehementer
1561 3274 1781 3329 dubito.

653 3363 907 3415 Alterum
955 3380 1097 3433 opus
1144 3361 1538 3416 Stesimbrotus
1592 3364 1908 3439 composuit
1942 3360 2116 3440 ’Περὶ

567 3447 827 3503 τελετῶν
854 3448 966 3502 sive
990 3450 1076 3502 De
1102 3454 1405 3516 mysteriis,
1434 3468 1556 3521 quae
1590 3451 1724 3504 item
1751 3452 1926 3505 latum
1964 3470 2116 3506 cam-

570 3556 704 3609 pum
750 3537 1077 3610 praebebant
1116 3538 1564 3611 interpretationi
1599 3538 1918 3611 symbolicae
1961 3540 2115 3614 (Lo-

633 3711 700 3771 (*)
734 3713 848 3773 Περὶ
873 3712 953 3759 τὸν
978 3711 1115 3759 αὐτὸν
1159 3712 1277 3772 ὁμοῦ
1313 3728 1357 3759 τι
1398 3711 1563 3774 χρόνον
1598 3717 1668 3774 τῷ
1707 3713 1890 3775 Κίμωνι
1914 3714 2115 3774 γεγονὼς

568 3778 646 3838 (l‘r.
668 3782 698 3826 4
718 3791 780 3826 ex
803 3779 1043 3827 Plutarch.
1065 3779 1188 3827 Cim.
1228 3793 1273 3827 c.
1294 3782 1374 3839 4);
1399 3781 1572 3829 Cimon
1587 3781 1790 3830 moritur
1808 3795 1855 3831 a.
1873 3786 1965 3832 449
1984 3796 2030 3831 a.
2054 3787 2113 3833 C.

566 3873 630 3890 --
648 3849 782 3897 Κατὰ
796 3849 901 3904 τοὺς
929 3849 1095 3903 αὐτοὺς
1119 3849 1246 3912 αὐτῷ
1268 3849 1538 3911 (Περικλεῖ)
1560 3851 1751 3914 χρόνους
1770 3852 2006 3914 γινόμενος
2025 3853 2115 3913 (fr.

573 3925 629 3966 ιο
648 3931 704 3970 ex
727 3917 902 3966 Athen.
922 3919 1032 3965 Xlll
1047 3953 1062 3976 ,
1081 3929 1130 3978 p.
1154 3922 1264 3977 589,
1287 3916 1375 3977 D).
1396 3947 1459 3959 —
1474 3920 1671 3968 Librum
1689 3920 1750 3969 de
1768 3921 2088 3972 Themistocle
2102 3958 2117 3982 ‚

570 3986 848 4047 Thucydide
874 3988 924 4036 et
950 3986 1131 4036 Pericle
1165 3988 1436 4049 composuit
1477 3991 1584 4050 post
1620 4002 1664 4037 a.
1706 3993 1826 4051 430,
1862 4004 1962 4053 quo
1994 3991 2120 4041 lilius

571 4058 767 4107 Periclis
805 4056 1106 4120 Xanthippus
1138 4060 1270 4118 peste
1309 4057 1537 4120 abreptus
1574 4062 1663 4108 est.
1700 4060 1821 4110 Vide
1849 4061 1908 4109 ir.
1941 4067 2016 4110 ll.
2053 4092 2117 4104 -

570 4129 728 4178 Alium
751 4128 1146 4188 Stesimbrotum‚
1172 4129 1514 4190 Epaminondoe
1538 4130 1594 4191 l'.‚
1615 4134 1852 4181 memorat
1869 4133 2115 4184 Plutarch.

569 4201 676 4249 Par.
700 4199 817 4248 Min.
846 4212 890 4247 c.
923 4205 994 4247 12.

636 4269 724 4328 (st)
759 4268 1023 4330 Xenophon
1058 4271 1221 4329 symp.
1247 4270 1313 4316 lll
1331 4303 1346 4327 ,
1370 4274 1400 4317 6
1431 4284 1442 4316 :
1477 4272 1738 4333 Postquam
1768 4271 1830 4320 de
1854 4271 2116 4335 rhapsodo-

569 4350 679 4386 rum
698 4337 966 4398 insipientia
976 4338 1167 4385 locutus
1183 4339 1286 4386 erat
1300 4339 1538 4400 Socrates,
1557 4353 1655 4389 non
1665 4340 1857 4403 alisque
1873 4343 2026 4392 ironia
2041 4344 2119 4393 Ni·

569 4409 731 4456 cerato
753 4406 870 4455 dicit
905 4408 1001 4456 εΣὺ
1024 4408 1073 4456 δὲ
1105 4407 1441 4471 Στησιμὸρότῳ
1473 4426 1522 4458 τε
1554 4412 1635 4459 καὶ
1674 4412 2006 4477 Ἀναξιμάνδρῳ
2038 4417 2119 4464 καὶ

570 4477 723 4530 ἄλλοις
744 4478 927 4531 πολλοῖς
957 4478 1075 4526 πολὺ
1104 4478 1308 4532 δέδωκας
1339 4478 1581 4542 ἀργύριον,
1616 4481 1739 4530 ὥστε
1770 4483 1902 4532 οὐδὲν
1935 4484 1991 4533 σὲ
2026 4490 2119 4533 τῶν

569 4547 743 4593 πολλοῦ
766 4546 905 4601 ἀξίων
924 4547 1097 4603 λέληθε.

635 4616 747 4675 (***)
781 4615 952 4664 suidas
982 4629 1026 4663 v.
1063 4615 1350 4679 Ἀντίμαχος.
1394 4618 1486 4666 Cui
1526 4631 1614 4668 cur
1645 4620 1788 4669 fidem
1815 4623 2121 4687 denegaverit

571 4684 922 4747 Schellenberg.
962 4684 1024 4733 ad
1046 4686 1318 4735 Antimach.
1353 4700 1403 4749 p.
1434 4693 1517 4749 18,
1537 4702 1732 4739 causam
1769 4690 1989 4742 idoneam
2022 4709 2120 4745 non

573 4754 729 4803 video.
2043 4763 2054 4776 ⁰

637 4825 774 4884 (Μ’)
811 4825 992 4873 Platon.
1040 4828 1137 4874 lon.
1164 4839 1212 4888 p.
1245 4830 1355 4887 550,
1391 4830 1447 4877 D.
1487 4831 1576 4877 lon
1610 4830 1672 4878 ad
1702 4834 1947 4882 Socratem
1966 4834 2118 4886 dicit:

575 4894 720 4955 Οἶμαι
741 4894 946 4942 κάλλιστ’
966 4895 1218 4958 ἀνθρώπων
1244 4898 1390 4955 λέγειν
1409 4900 1510 4960 περὶ
1529 4900 1765 4962 Ὀμήρου,
1798 4904 1861 4957 ὼς
1890 4906 1997 4953 οὗτε
2026 4908 2117 4963 Μη-

574 4964 798 5025 τρόδωρος
838 4966 865 5011 ὀ
899 4967 1220 5026 Λαμψακηνὸς
1265 4967 1373 5014 οὔτε
1416 4969 1853 5031 Στησίμβροτος
1889 4975 1916 5020 ὀ
1948 4974 2121 5032 θάσιος

575 5035 681 5081 οὔτε
700 5034 918 5082 Γλαύκων
938 5035 1044 5082 οὔτε
1062 5036 1198 5089 ἄλλος
1220 5034 1366 5091 οὐδεὶς
1381 5041 1475 5083 τῶν
1494 5039 1685 5086 πώποτε
1703 5043 1961 5102 γενομένων
1982 5044 2122 5106 ἔσχεν

575 5104 718 5148 εἰπεῖν
738 5103 863 5149 οὕτω
890 5102 1060 5157 πολλὰς
1087 5106 1165 5150 καὶ
1197 5106 1340 5160 καλὰς
1362 5105 1567 5162 διανοίας
1605 5110 1706 5170 περὶ
1734 5109 1975 5174 Ὀμήρου,
2005 5115 2120 5168 ὅσας

575 5170 692 5228 ἐγώ.

2196 930 2359 984 beck.
2375 930 2497 1003 Agl.
2514 947 2573 1002 p.
2592 949 2614 983 1
2629 928 2699 985 50
2714 929 2879 1004 sqq.).
2892 932 3013 1001 Qua
3026 930 3319 1003 quomodo
3336 948 3465 985 usus
3477 931 3547 985 sit
3556 943 3764 987 auctor

2197 1035 2314 1070 non
2340 1027 2571 1071 constat.
2591 1047 2670 1057 -—
2691 1017 3020 1072 Laudantur
3044 1018 3290 1090 denique
3316 1018 3592 1074 nonnulla
3618 1021 3763 1073 item

2197 1105 2509 1177 argumenti
2532 1104 2897 1178 mythologici
2921 1104 3026 1181 (fr.
3062 1100 3288 1178 16-18)‚
3311 1111 3661 1177 quat-'utrum
3691 1125 3765 1162 ex

2196 1191 2413 1263 scriptis
2438 1192 2721 1245 recensitis
2745 1188 3010 1245 fluxerint
3024 1232 3040 1259 ‚
3071 1192 3161 1247 vel
3175 1191 3248 1246 ad
3267 1192 3375 1246 alia
3397 1192 3573 1247 hodie
3594 1195 3764 1267 igno-

2198 1287 2315 1330 rata
2342 1277 2686 1350 pertineant,
2731 1278 3006 1332 incertum
3034 1289 3133 1332 est.
3170 1317 3246 1328 -
3298 1279 3423 1334 Jam
3467 1280 3514 1333 si
3556 1280 3617 1333 in
3672 1281 3765 1335 his

2197 1365 2437 1418 maxime
2461 1362 2657 1440 studiis
2678 1361 3075 1420 Stesimbrotus
3086 1376 3333 1421 versatus
3350 1383 3464 1421 esse
3496 1367 3558 1420 in
3577 1367 3764 1438 iisque

2198 1450 2627 1522 quasihabitasse
2649 1449 2895 1519 videtur,
2920 1470 3039 1505 non
3064 1461 3248 1506 totum
3270 1462 3456 1507 tamen
3476 1471 3537 1507 se
3554 1454 3623 1507 iis
3651 1453 3763 1508 de-

2199 1536 2379 1605 didit3
2404 1555 2533 1592 nam
2556 1549 2762 1611 praeter
2787 1538 3003 1594 fabulas
3025 1540 3191 1594 etiam
3218 1540 3302 1594 sui
3334 1541 3437 1593 aevi
3462 1541 3765 1595 historiam

2200 1626 2488 1693 tractavit,
2519 1642 2588 1680 eo
2617 1635 2803 1679 tamen
2840 1626 2944 1679 sibi
2972 1626 3189 1694 similis,
3222 1626 3381 1699 quod
3406 1628 3494 1680 uti
3532 1627 3765 1699 mythos

2200 1710 2655 1784 interpretando,
2687 1713 2764 1766 sic
2798 1711 3088 1767 historiam
3112 1712 3487 1770 deformando
3518 1711 3591 1769 ad
3630 1732 3767 1769 usus

2199 1815 2327 1854 suos
2347 1809 2404 1853 et
2431 1798 2663 1853 consilia
2683 1797 3210 1853 accommodaverit.

2279 1886 2497 1939 Etenim
2525 1886 2739 1959 scripsit
2761 1882 3161 1941 Stesimbrotus
3204 1887 3412 1941 librum
3448 1886 3541 1945 Πε
3556 1885 3623 1963 ρὶ
3644 1888 3765 1946 Θε-

2202 1967 2640 2046 μιστοκλέους
2714 1968 2820 2027 καὶ
2887 1970 3292 2029 Θουκυδίδου
3355 1970 3469 2029 καὶ
3547 1975 3762 2051 Περι-

2201 2053 2393 2114 κλίου
2410 2079 2460 2127 ς,
2489 2068 2723 2114 testante
2768 2059 3037 2114 Athenaeo
3074 2062 3249 2128 XIII,
3299 2078 3355 2134 p.
3387 2060 3523 2134 589,
3565 2065 3622 2117 D
3654 2064 3764 2135 (fr.

2208 2145 2334 2220 ιο).
2362 2148 2497 2217 Quae
2517 2156 2789 2220 praeterea
2816 2145 2888 2201 de
2908 2146 3022 2201 hoc
3051 2165 3223 2220 opere
3246 2158 3535 2221 comperta
3573 2150 3765 2205 habe-

2197 2252 2350 2301 mus,
2378 2236 2566 2288 omnia
2589 2235 2689 2288 uni
2712 2233 2992 2300 debentur
3014 2235 3340 2303 Plutarcho,
3374 2238 3472 2308 qui
3492 2238 3763 2292 Pericleae

2199 2321 2371 2375 aetatis
2420 2321 2755 2393 scriptorem
2797 2338 2915 2373 non
2958 2321 3357 2395 negligendum
3402 2322 3598 2390 duxit,
3661 2325 3763 2378 etsi

2200 2407 2344 2463 bene
2402 2407 2545 2462 vidit
2574 2425 2692 2460 non
2717 2406 2988 2477 majorem
3023 2405 3140 2477 ejus
3195 2425 3363 2480 quam
3398 2411 3763 2465 comicorum

2200 2495 2448 2565 ejusdem
2470 2496 2738 2568 temporis
2753 2505 3050 2568 poetarum
3071 2512 3184 2550 esse
3207 2498 3623 2556 auctoritatem.
3654 2499 3764 2556 Χα·

2200 2579 2356 2637 λεπτὸν
2375 2579 2464 2637 καὶ
2484 2578 2804 2658 δυσθήρατον
2825 2579 3028 2658 ἱστορίᾳ
3075 2581 3325 2650 τάληθὲς,
3354 2583 3547 2642 ὅταν...
3590 2589 3631 2655 ἡ
3659 2589 3762 2643 τῶν

2202 2657 2435 2737 πράξεων
2457 2657 2546 2716 καὶ
2583 2662 2685 2715 τῶν
2713 2657 2838 2735 βίων
2866 2659 3128 2728 ἡλικιῶτις
3150 2659 3354 2737 ἱστορία
3382 2658 3449 2716 τὰ
3486 2660 3588 2736 μὲν
3628 2665 3757 2742 φθό-

2200 2759 2303 2810 νοις
2321 2743 2410 2802 καὶ
2429 2743 2750 2820 δυσμενείαις
2762 2790 2777 2814 ,
2798 2742 2865 2801 τὰ
2881 2745 2936 2803 δὲ
2957 2746 3271 2824 χαριζομένη
3286 2750 3375 2804 καὶ
3394 2750 3762 2810 κολακεύουσα

2201 2830 2517 2907 λυμαίνηται
2545 2829 2634 2888 καὶ
2661 2829 2941 2911 διαστρέφῃ
2969 2832 3063 2903 τὴν
3098 2832 3360 2903 ἀλήθειαν.
3391 2836 3475 2893 Ita
3528 2840 3760 2897 Plutar-

2203 2921 2338 2974 chus
2366 2918 2523 2994 (Per.
2565 2938 2616 2974 c.
2653 2920 2754 2995 13)
2786 2922 3031 2975 comicos
3057 2930 3115 2977 et
3153 2923 3588 2979 Stesimbrotum
3618 2947 3758 3000 per-

2201 3008 2502 3080 stringens,
2526 3008 2625 3080 qui
2644 3006 2716 3062 de
2733 3008 2959 3061 Periclis
2976 3006 3221 3084 ἀσελγείᾳ
3234 3011 3496 3065 immania
3516 3015 3756 3070 menda·

2205 3094 2287 3148 cia
2311 3105 2643 3166 sparserant.
2672 3097 2753 3149 Ac
2777 3094 3172 3149 Stesimbrotus
3192 3096 3419 3168 quidem
3447 3099 3759 3156 nefandum

2205 3199 2332 3234 cum
2371 3199 2552 3236 uxore
2581 3179 2682 3235 filii
2715 3182 3115 3236 commercium
3145 3184 3197 3237 ei
3227 3182 3517 3241 affinxerat
3558 3187 3667 3260 (fr.
3698 3209 3756 3262 9,

2211 3267 2333 3341 10).
2360 3268 2617 3323 Eundem
2644 3270 2915 3323 Periclem
2938 3270 3049 3324 alio
3078 3270 3207 3324 loco
3236 3269 3334 3342 (fr.
3373 3291 3394 3326 1
3413 3291 3436 3326 1
3458 3272 3475 3348 )
3505 3293 3622 3347 per
3643 3276 3761 3332 dies

2204 3355 2450 3428 integros
2493 3354 2567 3410 de
2595 3356 2817 3427 ineptiis
2853 3373 2981 3409 cum
3027 3353 3336 3430 Protagora
3377 3357 3757 3433 disputantem

2203 3441 2529 3496 introducit.
2562 3442 2728 3497 Haud
2749 3442 3007 3498 meliores
3023 3461 3207 3499 mores
3224 3445 3421 3500 tribuit
3442 3441 3757 3504 Themisto·

2204 3529 2304 3596 cli,
2338 3527 2491 3599 cujus
2528 3529 2821 3582 historiam
2857 3530 3001 3585 miro
3049 3544 3370 3586 commento
3411 3532 3775 3594 adulteravit.

2207 3613 2306 3687 (fr.
2344 3611 2461 3690 η).
2488 3616 2693 3670 Contra
2738 3616 3031 3670 Cimonem
3060 3627 3326 3689 tanquam
3354 3621 3553 3692 priscae
3578 3625 3759 3677 virtu-

2206 3702 2273 3755 tis
2299 3701 2617 3773 exemplum
2646 3714 3060 3773 repraesentasse
3083 3703 3328 3760 videtur.
3362 3707 3588 3762 Absunt
3605 3728 3639 3763 a
3662 3711 3743 3765 Ci-

2206 3807 2373 3843 mone
2397 3784 2663 3861 στωμυλία
2704 3791 2803 3844 ista
2829 3801 2883 3845 et
2906 3788 3160 3861 δεινότης,
3192 3811 3329 3865 quas
3358 3794 3532 3870 jactat
3558 3798 3761 3871 vulgus

2204 3877 2649 3945 Atheniensium,
2681 3895 2799 3931 non
2821 3878 2985 3933 callet
3002 3880 3270 3934 musicam
3287 3893 3343 3936 et
3365 3883 3758 3954 quae,ejusdem

2203 3963 2423 4036 generis
2447 3972 2593 4017 artes
2618 3973 2777 4031 sunt;
2807 3961 2905 4019 sed
2932 3967 3020 4018 vir
3046 3976 3128 4020 est
3152 3967 3384 4040 γενναῖος
3409 3965 3501 4023 καὶ
3525 3967 3727 4039 ἀληθὴς
3742 4011 3757 4039 ,

2203 4051 2604 4122 Spartanorum
2630 4051 3038 4122 simplicitatem
3074 4069 3193 4125 prae
3225 4071 3283 4108 se
3312 4053 3497 4109 ferens
3518 4056 3757 4131 aliisque

2205 4135 2633 4205 commendans,
2669 4135 2913 4210 denique
2954 4149 3172 4194 tantum
3216 4159 3336 4196 non
3374 4143 3653 4200 Hercules
3693 4140 3757 4200 τὰ

2205 4219 2408 4299 μέγιστ’
2439 4220 2627 4296 ἀγαθός
2667 4222 2777 4297 (fr.
2817 4223 2909 4300 3).
2945 4228 3106 4282 Patet
3136 4229 3429 4285 Cimonem
3461 4230 3624 4302 justo
3656 4251 3756 4288 rn-

2205 4311 2422 4365 diorem
2450 4309 2615 4384 fingi,
2658 4322 2724 4365 ut
2768 4313 2922 4366 omni
2958 4314 3134 4370 modo
3174 4328 3500 4390 opponatur
3526 4319 3755 4377 Pericli.

2204 4398 2468 4453 Similiter
2511 4397 2890 4453 efformaverit
2927 4401 3349 4475 Thucydidem,
3390 4405 3636 4462 Melaniae
3681 4406 3721 4461 f.
3738 4448 3755 4474 ‚

2204 4484 2449 4538 Cimonis
2473 4482 2716 4552 affinem,
2741 4496 3079 4559 perpetuum
3097 4490 3325 4544 Periclis
3351 4487 3754 4558 adversarium,

2206 4582 2581 4626 accusatorem
2610 4575 2955 4645 Anaxagora:
2985 4573 3177 4650 (Diog.
3215 4579 3282 4632 L.
3313 4579 3400 4644 11,
3434 4576 3538 4651 39)
3559 4619 3577 4644 ‚
3609 4599 3756 4652 prae-

2205 4658 2595 4711 stantissimum
2623 4657 2877 4713 factionis
2903 4662 3292 4718 aristocraticae
3319 4665 3751 4723 instrumentum

2211 4750 2296 4811 (v.
2321 4745 2576 4802 Sintenis.
2605 4744 2678 4799 ad
2705 4747 2852 4800 Plut.
2881 4748 3005 4802 Per.
3026 4767 3077 4804 c.
3117 4769 3138 4804 1
3156 4769 3177 4804 1
3200 4790 3216 4817 ‚
3242 4770 3297 4824 p.
3322 4769 3427 4821 117
3453 4754 3603 4826 sq.),.
3632 4757 3759 4810 Pro·

2208 4829 2299 4883 cul
2322 4829 2497 4883 dubio
2525 4830 2918 4887 Stesimbrotus
2937 4853 3084 4890 unus
3104 4835 3209 4890 fuit
3232 4855 3430 4892 eorum
3447 4879 3462 4906 ,
3490 4840 3591 4912 qui
3609 4842 3759 4914 opti-

2208 4916 2438 4969 matium
2484 4918 2736 4988 partibus
2773 4918 2987 4974 addicti
3016 4923 3399 4979 Themistoclis
3424 4936 3479 4981 et
3531 4928 3757 4982 Periclis

2209 5002 2466 5056 institutis
2500 5001 2850 5078 disciplinam
2887 5008 3178 5080 publicam
3205 5022 3531 5086 corruptam
3559 5026 3619 5068 et
3655 5032 3753 5069 an-

2211 5089 2419 5160 tiquam
2450 5109 2674 5146 morum
2718 5095 3091 5151 austeritatem
3136 5097 3196 5151 in
3240 5098 3508 5154 effrenem
3556 5101 3754 5173 populi

2211 5174 2484 5230 licentiam
2501 5177 2819 5233 dissolutam
2837 5221 2853 5246 ,
2880 5182 3265 5255 Thucydidem
3291 5185 3556 5259 denique,
3573 5190 3750 5241 virum
