3900 6042
1494 454 1689 513 FRAG
1701 455 2002 515 MENTA:

194 606 216 631 ιι
242 583 621 637 Buttmannus
660 594 717 637 et
743 594 869 637 ante
898 602 1025 637 eum
1054 585 1279 638 Nakius
1306 587 1453 639 hunc
1484 588 1670 639 locum

120 670 190 722 ibi
217 668 409 723 sedem
444 669 701 723 habuisse
724 668 1117 740 conjecerunt,
1144 672 1241 726 ubi
1268 675 1325 726 in
1353 675 1672 727 universum

119 756 185 809 de
217 755 618 809 meretricibus
637 773 820 809 senno
852 757 1061 826 fuisset;
1089 758 1187 813 sed
1224 760 1364 813 alius
1402 769 1670 831 praeterea

119 844 520 896 sententiarum
570 860 882 911 connexus,
938 863 1053 917 quo
1097 846 1189 899 illa
1234 846 1405 900 verba
1450 847 1670 918 prolata

120 930 350 996 fuerint,
399 931 645 1003 cogitari
686 941 900 1002 potest,
944 933 1021 986 ita
1067 943 1132 986 ut
1165 932 1238 988 de
1283 933 1499 988 diversa
1538 933 1669 986 belli

120 1015 341 1089 gerendi
371 1017 601 1071 ratione
629 1016 782 1089 apud
816 1019 1006 1072 Persas
1032 1030 1087 1073 et
1124 1020 1460 1075 Macedones
1487 1037 1667 1092 expo-

120 1104 274 1155 situm
315 1100 518 1174 fuerit,
547 1103 674 1174 pari
704 1101 832 1173 jure
880 1115 1050 1177 atque
1087 1104 1229 1159 illud
1274 1104 1552 1175 conjicere
1591 1104 1669 1160 fas

122 1198 210 1242 est.
246 1212 268 1234 υ
304 1188 498 1242 Ἑυιιι.
534 1190 648 1242 Cur
689 1189 852 1243 tertio
886 1189 1032 1243 libro
1062 1189 1135 1244 de
1166 1191 1426 1264 Philippo
1455 1202 1513 1246 et
1544 1192 1669 1245 Da—
1732 1186 1739 1195 ’

123 1277 201 1327 rio
227 1273 609 1329 Codomanno
630 1293 814 1330 sermo
836 1275 1031 1343 fuerit,
1053 1294 1120 1331 ex
1145 1293 1208 1331 ea
1228 1294 1398 1349 quam
1426 1294 1527 1331 nos
1554 1288 1666 1331 sta-

122 1362 309 1415 tuimus
328 1362 614 1415 rationem
627 1364 812 1435 operis
826 1363 1131 1417 Dicaearchi
1152 1363 1335 1437 fuisse,
1356 1372 1556 1438 sponte
1580 1365 1665 1418 in·

125 1448 392 1521 telligitur.
429 1451 497 1506 V.
529 1448 840 1505 introduct.

842 1588 930 1644 19.

220 1773 246 1795 ·
350 1713 543 1772 ΠΕΡΙ
586 1714 742 1772 ΤΗΣ
784 1713 883 1772 ΕΝ
925 1715 1078 1794 ΙΛΙῼ
1119 1716 1419 1776 ΘΥΣΙΑΣ.

192 1845 383 1901 Athen.
404 1845 573 1913 XIII,
592 1864 652 1918 p.
670 1844 806 1913 603,
822 1847 888 1912 A,
904 1846 980 1900 B:
1001 1842 1266 1910 Φιλόπαις
1285 1845 1332 1902 δ’
1347 1836 1411 1916 ἦν
1427 1847 1662 1923 ἐκμανῶς

126 1929 205 1985 καὶ
239 1927 564 2008 Ἀλέξανδρος
597 1933 628 1987 ὁ
662 1929 920 2006 βασιλεύς.
965 1929 1287 2009 Δικαίαρχος
1326 1937 1448 2009 γοῦν
1492 1935 1545 1990 ἐν
1587 1937 1661 2013 τῷ

128 2006 340 2084 περὶτῆς
372 2009 429 2064 ἐν
455 2006 605 2087 Ἰλίῳ
633 2008 811 2073 θυσίας
840 2007 1056 2084 Βαγώου
1095 2015 1185 2067 τοῦ
1221 2009 1467 2089 εὐνούχου
1504 2010 1663 2077 οὕτως

129 2091 262 2149 αὐτόν
288 2115 440 2173 φησιν
477 2097 768 2165 ἡττᾶσθαι,
790 2097 860 2159 ὣς
884 2096 938 2151 ἐν
966 2094 1082 2171 ὄψει
1112 2095 1328 2174 θεάτρου
1355 2096 1475 2155 ὅλου
1502 2121 1662 2156 κατα-

132 2180 275 2256 φιλεῖν
301 2179 450 2238 αὐτὸν
476 2180 889 2252 ἀνακλάσαντα,
917 2181 1007 2239 καὶ
1031 2185 1133 2239 τῶν
1176 2185 1370 2240 θεατῶν
1396 2186 1660 2264 ἐπιφωνη-

132 2265 307 2324 σάντων
329 2264 465 2342 μετὰ
490 2265 685 2346 κρότου
700 2310 715 2337 ,
738 2269 831 2325 οὐκ
856 2266 1162 2340 ἀπειθήσας,
1183 2269 1340 2327 πάλιν
1360 2271 1661 2336 ἀνακλάσας

136 2350 368 2428 ἐφίλησεν.

199 2442 320 2511 Quae
335 2445 444 2500 hoc
466 2443 604 2496 loco
626 2441 699 2496 de
717 2441 1040 2498 Alexandro
1062 2443 1165 2515 (ad
1183 2444 1409 2515 Trojam
1431 2447 1660 2500 solenne

135 2526 433 2583 merificimn
460 2528 747 2601 ludosque
774 2529 1130 2603 instituente)
1166 2531 1446 2605 leguntur,
1476 2551 1659 2606 neque

136 2614 402 2683 peculiaris
440 2617 643 2689 scripti
697 2625 1086 2689 argumentum
1140 2617 1421 2690 prodere,
1474 2637 1661 2692 neque

137 2699 333 2769 majoris
359 2704 441 2757 De
467 2699 761 2757 sacrificiis
789 2704 974 2776 operis
999 2715 1219 2776 partem
1248 2704 1498 2761 indicare
1521 2707 1659 2760 mihi

138 2785 398 2857 videntum
444 2806 645 2843 verum
689 2806 888 2843 censeo
931 2791 1214 2860 pertinere
1253 2790 1371 2846 baec
1414 2793 1486 2847 ad
1530 2790 1658 2849 Βίου

140 2866 360 2938 Ἑλλάδος
397 2875 615 2930 librum
641 2875 867 2929 tertium
885 2916 900 2942 ,
932 2894 1047 2948 quo
1074 2877 1157 2930 sui
1186 2879 1453 2950 temporis
1478 2877 1657 2934 histo-

139 2960 255 3012 riam
278 2979 569 3034 moresque
600 2963 955 3017 Dicaearchus
981 2964 1321 3035 exposuerit.
1350 2965 1433 3020 Cf.
1459 2967 1621 3021 Iason
1639 3006 1655 3034 ,

138 3045 408 3101 Dicaearchi
428 3049 703 3115 imitator,
730 3048 881 3119 apud
900 3049 1227 3103 Athenaeum
1245 3050 1404 3119 XIV,
1426 3070 1486 3124 p.
1513 3052 1659 3120 620,

62 3192 65 3197 .
140 3132 220 3187 D:
246 3127 419 3189 Ἰάσων
458 3133 511 3188 ἰν
549 3132 743 3210 τρίτῳ,
767 3131 888 3211 περὶ
927 3135 1029 3190 τῶν
1056 3132 1389 3210 Ἀλεξάνδρου
1427 3137 1578 3212 ἱερῶν
1605 3138 1658 3193 ἐν

142 3213 461 3294 Ἀλεξανδρείᾳ
487 3217 648 3298 φησὶν
671 3221 724 3276 ἐν
739 3220 813 3297 τῷ
834 3220 1048 3298 μεγάλῳ
1067 3218 1264 3300 θεάτρῳ
1287 3220 1659 3299 ὑποκρίνασθαι

141 3294 370 3377 Ἡγησίαν
407 3303 494 3362 τὸν
542 3304 799 3383 κωμῳδὸν
841 3303 906 3362 τὰ
945 3303 1250 3384 Ἡροδότου,
1296 3304 1657 3388 Ἑρμόφαντον

143 3385 185 3441 δὲ
201 3386 256 3443 τὰ
276 3387 522 3469 Ὁμήρου.
549 3394 667 3449 Ubi
693 3395 823 3448 item
848 3394 1023 3449 verba
1041 3394 1094 3449 ἐν
1119 3391 1277 3471 τρίτῳ
1302 3396 1659 3470 intelligenda
1680 3418 1687 3425 ·

141 3486 245 3529 sunt
267 3476 332 3532 de
357 3479 502 3535 libro
535 3482 704 3535 tertio
731 3482 869 3535 Vitae
909 3481 1161 3549 Graeciae,
1202 3500 1318 3553 quo
1357 3483 1659 3538 Alexandri

146 3570 363 3635 tempora
377 3576 611 3622 tractata
627 3586 741 3621 esse
758 3578 915 3641 patet
928 3585 995 3622 ex
1022 3570 1088 3622 iis
1103 3609 1117 3636 ,
1145 3588 1269 3642 quae
1292 3568 1363 3623 de
1387 3568 1659 3625 divisione

144 3651 285 3705 totius
316 3655 493 3725 operis
529 3653 695 3708 affert
742 3654 939 3709 Suidas
981 3674 1035 3712 v,
1066 3651 1270 3713 Ἰάσων.
1320 3655 1402 3712 Cf.
1436 3658 1653 3731 Fragm.

147 3734 321 3795 Hister.
355 3754 539 3795 rerum
562 3741 747 3809 Alex„
773 3761 834 3814 p.
874 3742 982 3814 159
1005 3760 1087 3815 sq.

310 3992 605 4051 sempr».
649 3960 1081 4050 ARGUMEN'TI
1122 3994 1456 4053 Pomncl.

211 4124 384 4180 Cicero
416 4130 498 4183 De
539 4130 684 4203 legg.
730 4130 840 4198 111,
884 4129 948 4196 5,
1001 4136 1065 4193 ιί.
1112 4149 1125 4183 2
1164 4131 1297 4185 Post
1336 4132 1656 4185 Aristoteles

150 4212 402 4268 ilbcstraoit
436 4235 652 4270 omnem
693 4215 837 4270 hunc
865 4218 1078 4270 civilem
1112 4220 1168 4270 in
1203 4219 1533 4290 disputando
1577 4220 1651 4271 lo-

150 4314 250 4351 cum
274 4302 684 4374 Heraclidesque
709 4304 994 4368 Ponticus,
1031 4300 1314 4376 prejectus
1345 4306 1420 4359 ab
1458 4306 1649 4359 eodem

802 4470 908 4547 ιιι).

152 4576 233 4635 DE
260 4578 780 4663 (ALEXANDRI)
810 4587 1082 4647 SACRIF
1087 4587 1242 4649 1010
1275 4588 1378 4647 AD
1411 4588 1647 4649 lLlUM.

204 4699 437 4751 Puerorum
458 4716 619 4754 amore
636 4704 698 4755 ad
716 4705 948 4754 insaniam
963 4707 1108 4755 etiam
1129 4706 1325 4756 ardebat
1343 4719 1426 4756 rex
1453 4706 1649 4756 Alexan·

154 4768 237 4818 der.
262 4776 543 4829 Dioeamhus
576 4784 704 4831 uerte
726 4782 809 4830 ubi
847 4782 908 4831 de
932 4782 1115 4831 solenni
1154 4782 1385 4832 sacrificio
1415 4782 1477 4831 ad
1510 4783 1651 4833 ilium

157 4844 350 4912 loquitur,
371 4854 435 4902 ait
459 4857 523 4905 its
558 4857 842 4919 impotenter
882 4872 1065 4908 amasae
1101 4872 1212 4908 eum
1250 4861 1456 4921 Bagoam
1493 4872 1649 4908 eunu-

156 4922 298 4987 chum,
322 4930 435 4978 utin
466 4933 610 4982 totius
631 4934 804 4983 theatri
828 4937 1086 4996 conspectu
1118 4934 1296 4984 inflexo
1321 4948 1521 4997 corpore
1539 4948 1653 4985 eum

154 5009 411 5063 nunizi-etur
448 5035 459 5065 ε
507 5018 838 5079 plaudentibus
873 5032 985 5069 vero
1026 5021 1375 5084 spectatoribus
1405 5023 1454 5071 et
1488 5021 1651 5071 acela·

158 5086 390 5150 mantibus,
428 5096 582 5154 paruit
624 5096 894 5158 iterumque
932 5100 1060 5147 retro
1098 5098 1277 5148 inflexo
1305 5110 1505 5160 corpore
1540 5110 1653 5148 eum

159 5161 472 5219 osculatusest.

382 5251 645 5293 rue-nnn
668 5258 783 5294 nist.
812 5259 892 5296 GR·
920 5273 972 5285 ·-·
992 5265 1101 5300 VOL.
1138 5270 1189 5303 ΙΙ.

3185 466 3292 521 Ξ-ίῑ

1763 589 2018 643 Platone.
2055 587 2458 661 Theophrastus
2486 607 2606 642 rrro
2626 593 2893 643 institutus
2922 591 2995 643 ab
3021 593 3307 646 Aristotele

1760 672 2058 739 habitavit,
2098 678 2343 739 utscieis,
2374 680 2430 728 in
2449 693 2514 729 eo
2535 692 2736 749 genere
2755 694 2933 729 rerum
2948 717 2961 741 ‚
2996 677 3070 730 ab
3095 677 3309 730 eodem·

1760 778 1863 832 que
1904 763 2199 815 Aristotele
2235 762 2421 815 doetus
2461 760 2822 815 DIcaearehus
2862 762 2989 816 lmie
3015 768 3220 817 rationi
3252 774 3312 816 et
3365 778 3372 791 ’

1756 847 1934 901 studio
1959 865 2068 901 non
2088 844 2288 917 defuit.

2320 987 2741 1046 ΠΟΛΙΤΕῙΑῙ.

2484 1150 2578 1186 20.

1782 1274 2295 1333 ΠεΛΛΗΝΑῐΩΝ.
2344 1275 2789 1335 κοΡιΝΘιΩΝ.
2845 1238 3272 1337 ΑΘΗΝΑῙΩΝζ

1833 1423 2029 1481 Cicero
2051 1423 2142 1479 Ad
2173 1425 2336 1480 Attio.
2362 1426 2448 1491 11,
2483 1443 2515 1477 α
2551 1442 2565 1479 t
2604 1422 2941 1492 Πελληναίων
2972 1431 3030 1480 iu
3051 1428 3303 1481 manibus

1752 1511 2031 1576 tenebam,
2076 1522 2129 1564 et
2160 1510 2341 1565 hercle
2383 1529 2644 1582 magnum
2690 1530 2939 1567 acervum
2985 1514 3305 1569 Dicoearclei

1752 1597 1896 1651 milae·
1924 1611 2055 1655 ante
2077 1600 2250 1670 pectes
2289 1611 2692 1652 exstruxerant.
2729 1602 2779 1654 Ο
2805 1618 3070 1673 magnum
3118 1600 3299 1656 homi-

1749 1702 1897 1749 nem,
1927 1695 1985 1738 et
1999 1704 2037 1738 a
2055 1704 2160 1758 quo
2182 1687 2351 1739 multo
2361 1687 2535 1758 plura
2547 1686 2809 1739 didiceris
2826 1705 2992 1760 quam
3015 1690 3087 1742 de
3107 1690 3299 1744 Proci-

1752 1773 1847 1826 lio.
1880 1770 2162 1848 Κορινθίων
2189 1784 2249 1827 et
2271 1769 2552 1841 Ἀθηναίων
2579 1786 2714 1846 puto
2746 1793 2832 1828 me
2852 1778 3044 1829 Romoe
3070 1776 3295 1832 habere.

1749 1859 1901 1913 Mihi
1922 1861 2128 1925 credes,
2162 1861 2284 1931 lege
2306 1866 2384 1913 sis
2401 1858 2525 1913 hoee
2556 1866 2663 1915 otio
2681 1900 2696 1929 ,
2731 1863 3082 1917 admit-abilis
3106 1869 3184 1917 νὴ·
3198 1877 3297 1923 est.

1747 1948 1897 2002 Nihil
1918 1964 1988 2002 ex
2015 1939 2100 2002 his
2121 1959 2411 2020 superstes.
2435 1950 2694 2003 Ceterum
2725 1950 3043 2004 Buttmanni
3078 1953 3299 2024 opinio-

1750 2052 1874 2090 nem
1914 2052 1984 2089 ex
2015 2052 2125 2107 qua
2154 2034 2604 2102 Atheniensium,
2648 2037 3065 2091 Corinthiorum
3092 2049 3148 2093 et
3177 2040 3300 2094 Pel-

1747 2123 2051 2176 lenaeorum
2082 2120 2234 2193 (quo
2263 2121 2491 2175 nornine
2530 2122 2778 2177 Thebani
2818 2121 3296 2199 significarentur)

1748 2206 1964 2263 Politiae
1992 2208 2367 2281 Tre'polite'cum
2391 2207 2698 2263 Dicaearchi
2719 2210 3155 2279 constituissent,
3172 2211 3300 2282 jure

1745 2294 2002 2367 explodit
2028 2295 2278 2350 Osannus
2301 2294 2338 2348 l.
2372 2294 2409 2347 l.
2437 2312 2493 2367 p.
2527 2292 2592 2349 13
2621 2312 2745 2367 sqq.

2474 2453 2567 2490 21.

2263 2564 2755 2626 ΣΠΛΡΤΙΑΤΩΝ
2766 2608 2779 2620 .

1825 2697 2041 2753 Suidas.
2063 2716 2118 2755 ν.
2137 2695 2485 2774 Δικαίαρχοςε
2509 2686 2673 2761 Οὗτος
2696 2693 2888 2773 ἔγραψε
2908 2694 2999 2766 τήν
3028 2698 3293 2756 πολιτείαν

1746 2784 2125 2861 Σπαρτιατῶν·
2153 2782 2242 2838 καὶ
2280 2781 2434 2858 νόμος
2469 2780 2617 2850 ἐτέθη
2655 2784 2708 2839 ἐν
2751 2781 3131 2857 Λακεδαίμονι,
3176 2788 3295 2843 καθ’

1745 2869 1963 2927 ἕκαστον
2008 2867 2118 2935 ἔτος
2171 2868 2614 2946 ἀναγινώσκεσθαι
2662 2868 2751 2926 τὸν
2788 2867 2942 2946 λόγον
2992 2872 3062 2937 εἷς
3097 2870 3155 2931 τὸ
3191 2876 3294 2929 τῶν

1746 2955 1939 3037 ἐφόρων
1976 2956 2224 3035 ἀρχαῖον,
2260 2953 2375 3021 τοὺς
2415 2954 2469 3013 δὲ
2497 2953 2591 3026 τὴν
2636 2953 2894 3026 ἡὸητικὴν
2933 2954 3144 3035 ἔχοντας
3178 2962 3296 3029 ἡλι-

1748 3043 1863 3103 κίαν
1890 3047 2197 3124 ἀκροᾶσθαι.
2227 3041 2334 3102 Καὶ
2361 3046 2513 3105 τοῦτο
2531 3041 2784 3121 ἐκράτησε
2811 3041 2967 3121 μέχρι
2995 3045 3212 3102 πολλοῦ.

1826 3133 1895 3197 εἰς
1921 3129 2016 3208 τὸ]
2042 3150 2110 3187 ex
2138 3133 2363 3187 serioris
2390 3132 2492 3187 aevi
2520 3149 2622 3185 usu
2649 3148 2758 3203 pro
2797 3130 2850 3185 ἐν
2889 3133 2983 3207 τῷ.
3018 3162 3098 3175 —-
3132 3134 3296 3188 Cete-

1746 3240 1872 3275 rum
1897 3237 2072 3292 quum
2095 3237 2162 3274 ex
2181 3229 2445 3291 sequente
2475 3218 2787 3293 fragmento
2807 3230 2996 3291 pateat
3013 3260 3028 3287 ,
3058 3222 3295 3276 Dicaear-

1747 3308 1915 3362 chum
1954 3309 2013 3361 in
2056 3305 2410 3384 Τριπολιτικῷ
2457 3306 2528 3361 de
2571 3306 2982 3378 Spartanorum
3031 3308 3296 3362 institutis

1748 3394 1975 3459 dixisse,
2008 3394 2228 3448 dubites
2255 3411 2390 3447 num
2421 3392 2538 3446 haec
2563 3409 2732 3464 quam
2753 3391 2950 3447 Suidas
2970 3392 3160 3448 laudat
3186 3412 3296 3466 po-

1747 3481 1863 3536 litia
1898 3481 2067 3534 fuerit
2095 3479 2166 3534 ab
2193 3481 2316 3551 ipso
2343 3478 2667 3533 Dicaearcho
2697 3480 2962 3552 singulari
3003 3480 3195 3535 libello
3239 3492 3295 3535 et

1749 3579 2028 3640 tamquam
2055 3584 2185 3639 pars
2227 3564 2453 3636 majoris
2477 3565 2661 3638 operis
2691 3565 3116 3621 Corinthiorum
3152 3569 3294 3622 alio-

1746 3672 1985 3726 rumque
2010 3654 2234 3727 politias
2259 3649 2598 3707 continentis
2621 3653 2851 3725 scripta,
2882 3671 2955 3708 an
2989 3671 3057 3708 ex
3085 3655 3290 3728 Tripo-

1746 3742 1930 3807 litico‚
1963 3741 2062 3812 qui
2100 3738 2172 3793 de
2208 3739 2422 3811 optima
2456 3738 2690 3792 civitatis
2729 3738 2908 3793 forma
2952 3739 3181 3813 agebat,
3225 3744 3294 3795 sit

1747 3827 2053 3901 desumpta.

2229 3944 2800 4014 ΤΡΙΠΟΛΙΤῙΚΟΣ.

2467 4104 2560 4143 22.

1822 4220 2019 4273 Cicero
2043 4218 2149 4291 Ep.
2173 4217 2246 4272 ad
2283 4223 2399 4275 Ait.
2422 4217 2600 4283 xm,
2635 4215 2705 4269 32
2752 4234 2765 4269 ε
2805 4213 3123 4269 Dicaearchi
3157 4213 3288 4290 Περὶ

1741 4305 1913 4380 ψυχῆς
1943 4316 2194 4377 unusque
2218 4306 2377 4358 velim
2404 4308 2590 4357 mittas
2615 4315 2671 4356 et
2690 4299 3055 4365 καταὸάσεως.
3083 4301 3288 4377 Τριπο-

2125 4469 2226 4527 DE
2266 4468 2511 4528 REBUS
2551 4467 2910 4527 PUBLlClS.

2513 4606 2598 4656 21.

2134 4734 2889 4797 LACEDAEMONIORUM.

1802 4864 2108 4915 Dicaearchus
2157 4848 2369 4913 libanium
2406 4862 2466 4911 de
2522 4862 2765 4925 republica
2812 4860 3286 4925 Laoeaaemoniorum

1740 4941 1953 5003 scripsit,
1975 4941 2168 5001 legeque
2188 4939 2533 4989 Lacedoemonii
2560 4938 2894 5001 sanciverunt,
2918 4938 2972 4985 ut
2989 4936 3184 4986 libellus
3204 4937 3285 4987 ille

1740 5030 1932 5080 quoque
1954 5030 2081 5066 anno
2117 5016 2166 5066 in
2183 5017 2472 5079 ephororum
2506 5016 2640 5064 curia
2668 5015 2951 5064 recitaretur
2983 5011 3283 5062 audientibus

1749 5096 1804 5144 iis
1837 5095 1920 5157 qui
1944 5093 2208 5154 iuvenilem
2240 5096 2431 5144 aetatem
2464 5093 2743 5154 attigissent.
2783 5091 2934 5154 idque
2967 5102 3052 5152 per
3078 5090 3286 5138 multum

1742 5174 1969 5236 temporis
1994 5171 2217 5222 obtinuit.

2960 5300 3004 5339 10
