3900 6042
583 445 695 496 282

1041 575 1214 633 ΒΙΟΣ
1259 572 1687 632 ΠΛΑἸῺΝΟΣ.

1317 694 1407 748 3α.

659 817 825 891 Diog
855 818 920 873 L.
951 818 1070 884 ΙΙΙ,
1105 815 1181 870 8.
1214 812 1321 871 Καὶ
1345 811 1499 870 αὐτὸν
1533 810 1643 886 (τὸν
1679 807 1972 884 Πλάτωνά)
2008 831 2132 888 φησι

581 900 918 979 Ἀριστόξενος
951 899 1059 979 τρὶς
1104 902 1500 977 ἐστρατευσθαι·
1542 896 1683 965 ἅπαξ
1719 895 1814 971 μὲν
1850 898 1919 961 εἰς
1950 897 2132 956 Τάνα-

579 1010 743 1064 γραν,
789 984 1054 1095 δεύτερονη
1063 986 1108 1043 δ’
1148 989 1219 1051 εἰς
1272 986 1546 1062 Κόρινθον,
1589 983 1756 1063 τρίτον
1798 983 1885 1040 ἐπὶ
1925 980 2132 1060 Δηλίῳ·

587 1075 706 1131 ἔνθα
730 1071 820 1131 καὶ
849 1075 1169 1150 ἀριστεῦσαι.
1205 1075 1289 1133 Cf.
1315 1075 1519 1129 AElian.
1563 1076 1633 1131 V.
1667 1074 1890 1141 ll.vl1,
1926 1079 1993 1138 14
2024 1072 2135 1125 ibi-

584 1181 696 1234 que
726 1162 982 1217 Petizon.

661 1386 829 1459 Diog.
858 1387 924 1439 L.
944 1385 1027 1438 111
1044 1382 1196 1452 ,t37
1215 1380 1321 1441 ‘liv
1346 1379 1622 1440 Πολιτείαν
1644 1377 1986 1458 Ἀριστόξενός
2009 1400 2136 1459 φησι

581 1477 758 1526 πᾶσαν
820 1467 1004 1548 σχεδὸν
1058 1470 1109 1524 ἐν
1159 1468 1263 1533 τοῖς
1313 1467 1665 1547 Πρωταγόρου
1714 1464 1998 1544 γεγράφθαι
2043 1468 2137 1522 α’ν-

580 1558 871 1632 τιλογικοῒς.
925 1557 1084 1612 Idem
1124 1557 1157 1631 §
1205 1556 1275 1627 57
1328 1568 1518 1612 narrat
1557 1576 1623 1611 ex
1671 1558 1989 1624 FavorinO,
2038 1556 2134 1627 qui

584 1647 977 1701 Aristoxenum
1023 1644 1332 1698 laudaverit
1362 1645 1432 1699 ab
1474 1645 1595 1717 ipso
1635 1644 1888 1717 Diogene
1921 1643 2016 1696 vix
2050 1643 2138 1695 in-

584 1744 855 1804 spectum.

1320 1822 1412 1880 33.

663 1945 828 2017 Diog.
866 1947 931 2000 L.
972 1945 1047 2009 V,
1079 1942 1184 2010 35,
1208 1943 1392 1996 varios
1419 1942 1730 1997 Aristotelis
1766 1943 1996 1996 nomine
2032 1960 2135 1996 re-

585 2045 849 2086 censens:
871 1984 1140 2102 Ἕὸδόμος
1163 2025 1526 2103 παιδοτρίὸης,
1545 2015 1604 2082 οὗ
1625 2024 1887 2101 μέμνηται
1913 2025 2143 2104 Ἀριστό-

587 2110 721 2178 ξενος
749 2114 800 2169 ἐν
821 2116 895 2192 τῷ
920 2112 1198 2177 Πλάτωνος
1229 2111 1346 2191 βίῳ.

1320 2215 1415 2271 35.

667 2339 869 2397 Euseb.
899 2338 990 2396 Pr.
1015 2341 1114 2394 Εν.
1143 2340 1277 2405 XV,
1312 2358 1362 2393 c.
1404 2358 1459 2405 2,
1485 2356 1551 2392 ex
1583 2337 1867 2393 Aristoclis
1884 2336 2013 2392 libr.
2037 2338 2141 2391 VII

591 2428 664 2483 de
686 2428 892 2482 Philos.
909 2427 1241 2481 Platonica.
1263 2423 1416 2489 Τίςδ’
1432 2423 1493 2480 ἂν
1513 2423 1747 2493 πεισθείη
1772 2430 1874 2487 τοῖς
1893 2423 1983 2478 υπ·
2005 2420 2143 2500 Ἀρι-

587 2510 821 2578 στοξένου
864 2514 916 2568 ἐν
940 2533 1010 2588 τῳ
1042 2512 1139 2589 βίῳ
1169 2533 1257 2568 του
1300 2508 1611 2586 Πλάτωνοςς
1646 2513 1698 2568 ἐν
1739 2508 1840 2586 γὰρ
1863 2513 1927 2588 τῇ
1970 2508 2139 2585 πλάνῃ

584 2597 676 2655 καὶ
701 2602 764 2674 τῇ
792 2595 1094 2675 ἀποδημία,
1125 2596 1311 2673 φησὶν,
1339 2596 1712 2654 ἐπανίστασθαι
1737 2596 1877 2653 xui‘
1850 2597 2140 2652 αντοικοδο·

589 2691 705 2756 μεῖν
734 2686 873 2740 αὐτῶ
907 2682 1050 2748 τινὰς
1083 2683 1378 2760 ΙΙερίπατον
1404 2680 1573 2750 ξένους
1599 2682 1769 2748 ὄντας.
1801 2680 2019 2740 Οἴονται
2055 2674 2139 2738 ουν

585 2770 710 2828 ἔνιοι
748 2776 912 2826 ταῦτα
940 2769 1056 2873 περὶ
1091 2770 1475 2847 Ἀριστοτέλους
1498 2770 1664 2846 λέγειν
1701 2768 1881 2839 αὐτὸν,
1912 2767 2140 2846 ’·Αριστο

588 2854 730 2921 ξένου
754 2856 839 2911 διὰ
868 2856 1060 2921 παντὸς
1087 2858 1437 2936 εὖφημουντος
1467 2854 1839 2934 Αριστοτέλην

667 2944 757 2997 Ad
797 2944 977 2997 Vitam
1021 2944 1265 2998 Platonis
1313 2943 1382 2997 ab
1428 2945 1764 2997 Aristoxeno
1807 2941 2140 3015 descriptam

588 3029 787 3082 ludens
803 3029 1025 3100 respicit
1046 3030 1278 3083 Lucian.
1296 3031 1381 3083 De
1395 3030 1637 3101 parasito
1655 3046 1703 3083 c.
1728 3026 1798 3081 35
1817 3027 1901 3100 (p.
1923 3026 2034 3092 542
2053 3027 2139 3082 ed.

589 3114 783 3169 Didot.
803 3114 856 3187 ).
882 3110 948 3170 ‘0
971 3110 1024 3169 δὲ
1045 3110 1294 3182 Πλάτων,
1317 3116 1390 3170 ait
1404 3112 1614 3187 ,ὀλίγας
1635 3114 1999 3222 παρασιτήσας
2018 3110 2139 3186 ἡμέ·

591 3221 686 3274 ρας
704 3221 777 3277 τῳ
797 3196 1026 3277 τυράννῳ
1051 3197 1339 3277 (Διονυσίῳ
1359 3202 1375 3273 )
1396 3203 1485 3255 τοῦ
1505 3199 1806 3276 παρασιτεῖν
1832 3198 1932 3255 ὑπὸ
1957 3200 2141 3278 ἀφυίας

592 3282 830 3353 ἐξέπεσε,
860 3284 949 3341 καὶ
973 3282 1128 3340 πάλιν
1149 3283 1388 3353 Ἀθήναζε
1424 3286 1730 3393 ἀφικόμενος
1753 3307 1843 3341 και
1870 3285 2141 3363 φιλοπονή·

592 3393 688 3437 σας
737 3371 826 3427 καὶ
875 3368 1271 3449 παρασκευάσας
1312 3370 1493 3428 ἑαυτὸν
1526 3362 1674 3436 αυθις
1714 3370 1936 3448 δευτέρῳ
1973 3371 2140 3450 στόλῳ

591 3456 877 3514 ἐπέπλευσε
900 3461 963 3535 τῇ
984 3454 1199 3536 Σικελία
1223 3458 1310 3514 καὶ
1331 3456 1608 3528 δειπνήσας
1630 3457 1787 3515 πάλιν
1808 3457 1983 3536 ὀλίγας
2008 3457 2139 3533 ἡμέ-

593 3565 687 3621 ρας
717 3542 817 3600 ὓπὸ
846 3544 1071 3623 ἀμαθίας
1109 3516 1338 3612 ἐξέπεσε·
1375 3545 1466 3603 καὶ
1495 3544 1625 3617 αὕτη
1655 3549 1688 3615 ἡ
1719 3545 1960 3625 συμφορὰ
1991 3545 2138 3606 Πλά-

590 3653 715 3688 τωνι
750 3631 867 3710 περὶ
910 3632 1200 3690 Σικελίαν’
1180 3631 1333 3707 ομοία
1354 3633 1496 3690 δοκεῖ
1536 3632 1774 3711 γενέσθαι
1816 3637 1880 3712 τῇ
1933 3634 2137 3694 Νικίου.

1059 3801 1247 3861 VITA
1289 3802 1681 3861 PLATONIS.

657 3980 750 4026 rer
771 3978 1016 4026 Platonem
1031 3978 1255 4027 militasse
1275 3979 1580 4028 Aristoxenus
1601 3982 1770 4028 auctor
1793 3982 1864 4027 est
1882 3980 2072 4042 ,primo
2095 3980 2143 4028 in

595 4056 893 4115 Tanagram,
916 4053 1160 4102 secundo·
1147 4067 1195 4102 ιιι
1219 4054 1531 4112 Corinthum,
1557 4055 1701 4104 tertio
1722 4055 1784 4104 sd
1817 4056 2035 4116 Delium,
2062 4055 2145 4104 uhi

594 4132 645 4177 et
663 4129 838 4178 eximis
858 4129 1150 4179 fortitudinis
1166 4131 1384 4192 exempla
1401 4131 1618 4180 ediderit.

661 4292 869 4340 Platonis
883 4294 1245 4355 Rempublicam
1274 4294 1372 4344 fere
1394 4297 1545 4344 totam
1575 4296 1623 4343 in
1651 4298 1918 4357 Protagora-‘2
1938 4300 2142 4345 Contra-

598 4366 886 4416 dictionibus
906 4370 1132 4431 scriptsm
1151 4383 1253 4419 esse
1269 4371 1579 4421 Aristoxenus
1593 4370 1751 4420 tradit.

665 4530 927 4579 Aristotelis
957 4532 1232 4592 paedotribae
1258 4535 1473 4583 meminit
1501 4536 1810 4583 Aristoxenus
1839 4536 1887 4582 in
1913 4535 2025 4583 Vita
2047 4539 2080 4583 Ρ
2084 4537 2144 4583 la·

603 4608 745 4657 lonis.

1327 4692 1412 4743 35.

667 4770 786 4826 Quis
812 4770 956 4820 tidem
986 4772 1202 4821 habuerit
1232 4773 1307 4835 ei,
1345 4773 1473 4835 quod
1511 4776 1820 4824 Aristoxenus
1858 4774 2069 4823 musicus
2103 4775 2150 4822 in

609 4844 816 4895 Platonis
833 4845 932 4895 vita
951 4848 1124 4897 refert?
1141 4849 1322 4898 scilicet
1337 4848 1454 4898 dum
1478 4850 1856 4910 peregrinaretur
1869 4850 2151 4911 obessetque

608 4925 797 4985 longius
817 4925 977 4983 Plato,
996 4939 1140 4988 quem
1155 4930 1332 4976 vocant
1356 4926 1625 4989 Peripstum
1641 4928 1868 4978 adversus
1888 4942 2000 4977 eum
2024 4942 2153 4990 pere·

607 5000 765 5059 grinos
787 5000 1004 5051 homines
1032 5003 1276 5052 excitasse.
1319 5005 1493 5051 Putant
1513 5003 1642 5052 enlm
1667 5005 1882 5053 nonnulli
1921 5006 2023 5053 haec
2044 5018 2153 5053 enm

609 5076 669 5122 de
689 5076 934 5125 Aristotele
953 5077 1127 5135 disere,
1151 5079 1289 5140 eujus
1305 5091 1550 5139 nunquam
1568 5082 1872 5129 Aristoxenus
1884 5080 1973 5129 nisi
1991 5081 2153 5142 perluo-

611 5152 775 5201 norilir
777 5164 804 5201 e
821 5153 1048 5201 meminit.

1711 431 2172 492 Ams‘roxssm
2213 429 2627 490 TARENTlNi

2300 572 2439 620 Trx.
2490 560 2594 619 Καὶ
2620 558 2725 629 τίς,
2752 581 2796 615 ω
2821 557 3025 633 Σίμων,
3051 578 3169 632 περι
3196 553 3379 613 τούτου
3400 552 3575 629 λέγεις

2298 660 2513 707 ΙῙΑΡΑΣ.
2564 644 2757 705 Πολλοὶ
2814 642 2906 719 μὲν
2952 665 3042 700 και
3082 642 3268 717 ἄλλοι,
3327 637 3667 718 Ἀριστόξενος
3702 636 3749 694 δὲ

2220 737 2248 791 ὃ
2272 757 2513 810 μουσικος
2527 779 2543 809 ,
2564 734 2756 790 πολλου
2779 729 2935 806 λόγου
2958 728 3114 830 ἄξιος.

2672 852 2844 911 ΒΙΟΣ
2887 848 3307 908 ΤΕΛΕΣΤΟΥ.

2945 956 3038 1011 36.

2301 1064 2634 1137 Apollonius
2685 1060 3301 1136 nist.Mi1-ab.c.4o
3364 1077 3379 1109 :
3432 1052 3757 1132 Ἀριστόξενος

2222 1152 2250 1206 ὃ
2269 1170 2510 1224 μουσικός
2528 1149 2581 1204 ἐν
2608 1149 2682 1203 τῶ
2704 1144 2967 1205 Ἰελέστου
2997 1140 3094 1222 βίῳ
3116 1139 3305 1221 φησὶν,
3330 1131 3524 1220 ᾧπερ
3500 1163 3555 1196 εν
3574 1138 3758 1197 Ἰταλία
3832 1166 3833 1169 “

2223 1232 2593 1311 συνεκύρησεν,
2622 1231 2723 1290 ὑπὸ
2747 1230 2836 1289 τὸν
2867 1228 3023 1288 αὐτὸν
3067 1229 3247 1306 καιρὸν
3287 1226 3559 1304 γιγνεσθαι
3600 1225 3759 1294 πάθη,

2222 1314 2293 1381 ὧν
2338 1321 2390 1379 ἓν
2420 1312 2552 1379 εἶναι
2580 1319 2670 1378 καὶ
2698 1318 2758 1377 τὸ
2784 1317 2905 1397 περὶ
2934 1315 3022 1380 τὰς
3047 1338 3297 1393 γυναικας
3334 1312 3615 1390 γενόμενον
3656 1310 3761 1369 ἄτο-

2224 1432 2348 1467 πον·
2381 1407 2648 1471 ἐκστάσεις
2674 1406 2776 1485 γὰρ
2817 1405 3084 1481 γίγνεσθαι
3122 1399 3396 1477 τοιαύτας,
3444 1399 3585 1458 ὥστε
3620 1398 3759 1456 ἐνίοτε

2223 1494 2519 1572 καθημένας
2564 1493 2652 1552 και
2694 1491 2995 1558 δειπνούσας
3045 1495 3114 1554 ὡς
3159 1491 3439 1553 καλοῦντος
3476 1485 3613 1551 τινὸς
3644 1489 3761 1541 ὓπα-

2223 1585 2420 1654 κούειν,
2461 1573 2571 1639 εἶτα
2612 1580 2842 1649 ἐκπηδᾶν
2881 1575 3268 1654 ἅκατασχέτους
3306 1571 3657 1651 γιγνομένας,
3687 1570 3763 1627 καὶ

2225 1670 2426 1747 τρέχειν
2457 1664 2601 1729 ἐκτὸς
2630 1667 2721 1734 τῆς
2758 1663 2975 1727 πόλεως.
3016 1657 3434 1735 Μαντευομένοις
3458 1656 3517 1714 δὲ
3548 1657 3653 1721 τοῖς
3674 1662 3763 1714 Λο-

2226 1763 2365 1834 κροῖς
2386 1776 2475 1811 και
2503 1751 2764 1826 Ῥηγίνοις
2792 1751 2910 1826 περὶ
2940 1753 3031 1819 τῆς
3074 1748 3389 1820 ἀπαλλαγης
3414 1748 3511 1802 τοῦ
3538 1742 3758 1807 πάθους,

2227 1844 2386 1898 εἰπεῖν
2428 1840 2513 1897 τὸν
2549 1836 2688 1909 θεον,
2720 1840 2957 1901 natam:
2999 1834 3138 1912 ᾄδειν
3170 1830 3399 1911 ἐαρινους
3428 1828 3759 1909 [δωδεκατης]

2226 1931 2330 2002 ἡμε
2318 1925 2501 2007 ’Ἄραςξ
2524 1922 2688 1986 Ὅθεν
2706 1921 2927 1986 πολλους
2946 1920 3180 1999 γενέσθαι
3198 1917 3637 1996 Παιανογραφου
3650 1918 3761 1980 ἔν’-ν

2230 2011 2450 2092 Ἰταλία.
2473 2018 2590 2072 Vox
2617 2011 2910 2078 δωδεκατης
2943 2010 3048 2084 (sic
3071 2009 3280 2081 absque
3301 2017 3543 2061 accentu
3571 2003 3758 2065 codex}

2230 2113 2529 2175 corrupta3
2548 2099 2815 2155 mendum
2841 2098 3010 2152 etiam
3032 2097 3194 2169 signo
3219 2093 3293 2149 ad
3314 2094 3631 2167 marginem
3652 2086 3760 2144 cod.

2229 2197 2473 2244 notatur.

2306 2273 2594 2347 Subjungo
2621 2272 2779 2325 locos
2806 2281 2951 2335 tres,
2980 2269 3052 2323 de
3099 2269 3378 2337 Lycurgo,
3428 2266 3686 2336 Hippone
3718 2270 3762 2311 et

2227 2361 2521 2413 Heraclide
2544 2360 2793 2424 Ροηῐίοο,
2830 2374 3076 2429 quorum
3098 2356 3237 2408 vitas
3256 2348 3762 2408 Aristoxenusscri-

2226 2448 2392 2520 psisse
2423 2447 2600 2501 videti
2642 2455 2860 2518 potest,
2891 2443 3142 2516 quamvis
3177 2441 3397 2495 idoneis
3434 2440 3520 2492 rei
3568 2433 3763 2490 indiciis

2226 2552 2456 2607 prorsus
2478 2533 2868 2588 destituamur.

2952 2622 3046 2693 37

2305 2740 2588 2794 Plutarch.
2620 2740 2865 2809 Lycurg.
2893 2754 2944 2790 c.
2980 2734 3074 2800 31,
3097 2732 3176 2787 6·
3212 2731 3543 2798 Τελευτῆσαι
3572 2748 3653 2782 τον
3674 2731 3761 2782 Αυ-

2227 2845 2503 2902 κουργον...
2488 2825 2755 2898 .Τιμαιος
2778 2820 2867 2877 καὶ
2894 2818 3234 2898 Ἀριστόξενος
3261 2815 3471 2897 (φασιν)
3500 2818 3558 2871 ἐν
3594 2810 3756 2889 Κρήτη

2230 2907 2661 2966 καταδιώσαντα·
2701 2929 2794 2963 και
2833 2906 2995 2984 τάφον
3038 2902 3378 2982 Ἀριστόξενος
3402 2904 3560 2959 αὐτοῦ
3593 2897 3757 2956 δείκνυ·

2229 2994 2348 3054 σθαί
2372 3017 2526 3075 φησιν
2549 2993 2650 3051 ὕπο
2678 2995 2897 3070 Κρητων
2925 2996 3020 3061 τῆς
3049 2990 3360 3069 Περγαμίας
3388 3011 3508 3068 περι
3534 2987 3627 3055 τὴν
3654 2983 3759 3051 {tvt-

2228 3085 2324 3153 κήν
2357 3081 2494 3139 ὁδόν.

2959 3173 3056 3231 38.

2305 3292 2637 3345 Censorinus
2660 3291 2744 3344 De
2764 3288 2856 3343 die
2886 3297 3003 3342 nat.
3031 3306 3082 3343 c.
3114 3285 3194 3340 5:
3222 3288 3468 3359 He'pponi
3490 3303 3620 3339 vem
3648 3282 3758 3335 Me-

2229 3384 2512 3450 tapontmo
2532 3394 2647 3441 seu,
2679 3387 2736 3428 ut
2757 3378 3114 3428 Aristoxenus
3131 3384 3325 3426 auctor
3339 3384 3444 3437 est,
3474 3372 3676 3431 Samio
3700 3380 3759 3416 et

2228 3464 2483 3518 medullis
2493 3461 2770 3536 profluere
2794 3478 2985 3514 semen
3012 3460 3250 3516 videtur.

2306 3551 2551 3604 Samium
2581 3548 2716 3602 dicit
2742 3549 2910 3601 etiam
2938 3546 3233 3603 Iamblich.
3264 3549 3330 3600 V.
3362 3547 3427 3600 P.
3457 3564 3520 3618 p.
3551 3541 3670 3599 216.
3691 3541 3760 3594 De

2229 3638 2562 3691 Aristoxeno
2615 3634 2839 3690 medico
2895 3635 3134 3708 cogitari
3177 3633 3358 3687 voluit
3394 3634 3660 3688 Meursius
3700 3623 3759 3678 ad

2703 3806 2885 3866 VITA
2929 3800 3312 3863 TELESTAE.

2950 3902 3038 3952 362

2293 3982 2599 4032 Aristoxenus
2623 3983 2835 4031 musicus
2862 3982 2910 4030 in
2940 3982 3050 4030 Vita
3082 3981 3315 4041 Telesta‘,
3344 3982 3550 4043 quicum
3578 3981 3622 4029 in
3652 3973 3760 4026 natis

2233 4059 2385 4119 vixit,
2410 4072 2509 4108 uno
2539 4060 2807 4121 eodemque
2838 4063 3058 4121 tempore
3079 4061 3351 4122 complures
3374 4059 3629 4120 contigisse
3652 4060 3763 4103 rasus

2233 4136 2395 4184 refert.
2432 4137 2564 4185 Unus
2599 4136 2878 4185 mulieribus
2916 4136 3091 4186 accidit
3134 4137 3408 4185 inusitatus.
3452 4138 3625 4185 Tentat
3657 4139 3760 4179 &¹¹¹

2232 4213 2362 4274 apud
2386 4226 2466 4263 eas
2490 4215 2780 4264 exstiterunt
2807 4216 2983 4263 mentis
3013 4215 3415 4274 abalienationes,
3452 4219 3509 4263 ut
3540 4203 3760 4274 aliqnando

2235 4290 2452 4340 sedentes
2474 4305 2531 4340 se
2548 4297 2822 4352 eoensntss,
2861 4296 3113 4342 vocantem
3137 4292 3350 4354 aliquem
3370 4305 3426 4341 se
3446 4290 3666 4340 exaudire
3682 4282 3759 4344 opi·

2235 4371 2386 4430 nata»,
2411 4368 2728 4430 proripuerint
2754 4382 2837 4430 se,
2858 4382 3013 4431 neque
3034 4369 3185 4418 teneri
3208 4369 3479 4430 potuerint,
3499 4370 3640 4428 atque
3652 4363 3759 4411 exin

2238 4444 2403 4493 urbem
2418 4446 2753 4506 procurresint.
2774 4445 3110 4495 Locriensibus
3124 4458 3268 4507 porro
3279 4447 3330 4494 et
3356 4444 3604 4507 Rheginis,
3619 4446 3760 4491 orwi-

2236 4522 2336 4570 luni
2356 4524 2446 4571 liae
2462 4523 2523 4571 de
2538 4536 2588 4572 re
2604 4524 2963 4573 consulentibus
2975 4522 3307 4586 ,respondisse
3318 4522 3503 4572 deum:
3520 4510 3761 4571 floemnali

2239 4599 2480 4658 futurum,
2516 4599 2556 4648 si
2583 4612 2774 4661 paeanss
2803 4599 2899 4649 deo
2929 4603 3157 4649 canerent
3191 4613 3368 4649 vernos
3403 4612 3490 4662 per
3523 4598 3621 4647 dies
3650 4600 3759 4644 seu·

2237 4674 2393 4735 ginta
2421 4677 2587 4736 ltaque
2606 4675 2748 4723 inde
2734 4677 2942 4725 initalia
2969 4676 3146 4725 munitos
3167 4676 3406 4726 exstitisse
3435 4685 3651 4737 paesnum
3669 4677 3760 4716 sen·

2239 4752 2413 4811 ptores.

2990 4924 3077 4973 37

2304 5008 2571 5067 Lycurgum
2598 5007 2646 5055 in
2683 5010 2824 5056 Creta
2851 5007 2978 5055 diem
3000 5005 3175 5055 obiisse
3194 5006 3365 5056 dicunt
3396 5007 3603 5057 'rimaeus
3622 5006 3667 5054 et
3684 4998 3759 5051 Ari·

2246 5084 2501 5141 stoxenus,
2527 5085 2670 5144 atque
2686 5082 2958 5143 sepulerum
2988 5082 3091 5142 eius
3121 5083 3438 5132 Aristoxenus
3459 5084 3527 5131 ait
3548 5071 3760 5131 monsmfl

2248 5171 2275 5203 a
2297 5158 2599 5207 Cretensibus
2636 5159 2894 5219 Pergamiae
2912 5158 2971 5207 ad
3000 5159 3127 5207 vium
3160 5172 3271 5220 quse
3310 5161 3559 5223 Peregrina
3578 5158 3758 5207 vocetur
