3900 6042
1120 475 2390 612 MEGASTHENES.

174 983 211 1043 J
218 989 483 1042 ustinus
502 988 610 1042 XV
628 1028 644 1056 ,
668 992 722 1054 4,
749 986 820 1040 de
840 986 1072 1041 Seleuco
1096 987 1358 1042 Nicatore
1391 1007 1403 1041 ε
1433 988 1622 1041 Multa
1653 994 1710 1042 in
1806 989 1953 1042 inter
1985 988 2327 1062 recentiores
2352 987 2514 1042 multi
2552 988 2991 1057 contenderunt,
3020 988 3226 1054 scilicet
3250 992 3355 1047 Se·

78 1081 331 1130 oriente
348 1087 513 1148 post
535 1076 855 1128 divisionem
881 1079 1025 1126 inter
1045 1079 1220 1128 socios
1247 1079 1407 1145 regni
1436 1076 1709 1128 Macedo·—
1802 1075 2022 1128 leucum
2075 1073 2227 1128 bello
2274 1074 2383 1127 hoc
2429 1074 2486 1127 in
2531 1074 2771 1128 mediam
2815 1074 3033 1129 Indiam
3082 1093 3256 1148 usque
3283 1078 3357 1133 ad

86 1168 217 1222 πίοι·
242 1164 425 1216 bella
453 1166 650 1235 gessit.
679 1162 968 1232 Principio
986 1162 1357 1231 Baio-[oniam
1381 1167 1523 1234 cepit
1545 1180 1564 1214 :
1587 1163 1713 1215 inde

92 1254 289 1304 auctis
321 1267 414 1302 ex
447 1253 697 1302 victoria
732 1244 967 1313 viribus,
1004 1249 1330 1301 Bactrianos
1351 1254 1706 1320 expugnavit.

100 1335 468 1390 Transitum
497 1336 705 1389 deinde
724 1340 783 1388 in
809 1336 1031 1388 Indiam
1035 1333 1216 1405 secie,
1245 1354 1373 1407 quoe
1384 1347 1515 1409 post
1556 1355 1712 1390 mor-

97 1435 213 1477 tem
240 1423 624 1486 Alexandri,
660 1424 836 1476 veluti
857 1423 1149 1475 cenvicibus
1157 1428 1301 1495 jugo
1325 1427 1585 1476 servitutis
1612 1442 1708 1477 ex·

99 1530 291 1575 russo,
334 1505 678 1583 praefectos
717 1515 837 1579 ejus
865 1510 1162 1566 occiderat.
1201 1513 1408 1563 Auctor
1446 1507 1713 1563 libertatis

98 1594 759 1664 Sanch-ocottussuemt
786 1616 803 1648 .·
828 1598 932 1649 sed
948 1598 1163 1650 titulum
1195 1597 1463 1651 libertatis
1486 1608 1613 1669 post
1632 1603 1707 1650 vi-

102 1691 359 1738 ctoriam
395 1689 467 1737 in
499 1689 807 1737 set-vitutem
835 1695 1099 1739 verterat.
1135 1683 1417 1756 Siquidem
1446 1695 1714 1757 occupato

102 1789 314 1840 regum
358 1772 659 1843 populum
678 1809 694 1834 ,
741 1788 900 1841 quem
943 1767 1017 1823 ab
1069 1781 1301 1824 externa
1336 1771 1713 1824 dominatione

112 1859 555 1922 vindicaverat,
585 1863 702 1930 ipse
717 1862 932 1910 servitio
936 1859 1272 1929 premebat..
1286 1898 1299 1911 .
1324 1859 1417 1912 Sic
1437 1862 1712 1929 acquisito

108 1965 309 2016 regno,
354 1945 778 1999 Sandrocottus
811 1964 881 1997 ea
924 1956 1256 2017 tempestate,
1303 1964 1415 2015 qua
1456 1945 1714 1998 Seleucus

113 2030 334 2094 Γαῖαν-ω
366 2032 788 2105 magnitudinis
789 2028 1169 2101 fundamenta
1183 2032 1458 2101 jaciebat,
1484 2034 1712 2086 Indiam

108 2119 478 2190 possidebat,
525 2137 647 2172 cum
671 2138 777 2191 quo
785 2115 957 2188 sacta
964 2123 1230 2193 pactione
1255 2118 1530 2186 Seleucia,
1565 2139 1715 2174 com-

114 2211 444 2278 positisque
464 2210 531 2258 in
555 2205 776 2259 Oriente
794 2207 952 2259 rebus
965 2247 978 2272 ‚
1020 2211 1078 2259 in
1103 2207 1304 2259 bellum
1326 2209 1591 2280 Antigoni
1609 2208 1712 2259 de-

120 2294 346 2347 scendit
377 2291 397 2365 (
421 2292 547 2347 302
573 2311 623 2349 a.
647 2293 707 2347 C.
726 2293 763 2364 ).

203 2380 435 2433 Praeter
485 2380 776 2434 Justinum
809 2381 979 2448 belli,
1019 2379 1175 2452 quod
1213 2380 1475 2437 Seleucus
1518 2392 1714 2438 contra

130 2466 596 2521 Sandrocottam
639 2468 753 2522 sive
799 2467 1300 2541 Chondragyptam
1350 2468 1437 2542 (v,
1476 2479 1596 2524 not.
1643 2470 1716 2525 ad

132 2551 199 2606 fr.
227 2553 294 2626 α)
318 2594 336 2621 ,
372 2554 713 2610 Prasiorum
743 2554 890 2628 sive,
924 2566 987 2608 ut
1011 2553 1205 2608 Indice
1240 2555 1456 2627 loquar,
1488 2556 1716 2629 Prakja-

138 2657 265 2693 rum
294 2639 361 2714 (¹⁵)
395 2659 602 2714 regem
623 2681 639 2708 ,
669 2642 858 2714 gessit,
885 2642 1226 2696 mentionem
1256 2642 1464 2697 faciunt
1497 2646 1717 2718 Appia-

140 2744 245 2780 nus
266 2729 398 2800 Syr.
435 2749 489 2785 c.
525 2727 601 2783 55
630 2744 643 2783 :
671 2723 991 2802 (Σέλευκος)
1012 2725 1098 2783 τὸν
1136 2725 1296 2784 Ἰνδὸν
1334 2727 1567 2806 περάσας
1592 2731 1713 2786 ino·

142 2809 377 2884 λέμησεν
402 2811 799 2891 Σανδρακόττῳ
828 2815 1038 2889 βασιλεῖ
1062 2815 1162 2869 τῶν
1189 2814 1307 2891 περὶ
1338 2815 1489 2872 αὐτὸν
1519 2814 1714 2887 Ἰνδῶν,

147 2896 301 2974 μέχρι
332 2899 521 2977 φιλίαν
553 2901 697 2976 αὐτῷ
734 2898 824 2956 καὶ
861 2900 1012 2969 κ’ῆδος
1054 2898 1316 2958 συνέθετο·
1355 2905 1555 2959 Strabo
1583 2906 1718 2975 XV,

149 3003 208 3056 p.
232 2993 343 3055 724
378 3006 393 3041 ε
428 2983 645 3043 Ἔδωκε
664 2985 717 3042 δὲ
747 2983 1000 3051 Σέλευκος
1023 2990 1050 3044 ὃ
1069 2986 1316 3065 Νικάτωρ
1347 2988 1720 3067 Σανδρακόττῳ

153 3073 258 3140 (sc.
289 3092 565 3147 magnam
589 3073 810 3128 Arianae
836 3086 1069 3148 partem.
1099 3076 1182 3131 cf.
1206 3094 1264 3147 p.
1285 3075 1400 3148 689
1427 3093 1441 3132 :
1465 3072 1720 3155 οὝστερον

150 3154 235 3210 καὶ
264 3159 356 3225 τῆς
386 3156 635 3236 Ἀριανῆς
652 3157 847 3227 πολλὴν
868 3156 1019 3236 ἔσχον
1044 3161 1090 3216 οἱ
1113 3158 1290 3229 Ἰνδοὶ,
1314 3158 1556 3224 λαδόντες
1576 3159 1720 3238 παρὰ

156 3245 254 3297 τῶν
282 3243 669 3322 Μακεδόνων),
689 3243 987 3320 συνθέμενος
1009 3245 1292 3322 ἐπιγαμίαν
1310 3246 1401 3302 καὶ
1430 3245 1720 3303 ἀντιλαὸὼν

159 3325 441 3406 ἐλέφαντας
479 3330 853 3395 πεντακοσίους
900 3334 1172 3407 (quorum
1195 3335 1599 3390 Sandrocottus
1617 3337 1721 3390 ha-

165 3414 329 3472 bebat
358 3438 542 3491 9000.
572 3421 783 3474 Plinius
815 3422 889 3475 v1
910 3462 926 3489 ,
964 3440 1036 3476 22
1057 3464 1073 3495 ‚
1122 3422 1218 3496 5);
1250 3423 1531 3476 Plutarch.
1559 3423 1718 3481 Alex.

174 3501 242 3555 62
283 3523 296 3557 ε
328 3501 698 3582 Ἀνδρόκοττος
734 3504 836 3583 γὰρ
874 3503 1085 3585 ὕστερον
1114 3508 1172 3564 οὐ
1201 3507 1379 3585 πολλῷ
1411 3506 1724 3584 βασιλεύσας

170 3587 405 3668 Σελεύκῳ
432 3589 806 3657 πεντακοσίους
822 3590 1102 3670 ἐλέφαντας
1126 3592 1442 3671 ἐδωρήσατο,
1461 3592 1551 3650 καὶ
1572 3616 1723 3673 στρα-

170 3677 252 3727 τοῦ
283 3676 532 3753 μυριάσιν
574 3675 821 3746 ἑξήκοντα
848 3677 943 3748 τὴν
988 3678 1212 3746 Ἰνδικὴν
1243 3681 1461 3748 ἐπῆλθεν
1510 3679 1724 3738 ἅπασαν

172 3763 666 3841 καταστρεφόμενος.
730 3768 851 3821 Alia
897 3768 1150 3839 quaedam
1199 3768 1349 3822 dona
1385 3770 1513 3824 satis
1552 3770 1721 3837 mira,

177 3859 292 3915 quae
335 3849 405 3904 ad
432 3852 732 3907 Seleucum
767 3853 1169 3909 Sandrocottus
1202 3855 1439 3923 miserit,
1472 3875 1724 3911 comme-

92 3983 95 3998 ,
178 3946 352 3989 morat
376 3937 724 4010 Phylarchus
744 3937 845 4012 (fr.
872 3939 965 4013 385
989 3959 1083 4013 ap.
1104 3941 1431 3997 Athenaeum
1467 3962 1524 4015 p.
1552 3943 1621 3998 18
1648 3946 1719 3998 D.
1762 3925 1777 4010 l

253 4017 539 4078 Diodorus
584 4024 735 4079 libro
775 4026 889 4080 XX
937 4027 1153 4081 Seleuci
1196 4046 1285 4082 res
1327 4047 1610 4101 exponens
1654 4030 1726 4085 de

185 4100 328 4158 bello
354 4109 550 4165 lndico
585 4130 655 4166 ne
677 4112 853 4166 verbo
877 4113 1106 4184 quidem
1130 4117 1368 4168 monuit.
1400 4118 1602 4171 Mirum
1628 4137 1726 4172 au-

100 4221 103 4264 ;
196 4199 299 4243 tem
324 4193 467 4251 soret
496 4210 609 4253 tam
633 4199 818 4253 obiter
848 4218 881 4254 a
902 4201 1130 4274 reliquis
1152 4220 1340 4256 rerum
1363 4205 1728 4277 scriptoribus

193 4279 597 4347 expeditionem
626 4287 783 4342 istam
818 4288 1047 4362 attingi,
1076 4290 1120 4342 si
1146 4307 1341 4343 verum
1378 4304 1543 4361 esset,
1571 4293 1728 4364 quod

254 4437 311 4498 (Ἴ
334 4442 549 4495 Proxime
570 4446 630 4495 ad
660 4447 868 4507 Prakiae
892 4448 956 4507 (i.
991 4463 1035 4499 e.
1065 4452 1368 4512 orientales)
1402 4465 1575 4502 nornen
1612 4453 1729 4503 indi·

200 4515 303 4554 cum
346 4514 525 4564 accedit
568 4516 858 4577 adiectivum
898 4521 1152 4581 Πραξιακός
1197 4533 1272 4583 ap.
1321 4522 1491 4571 AElian.
1539 4525 1598 4573 H.
1640 4531 1730 4574 An.

206 4572 375 4636 ΧἮΠ,
404 4585 461 4629 39
483 4585 800 4647 (megasium.
827 4588 882 4635 fr.
916 4594 965 4636 11
1000 4589 1128 4649 init).
1169 4593 1352 4639 Nomen
1382 4591 1731 4640 substantivum

208 4639 313 4691 soret
334 4649 529 4714 ΙΙράξιοι,
554 4655 699 4717 idque
719 4658 1118 4706 Schwanbeckius
1134 4661 1475 4720 (Megasthenis
1497 4661 1657 4710 ludica
1681 4674 1729 4723 p.

213 4712 596 4774 ¹²li>r0babiliter
621 4729 783 4775 censet
814 4727 1160 4777 restituendum
1202 4743 1302 4778 esse
1325 4744 1401 4791 ap.
1440 4732 1732 4792 Stephanum

218 4777 336 4860 35²3,
370 4786 447 4835 uhi
480 4792 665 4842 codices
698 4795 822 4845 inter
852 4809 993 4844 voces
1027 4798 1245 4858 Πράξιλος
1281 4803 1329 4848 et
1366 4804 1488 4863 Πρᾶς
1529 4801 1732 4851 mediam

215 4848 417 4902 exhibent
433 4869 594 4911 vocem
616 4863 829 4925 Πράσιοι.
851 4867 1074 4916 ceterum
1098 4866 1293 4928 Πράσιοι
1311 4867 1578 4920 dicuntura
1600 4874 1733 4921 stra·

218 4907 589 4998 ι’(’ΜέχΑιι-ιῆιιιο,
613 4931 795 4993 Plinio;
819 4935 1036 4995 Πραίσιοι
1063 4947 1141 4996 ap.
1166 4936 1405 4986 Plutarch.
1427 4939 1543 4988 Alex
1594 4953 1637 4986 c.
1673 4947 1733 4988 62

222 4982 264 5024 et
293 4985 509 5064 &nanum
548 5000 748 5062 saepius3
776 5003 1049 5064 Πραύσιοιο
1084 5004 1276 5054 Nicolao
1309 5010 1443 5058 Dum.
1480 5022 1557 5070 ap.
1597 5010 1731 5058 Stob.

224 5047 789 5131 ΡΙοηΙ.37,38;Βρείσιοι
823 5075 872 5120 et
906 5073 1113 5134 Βραίσιοι
1137 5073 1244 5123 libri
1265 5088 1377 5124 mss.
1414 5090 1490 5140 ap.
1538 5078 1730 5126 Diodor.

226 5115 371 5183 xlm,
392 5131 774 5190 9³3Pharrasii
794 5153 870 5202 ψ.
888 5144 1024 5191 curt.
1061 5145 1152 5199 tx.
1176 5150 1203 5192 2
1220 5179 1236 5206 ,
1271 5153 1325 5203 ὃς
1366 5147 1620 5196 Ριττεὲάιε
1655 5161 1731 5209 ap.

230 5185 379 5241 sinum.
399 5199 495 5262 xu,
516 5211 557 5254 s.
577 5213 624 5255 9.

1801 1160 2049 1235 Gangem
2078 1171 2134 1215 et
2157 1160 2479 1214 Palibothra
2500 1161 2717 1228 urbem,
2738 1160 2875 1233 quid
2891 1202 2906 1228 ,
2931 1180 3104 1233 usque
3128 1163 3199 1217 ad
3219 1166 3356 1218 ostia

1802 1248 2004 1320 Gangis
2026 1266 2139 1302 esse
2156 1265 2510 1320 progressum
2529 1289 2544 1314 ,
2568 1247 2812 1319 ideoque
2835 1248 3003 1321 longe
3031 1235 3158 1321 post
3188 1269 3245 1304 se
3265 1231 3366 1305 re-'

1802 1333 2022 1406 liquisse
2044 1333 2444 1389 Alexandrum.
2473 1338 2545 1388 At
2571 1351 2772 1388 vanam
2790 1335 3000 1389 hancce
3028 1337 3356 1409 opinionem

1795 1420 1908 1491 jum
1941 1422 2265 1475 refellerant
2313 1420 2600 1478 Lassenius
2634 1423 2719 1476 De
2753 1423 3044 1494 pentapoli
3078 1423 3204 1481 lnd.
3252 1425 3318 1479 61
3340 1467 3356 1493 ‚

1804 1514 1870 1562 A.
1897 1509 1961 1564 G.
1983 1509 2254 1582 Selilegel.
2281 1510 2338 1563 in
2362 1510 2617 1562 Bet-liner
2644 1509 2927 1563 Calender
2959 1511 3133 1582 1829,
3164 1530 3224 1583 p.
3280 1511 3344 1566 31

1805 1592 2166 1666 (quamquam
2195 1594 2614 1649 contradicente
2659 1594 2885 1667 Benfey.
2939 1596 3000 1648 in
3043 1596 3238 1654 Ersch.
3295 1616 3352 1654 u.

1807 1682 2036 1735 Gruber.
2070 1682 2297 1753 Eneycl.
2339 1700 2393 1737 v.
2429 1683 2631 1734 Indien
2673 1699 2729 1753 p.
2771 1680 2907 1755 67),
2952 1692 3007 1736 et
3035 1686 3358 1755 nuperrime

1802 1768 2339 1822 Schwanbeckiusin
2363 1769 2510 1822 libro
2525 1768 2690 1821 bonae
2713 1768 2885 1846 frugis
2904 1768 3106 1840 pleno,
3140 1772 3236 1842 qui
3269 1772 3358 1825 in·

1801 1856 2063 1908 scribitur
2107 1855 2495 1928 Megasthenis
2531 1857 2730 1908 Indica
2773 1856 2977 1926 (Bonn.
3034 1855 3233 1930 1846).
3273 1862 3356 1914 Ac

1801 1942 2043 2014 primum
2076 1942 2306 2014 quidem
2351 1941 2817 1996 Schwanbeckius
2858 1960 2919 2014 p.
2960 1945 3026 1998 13
3059 1954 3250 1998 monet
3286 1944 3358 1999 de

1804 2029 1933 2084 loco
1959 2030 2159 2082 Justini
2197 2031 2253 2097 1,
2287 2046 2352 2094 α,
2387 2047 2484 2094 ιο,
2513 2030 2609 2082 ubi
2630 2039 2833 2101 praeter
2857 2030 3278 2085 Semiramidem
3303 2043 3356 2086 et

1802 2115 2185 2170 Alexandrum
2213 2116 2430 2170 Indiam
2459 2134 2627 2170 nemo
2659 2117 2886 2169 intrasse
2927 2116 3163 2186 dicitur,·
3209 2119 3361 2173 unde
3423 2113 3432 2118 ⁶

1803 2214 2068 2275 appareat
2094 2204 2308 2257 Seleuci
2334 2204 2748 2275 expeditionem
2779 2212 2889 2256 tam
2911 2203 3087 2258 levem
3113 2223 3144 2259 a
3171 2207 3358 2280 Trogo

1804 2292 2169 2344 existimatam
2190 2309 2325 2357 esse,
2339 2301 2401 2344 ut
2424 2309 2494 2344 ne
2515 2289 2819 2344 Alexandri
2840 2290 3068 2362 quidem
3084 2292 3235 2346 bello
3252 2295 3349 2347 In-

1807 2376 1938 2431 dico
1955 2395 2059 2450 par
2078 2379 2145 2431 sit
2164 2376 2254 2452 (³).
2283 2379 2463 2432 Porro
2491 2380 2789 2432 Arrianum
2814 2380 2908 2444 ait,
2926 2379 2968 2432 si
2990 2379 3356 2452 longinquam

1806 2465 1962 2519 istam
1988 2461 2203 2532 Seleuci
2230 2464 2640 2538 expeditionem
2666 2475 3009 2538 compertam
3047 2466 3356 2534 habuisset,

1807 2551 1960 2606 haud
1985 2551 2157 2605 dubie
2187 2553 2346 2607 aliter
2383 2554 2706 2607 locuturum
2730 2551 2890 2606 fuisse
2928 2552 2985 2604 in
3015 2550 3224 2606 Indicis
3252 2553 3363 2606 suis

1812 2638 1883 2714 (c.
1911 2637 1967 2708 5,
1996 2637 2059 2712 l.)
2083 2678 2100 2706 ,
2127 2640 2226 2693 uhi
2249 2641 2659 2713 Megasthenem
2691 2639 2767 2692 ait
2792 2656 2908 2691 non
2927 2639 3161 2693 multum
3187 2639 3362 2694 Indiae

1808 2742 2129 2798 peragrasse
2144 2725 2215 2779 πλ
2226 2722 2283 2791 ν’,ν
2312 2745 2370 2798 γε
2400 2721 2479 2780 ὅτι
2501 2721 2744 2792 πλεῦναῆ
2765 2725 2812 2779 οἱ
2841 2721 2923 2789 ξὺν
2946 2721 3266 2802 Ἀλεξάνδρῳ
3288 2728 3364 2802 τῷ

1810 2810 2083 2870 Φιλίππου
2109 2808 2418 2874 ἐπελθόντες.
2452 2814 2580 2883 Quo
2614 2813 2740 2866 loco
2775 2813 2953 2865 multo
2981 2813 3162 2884 aptius
3194 2823 3249 2867 et
3285 2814 3364 2868 fa-

1808 2899 1967 2953 cilius
1990 2917 2118 2952 cum
2147 2899 2381 2954 Seleuco
2406 2899 2813 2986 Megasthenem
2839 2910 3036 2952 auctor
3069 2917 3363 2972 compara-

1810 2986 1972 3039 visset
1995 2983 2124 3058 (“).
2145 2987 2308 3039 Mitto
2340 2987 2442 3039 alia
2475 2987 2697 3040 levioris
2717 2987 2988 3039 momenti
3017 2986 3243 3054 indicia,
3262 3006 3368 3042 ne-

1813 3090 1924 3144 que
1956 3071 2146 3127 denuo
2188 3073 2246 3130 h.
2296 3074 2334 3126 l.
2380 3090 2662 3145 exponere
2695 3072 2880 3143 juvat,
2918 3072 3251 3144 quibusnam
3293 3074 3365 3130 de

1813 3160 1989 3213 causis
2027 3178 2131 3232 per
2157 3177 2214 3214 se
2253 3160 2628 3232 improbabile
2667 3179 2900 3233 prorsus
2930 3162 3029 3228 sit,
3070 3180 3246 3234 usque
3291 3160 3365 3215 ad

1811 3247 2141 3321 Gangeticas
2179 3248 2433 3321 regiones
2462 3263 2612 3303 arma
2641 3267 2671 3302 a
2714 3249 2947 3304 Seleuco
2972 3249 3190 3320 prolata
3230 3267 3362 3308 esse.

1874 3408 1942 3469 (Ἴ
1970 3411 2205 3458 Praeterea
2215 3408 2616 3458 Schwanbeckius
2634 3422 2682 3470 p.
2713 3413 2765 3458 14
2786 3409 2964 3458 attendi
2980 3408 3118 3470 jubet
3140 3408 3202 3458 ad
3220 3410 3367 3458 verba

1813 3479 2011 3540 Appiani
2037 3480 2067 3528 Ι.
2092 3479 2143 3541 1.,
2169 3479 2248 3527 ubi
2268 3493 2418 3541 quum
2442 3480 2778 3528 sandrat-ottus
2799 3493 2969 3542 parum
2989 3482 3212 3528 accurate
3233 3480 3363 3528 dica-

1813 3548 1892 3594 tur
1925 3548 2143 3608 βασιλεὺς
2179 3553 2274 3596 τῶν
2297 3551 2399 3611 περὶ
2426 3549 2505 3597 τὸν
2545 3547 2686 3597 Ἰνδὸν
2711 3548 2880 3606 Ἰνδῶν,
2911 3561 2970 3596 eo
2993 3549 3093 3609 ipso
3115 3548 3364 3609 significari

1815 3615 1964 3663 videri
1983 3617 2163 3666 bellum
2186 3617 2234 3664 in
2255 3617 2429 3665 tinibus
2447 3616 2592 3665 indiae
2615 3619 2800 3678 gestum
2823 3617 2980 3665 fuisse.
3005 3620 3105 3666 Hoc
3124 3617 3257 3665 nihili
3277 3620 3364 3665 est.

1815 3688 1933 3735 Nam
1956 3687 2195 3749 Appianus
2212 3686 2352 3735 habet
2377 3706 2388 3735 :
2416 3692 2509 3735 τῶν
2530 3689 2631 3749 περὶ
2654 3688 2791 3736 αὐτὸν
2811 3687 2984 3747 Ἰνδῶν,
3006 3687 3077 3735 uti
3104 3687 3203 3747 ipse
3221 3687 3366 3734 etiam

1814 3755 2216 3805 Schwanbeckius
2234 3757 2418 3817 scripfflt
2443 3769 2488 3818 p.
2519 3763 2588 3805 13.

1878 3825 1965 3884 (**)
1985 3824 2256 3886 Gangetica}
2273 3825 2559 3887 expeditioni
2583 3825 2741 3874 favere
2756 3822 2904 3872 videri
2925 3824 3071 3885 possit
3088 3824 3219 3872 locus
3244 3825 3361 3871 Mu-

1815 3892 2133 3944 drdrdxasae
2153 3895 2400 3944 comoedioe
2447 3895 2614 3943 indicae
2630 3932 2645 3954 ,
2670 3894 2753 3943 ubi
2774 3895 2878 3942 haec
2903 3894 3010 3953 (ap.
3037 3895 3225 3940 Lassen.
3251 3894 3366 3939 Pen-

1814 3965 1912 4026 tap.
1932 3978 1982 4026 p.
2003 3967 2091 4024 61)
2113 3983 2125 4013 :
2165 3982 2190 4006 «ι
2229 3968 2325 4014 Est
2371 3967 2568 4013 interea
2607 3963 2845 4013 omnibus
2884 3963 3101 4015 Circeis,
3138 3962 3368 4015 JAVANts,

1819 4033 2087 4094 Comboqis
2104 4069 2119 4090 ,
2179 4035 2375 4088 Persis,
2439 4034 2733 4082 Bactrianis
2770 4032 3050 4091 ceterisque
3099 4027 3366 4076 Cleandru-

1814 4106 1990 4164 mtptoe
2007 4107 2055 4150 et
2073 4105 2203 4164 που
2227 4107 2490 4163 reqionum
2511 4104 2880 4150 montanorum
2915 4100 3069 4158 copiis
3101 4095 3367 4144 undecun-

1816 4185 1913 4234 que
1930 4174 2259 4220 circumsessa
2281 4171 2403 4220 urbs
2429 4175 2807 4230 Cusumapura,
2827 4169 2860 4213 i.
2881 4179 2923 4214 e.
2951 4166 3257 4225 Pataliputra,
3283 4167 3369 4210 Pa·

1819 4239 2093 4289 limbothra.
2113 4259 2137 4282 ιι
2159 4243 2218 4289 At
2242 4259 2266 4282 σι
2287 4239 2520 4288 comoedia
2534 4238 2621 4287 ista
2652 4233 3082 4296 (schwanbeckius
3100 4245 3148 4293 p.
3175 4236 3231 4280 18
3250 4231 3368 4291 ait),

1817 4312 1855 4358 si
1905 4308 2104 4357 vilsonii
2154 4310 2484 4358 auctoritatem
2525 4306 2736 4368 sequaris
2752 4341 2765 4364 ,
2805 4304 2980 4352 saecuio
3023 4300 3208 4348 decimo
3259 4304 3374 4360 post

1771 4405 1779 4429 ι
1819 4379 2060 4428 ehi-istum
2077 4379 2251 4439 scripta
2270 4381 2367 4436 est,
2391 4377 2556 4425 decem
2576 4379 2703 4423 certe
2722 4371 2912 4421 steculis
2946 4372 3051 4432 post
3077 4368 3259 4417 Seleuci
3278 4381 3373 4415 ex-

1820 4448 2125 4511 peditionem.
2151 4451 2342 4509 ltaque,
2362 4460 2510 4508 quum
2535 4459 2596 4493 ne
2617 4442 2918 4492 historiarum
2934 4438 3127 4499 quidem
3152 4436 3260 4484 libri
3285 4441 3371 4484 ln-

1820 4521 1912 4570 dici
1924 4522 2132 4582 aliquam
2145 4521 2192 4568 in
2210 4521 2401 4569 historia
2412 4520 2744 4568 auctoritatem
2754 4514 2978 4570 habeant,
2989 4510 3103 4572 quid
3115 4509 3374 4558 comcrdioe

1821 4592 2163 4650 demonstrent,
2185 4592 2290 4650 post
2309 4588 2458 4636 multa
2473 4586 2650 4635 samnia
2677 4582 2954 4641 conscriptae
2966 4581 2988 4626 P
3007 4582 3222 4636 Javauae,
3237 4577 3382 4637 quod

1822 4659 2016 4720 quidem
2060 4660 2319 4720 posteriore
2359 4661 2571 4718 tempore
2601 4654 2749 4702 etiam
2785 4654 3058 4699 Graecorum
3081 4649 3152 4695 est
3194 4659 3385 4727 nomen

1824 4729 2063 4788 indicum,
2078 4731 2289 4791 tempore
2307 4728 2404 4788 jam
2424 4723 2757 4786 antiquissimo
2776 4733 2889 4780 gens
2909 4716 3129 4779 quoedam
3149 4729 3386 4763 nomina·-

1822 4802 1922 4859 tur,
1946 4812 2092 4860 quam
2136 4797 2237 4846 ludi
2259 4796 2307 4846 in
2328 4795 2499 4844 tinibus
2521 4793 2669 4844 indiae
2689 4791 2815 4838 inter
2846 4798 3066 4835 oceasum
3087 4787 3137 4833 et
3171 4788 3390 4845 septem·

1823 4870 2026 4918 trionem
2059 4868 2269 4916 habitare
2299 4866 2578 4923 perliibent3
2603 4862 2877 4919 eademque
2902 4857 3000 4915 jam
3022 4853 3156 4932 apud·
3178 4856 3396 4932 Manum

1824 4941 1886 4998 Χ,
1907 4942 1967 4986 423
1993 4950 2086 4986 una
2112 4950 2224 4985 cum
2248 4934 2497 4995 cambagis
2512 4969 2527 4994 ,
2549 4930 2716 4987 sacis,
2736 4924 2954 4984 Pan-adis,
2968 4923 3185 5000 Pahiavis
3202 4924 3402 4971 curatis

1824 5009 1947 5057 inter
1967 5006 2183 5066 xatrigas
2199 5004 2484 5067 depravatos
2509 4999 2827 5050 enumeratur
2846 4993 2936 5052 (Cf.
2960 4995 3149 5040 bassan.
3171 5002 3223 5036 in
3242 4992 3348 5038 Zei
3358 4997 3406 5071 1¹·-

1824 5074 2010 5135 schrift
2016 5074 2121 5132 fiir
2136 5073 2187 5121 d.
2207 5073 2386 5122 Kunde
2410 5072 2496 5121 des
2518 5063 2918 5128 Moryenlamtes
2933 5097 2947 5120 ,
2970 5062 3054 5114 nt,
3076 5070 3123 5118 p.
3143 5060 3235 5104 245
3249 5058 3290 5115 ).
3315 5062 3413 5108 isti

1825 5147 1968 5206 igitur
1990 5146 2184 5191 Javanae
2211 5143 2304 5191 hoc
2328 5153 2521 5203 quoque
2542 5139 2655 5187 loco
2689 5129 2984 5192 intelligendi
3002 5129 3142 5182 sunt,
3169 5138 3276 5184 quo
3302 5141 3418 5177 una

1824 5235 1936 5269 runi
1965 5219 2127 5268 iisdem
2156 5219 2406 5280 gentibuS,
2425 5215 2727 5278 quibuscum
2771 5208 2954 5263 soient,
2982 5205 3363 5251 enumerantur.
3399 5227 3424 5247 .,
