<?xml version="1.0" encoding="UTF-8"?>
<!DOCTYPE html PUBLIC "-//W3C//DTD XHTML 1.0 Transitional//EN"
    "http://www.w3.org/TR/xhtml1/DTD/xhtml1-transitional.dtd">
<html xmlns="http://www.w3.org/1999/xhtml" xml:lang="en" lang="en">
 <head>
  <title>
</title>
<meta http-equiv="Content-Type" content="text/html;charset=utf-8" />
  <meta name='ocr-system' content='tesseract 3.04.00' />
  <meta name='ocr-capabilities' content='ocr_page ocr_carea ocr_par ocr_line ocrx_word'/>
</head>
<body>
  <div class='ocr_page' id='page_1' title='image "./fragmentahistor03unkngoog_0466.png"; bbox 0 0 3900 6042; ppageno 0'>
   <div class='ocr_carea' id='block_1_1' title="bbox 1474 396 1968 462">
    <p class='ocr_par' dir='ltr' id='par_1_1' title="bbox 1474 396 1968 462">
     <span class='ocr_line' id='line_1_1' title="bbox 1474 396 1968 462; baseline 0.002 -2"><span class='ocrx_word' id='word_1_1' title='bbox 1474 396 1968 462; x_wconf 74' lang='lat' dir='ltr'><strong>FRAGMENTA.</strong></span> 
     </span>
    </p>
   </div>
   <div class='ocr_carea' id='block_1_2' title="bbox 3172 401 3292 455">
    <p class='ocr_par' dir='ltr' id='par_1_2' title="bbox 3172 401 3292 455">
     <span class='ocr_line' id='line_1_2' title="bbox 3172 401 3292 455; baseline -0.017 0"><span class='ocrx_word' id='word_1_2' title='bbox 3172 401 3292 455; x_wconf 65' lang='lat' dir='ltr'><strong>Ala</strong></span> 
     </span>
    </p>
   </div>
   <div class='ocr_carea' id='block_1_3' title="bbox 139 521 3314 614">
    <p class='ocr_par' dir='ltr' id='par_1_3' title="bbox 139 521 3314 614">
     <span class='ocr_line' id='line_1_3' title="bbox 139 521 3314 614; baseline -0.004 -18"><span class='ocrx_word' id='word_1_3' title='bbox 139 542 163 614; x_wconf 83' lang='grc'>’(</span> <span class='ocrx_word' id='word_1_4' title='bbox 178 545 212 596; x_wconf 85' lang='lat' dir='ltr'>i.</span> <span class='ocrx_word' id='word_1_5' title='bbox 251 559 294 595; x_wconf 88' lang='lat' dir='ltr'>e.</span> <span class='ocrx_word' id='word_1_6' title='bbox 335 538 598 593; x_wconf 76' lang='lat' dir='ltr'><strong>doctrinae</strong></span> <span class='ocrx_word' id='word_1_7' title='bbox 626 555 792 593; x_wconf 73' lang='lat' dir='ltr'><strong>sacrae</strong></span> <span class='ocrx_word' id='word_1_8' title='bbox 832 532 1121 611; x_wconf 79' lang='lat' dir='ltr'><strong>homines)</strong></span> <span class='ocrx_word' id='word_1_9' title='bbox 1154 534 1433 608; x_wconf 76' lang='lat' dir='ltr'><strong>explicare</strong></span> <span class='ocrx_word' id='word_1_10' title='bbox 1452 534 1667 588; x_wconf 85' lang='lat' dir='ltr'><strong>malue-</strong></span> <span class='ocrx_word' id='word_1_11' title='bbox 1763 534 1826 608; x_wconf 87' lang='lat'>(7)</span> <span class='ocrx_word' id='word_1_12' title='bbox 1856 522 2005 591; x_wconf 71' lang='grc' dir='ltr'>Εἶναι</span> <span class='ocrx_word' id='word_1_13' title='bbox 2028 521 2098 589; x_wconf 71' lang='grc' dir='ltr'>ῶν</span> <span class='ocrx_word' id='word_1_14' title='bbox 2119 529 2177 587; x_wconf 78' lang='grc' dir='ltr'>τὸ</span> <span class='ocrx_word' id='word_1_15' title='bbox 2203 523 2343 611; x_wconf 69' lang='grc' dir='ltr'>εὖρος</span> <span class='ocrx_word' id='word_1_16' title='bbox 2369 533 2442 608; x_wconf 88' lang='grc' dir='ltr'>τῷ</span> <span class='ocrx_word' id='word_1_17' title='bbox 2466 528 2665 608; x_wconf 81' lang='grc' dir='ltr'>Γάγγῃ,</span> <span class='ocrx_word' id='word_1_18' title='bbox 2686 527 2804 586; x_wconf 85' lang='grc' dir='ltr'>ἔνθα</span> <span class='ocrx_word' id='word_1_19' title='bbox 2826 549 2923 606; x_wconf 87' lang='grc' dir='ltr'>περ</span> <span class='ocrx_word' id='word_1_20' title='bbox 2947 528 3097 594; x_wconf 79' lang='grc' dir='ltr'>αὐτὸς</span> <span class='ocrx_word' id='word_1_21' title='bbox 3119 528 3314 586; x_wconf 80' lang='grc' dir='ltr'>έωῦτοῦ</span> 
     </span>
    </p>
   </div>
   <div class='ocr_carea' id='block_1_4' title="bbox 138 619 943 822">
    <p class='ocr_par' dir='ltr' id='par_1_4' title="bbox 138 619 943 822">
     <span class='ocr_line' id='line_1_4' title="bbox 138 619 941 698; baseline -0.006 -15"><span class='ocrx_word' id='word_1_22' title='bbox 138 643 254 683; x_wconf 73' lang='lat' dir='ltr'>nm.</span> <span class='ocrx_word' id='word_1_23' title='bbox 288 652 312 676; x_wconf 75' lang='grc' dir='ltr'><strong>υ</strong></span> <span class='ocrx_word' id='word_1_24' title='bbox 344 619 729 682; x_wconf 61' lang='grc' dir='ltr'>δι”Ιιιναπόι-εῇ.</span> <span class='ocrx_word' id='word_1_25' title='bbox 755 643 816 698; x_wconf 89' lang='lat' dir='ltr'>p.</span> <span class='ocrx_word' id='word_1_26' title='bbox 851 623 941 678; x_wconf 87' lang='lat'>38.</span> 
     </span>
     <span class='ocr_line' id='line_1_5' title="bbox 855 772 943 822; baseline 0.023 -14"><span class='ocrx_word' id='word_1_27' title='bbox 855 772 943 822; x_wconf 87' lang='lat'>17·</span> 
     </span>
    </p>
   </div>
   <div class='ocr_carea' id='block_1_5' title="bbox 1759 613 3314 869">
    <p class='ocr_par' dir='ltr' id='par_1_5' title="bbox 1759 613 3314 869">
     <span class='ocr_line' id='line_1_6' title="bbox 1759 613 3311 694; baseline -0.004 -18"><span class='ocrx_word' id='word_1_28' title='bbox 1759 618 2080 684; x_wconf 79' lang='grc' dir='ltr'>στεινότατος</span> <span class='ocrx_word' id='word_1_29' title='bbox 2102 661 2118 694; x_wconf 92' lang='grc'>,</span> <span class='ocrx_word' id='word_1_30' title='bbox 2150 620 2220 683; x_wconf 76' lang='grc' dir='ltr'>εἰς</span> <span class='ocrx_word' id='word_1_31' title='bbox 2244 614 2428 675; x_wconf 72' lang='grc' dir='ltr'>ἑκατὸν</span> <span class='ocrx_word' id='word_1_32' title='bbox 2458 613 2722 680; x_wconf 83' lang='grc' dir='ltr'>σταδίους·</span> <span class='ocrx_word' id='word_1_33' title='bbox 2751 616 2995 692; x_wconf 79' lang='grc' dir='ltr'>πολλαχῆ</span> <span class='ocrx_word' id='word_1_34' title='bbox 3026 613 3080 672; x_wconf 78' lang='grc' dir='ltr'>δὲ</span> <span class='ocrx_word' id='word_1_35' title='bbox 3108 613 3199 672; x_wconf 80' lang='grc' dir='ltr'>καὶ</span> <span class='ocrx_word' id='word_1_36' title='bbox 3224 614 3311 669; x_wconf 91' lang='grc' dir='ltr'>λι-</span> 
     </span>
     <span class='ocr_line' id='line_1_7' title="bbox 1762 689 3314 781; baseline -0.004 -20"><span class='ocrx_word' id='word_1_37' title='bbox 1762 704 1994 781; x_wconf 85' lang='grc' dir='ltr'>μνάζειν,</span> <span class='ocrx_word' id='word_1_38' title='bbox 2016 708 2084 769; x_wconf 82' lang='grc' dir='ltr'>ὡς</span> <span class='ocrx_word' id='word_1_39' title='bbox 2108 702 2180 781; x_wconf 79' lang='grc' dir='ltr'>μὴ</span> <span class='ocrx_word' id='word_1_40' title='bbox 2203 689 2432 762; x_wconf 69' lang='grc' dir='ltr'>άποπτον</span> <span class='ocrx_word' id='word_1_41' title='bbox 2452 693 2583 759; x_wconf 66' lang='grc' dir='ltr'>εἶναι</span> <span class='ocrx_word' id='word_1_42' title='bbox 2605 699 2698 772; x_wconf 81' lang='grc' dir='ltr'>τὴν</span> <span class='ocrx_word' id='word_1_43' title='bbox 2723 700 2884 781; x_wconf 86' lang='grc' dir='ltr'>πέρην</span> <span class='ocrx_word' id='word_1_44' title='bbox 2907 699 3106 779; x_wconf 82' lang='grc' dir='ltr'>χώρην,</span> <span class='ocrx_word' id='word_1_45' title='bbox 3125 697 3314 775; x_wconf 75' lang='grc' dir='ltr'>ἵναπερ</span> 
     </span>
     <span class='ocr_line' id='line_1_8' title="bbox 1761 787 3313 869; baseline -0.003 -20"><span class='ocrx_word' id='word_1_46' title='bbox 1761 790 2013 869; x_wconf 80' lang='grc' dir='ltr'>χθαμαλή</span> <span class='ocrx_word' id='word_1_47' title='bbox 2043 815 2098 848; x_wconf 87' lang='grc' dir='ltr'>τε</span> <span class='ocrx_word' id='word_1_48' title='bbox 2128 793 2237 849; x_wconf 72' lang='grc' dir='ltr'>ἰστι</span> <span class='ocrx_word' id='word_1_49' title='bbox 2276 790 2365 848; x_wconf 77' lang='grc' dir='ltr'>καὶ</span> <span class='ocrx_word' id='word_1_50' title='bbox 2401 790 2606 864; x_wconf 78' lang='grc' dir='ltr'>οὐδαμῆ</span> <span class='ocrx_word' id='word_1_51' title='bbox 2646 787 2946 867; x_wconf 74' lang='grc' dir='ltr'>γηλόφοισιν</span> <span class='ocrx_word' id='word_1_52' title='bbox 2975 789 3313 855; x_wconf 76' lang='grc' dir='ltr'>ἀνεστηκυῖα.</span> 
     </span>
    </p>
   </div>
   <div class='ocr_carea' id='block_1_6' title="bbox 142 872 3319 1046">
    <p class='ocr_par' dir='ltr' id='par_1_6' title="bbox 142 872 3319 1046">
     <span class='ocr_line' id='line_1_9' title="bbox 212 872 3316 960; baseline -0.004 -19"><span class='ocrx_word' id='word_1_53' title='bbox 212 887 515 960; x_wconf 74' lang='lat' dir='ltr'>Antigonus</span> <span class='ocrx_word' id='word_1_54' title='bbox 553 885 698 940; x_wconf 83' lang='lat' dir='ltr'><strong>Hist.</strong></span> <span class='ocrx_word' id='word_1_55' title='bbox 741 879 943 937; x_wconf 83' lang='lat' dir='ltr'><strong>Mirab.</strong></span> <span class='ocrx_word' id='word_1_56' title='bbox 993 900 1042 936; x_wconf 87' lang='lat' dir='ltr'>c.</span> <span class='ocrx_word' id='word_1_57' title='bbox 1102 887 1208 951; x_wconf 76' lang='lat'>¹47</span> <span class='ocrx_word' id='word_1_58' title='bbox 1254 879 1338 955; x_wconf 90' lang='lat' dir='ltr'>(c.</span> <span class='ocrx_word' id='word_1_59' title='bbox 1382 886 1490 945; x_wconf 78' lang='lat'>142</span> <span class='ocrx_word' id='word_1_60' title='bbox 1531 881 1672 934; x_wconf 86' lang='lat' dir='ltr'>We-</span> <span class='ocrx_word' id='word_1_61' title='bbox 1766 880 1830 955; x_wconf 88' lang='lat' dir='ltr'>(s)</span> <span class='ocrx_word' id='word_1_62' title='bbox 1857 881 1950 958; x_wconf 99' lang='grc' dir='ltr'>Τῷ</span> <span class='ocrx_word' id='word_1_63' title='bbox 1980 878 2034 936; x_wconf 76' lang='grc' dir='ltr'>δὲ</span> <span class='ocrx_word' id='word_1_64' title='bbox 2058 878 2209 957; x_wconf 90' lang='grc' dir='ltr'>Ἰνδῷ</span> <span class='ocrx_word' id='word_1_65' title='bbox 2236 879 2287 943; x_wconf 81' lang='grc' dir='ltr'>ἐς</span> <span class='ocrx_word' id='word_1_66' title='bbox 2305 874 2490 935; x_wconf 69' lang='grc' dir='ltr'>ταύτὸν</span> <span class='ocrx_word' id='word_1_67' title='bbox 2518 875 2744 954; x_wconf 86' lang='grc' dir='ltr'>ἔρχεται.</span> <span class='ocrx_word' id='word_1_68' title='bbox 2799 872 3104 953; x_wconf 82' lang='grc' dir='ltr'>Ὑδραώτης</span> <span class='ocrx_word' id='word_1_69' title='bbox 3128 872 3223 949; x_wconf 79' lang='grc' dir='ltr'>μὲν</span> <span class='ocrx_word' id='word_1_70' title='bbox 3262 874 3316 929; x_wconf 77' lang='grc' dir='ltr'>ἐν</span> 
     </span>
     <span class='ocr_line' id='line_1_10' title="bbox 142 959 3319 1046; baseline -0.004 -15"><span class='ocrx_word' id='word_1_71' title='bbox 142 973 354 1046; x_wconf 66' lang='lat' dir='ltr'><strong>slei-m.)</strong></span> <span class='ocrx_word' id='word_1_72' title='bbox 388 993 402 1026; x_wconf 76' lang='grc' dir='ltr'><strong><em>ε</em></strong></span> <span class='ocrx_word' id='word_1_73' title='bbox 441 967 782 1046; x_wconf 86' lang='grc' dir='ltr'>Μεγασθένην</span> <span class='ocrx_word' id='word_1_74' title='bbox 821 967 875 1026; x_wconf 77' lang='grc' dir='ltr'>δὲ</span> <span class='ocrx_word' id='word_1_75' title='bbox 912 967 999 1024; x_wconf 85' lang='grc' dir='ltr'>τὸν</span> <span class='ocrx_word' id='word_1_76' title='bbox 1038 963 1105 1023; x_wconf 74' lang='grc' dir='ltr'>τὰ</span> <span class='ocrx_word' id='word_1_77' title='bbox 1146 963 1341 1025; x_wconf 75' lang='grc' dir='ltr'>Ἰνδικὰ</span> <span class='ocrx_word' id='word_1_78' title='bbox 1379 962 1674 1043; x_wconf 81' lang='grc' dir='ltr'>γεγραφότα</span> <span class='ocrx_word' id='word_1_79' title='bbox 1769 965 2192 1043; x_wconf 61' lang='grc' dir='ltr'>Καμβισθόλοισι</span> <span class='ocrx_word' id='word_1_80' title='bbox 2206 964 2537 1043; x_wconf 84' lang='grc' dir='ltr'>παρειληφὼς</span> <span class='ocrx_word' id='word_1_81' title='bbox 2560 960 2645 1020; x_wconf 89' lang='grc' dir='ltr'>τόν</span> <span class='ocrx_word' id='word_1_82' title='bbox 2673 984 2729 1019; x_wconf 85' lang='grc' dir='ltr'>τε</span> <span class='ocrx_word' id='word_1_83' title='bbox 2755 960 2991 1042; x_wconf 66' lang='grc' dir='ltr'>’Ὕφασιν</span> <span class='ocrx_word' id='word_1_84' title='bbox 3019 964 3071 1019; x_wconf 78' lang='grc' dir='ltr'>ἐν</span> <span class='ocrx_word' id='word_1_85' title='bbox 3105 959 3319 1037; x_wconf 82' lang='grc' dir='ltr'>Ἀστρό-</span> 
     </span>
    </p>
   </div>
   <div class='ocr_carea' id='block_1_7' title="bbox 142 1048 1677 1299">
    <p class='ocr_par' dir='ltr' id='par_1_7' title="bbox 142 1048 1677 1299">
     <span class='ocr_line' id='line_1_11' title="bbox 142 1048 1674 1138; baseline -0.006 -22"><span class='ocrx_word' id='word_1_86' title='bbox 142 1057 364 1138; x_wconf 71' lang='grc' dir='ltr'>ἱστορεῖν,</span> <span class='ocrx_word' id='word_1_87' title='bbox 405 1058 457 1114; x_wconf 77' lang='grc' dir='ltr'>έν</span> <span class='ocrx_word' id='word_1_88' title='bbox 502 1060 568 1134; x_wconf 80' lang='grc' dir='ltr'>τῇ</span> <span class='ocrx_word' id='word_1_89' title='bbox 611 1052 751 1112; x_wconf 77' lang='grc' dir='ltr'>κατὰ</span> <span class='ocrx_word' id='word_1_90' title='bbox 792 1050 887 1124; x_wconf 75' lang='grc' dir='ltr'>τὴν</span> <span class='ocrx_word' id='word_1_91' title='bbox 935 1049 1156 1121; x_wconf 76' lang='grc' dir='ltr'>Ἰνδικὴν</span> <span class='ocrx_word' id='word_1_92' title='bbox 1191 1050 1423 1128; x_wconf 78' lang='grc' dir='ltr'>θαλάττῃ</span> <span class='ocrx_word' id='word_1_93' title='bbox 1466 1048 1674 1129; x_wconf 85' lang='grc' dir='ltr'>δένδρεα</span> 
     </span>
     <span class='ocr_line' id='line_1_12' title="bbox 143 1136 1677 1226; baseline -0.007 -23"><span class='ocrx_word' id='word_1_94' title='bbox 143 1144 339 1226; x_wconf 80' lang='grc' dir='ltr'>φύεσθαι</span> <span class='ocrx_word' id='word_1_95' title='bbox 385 1143 497 1218; x_wconf 86' lang='lat' dir='ltr'><strong>(sc.</strong></span> <span class='ocrx_word' id='word_1_96' title='bbox 554 1136 897 1218; x_wconf 71' lang='grc' dir='ltr'>Καλλίμαχός</span> <span class='ocrx_word' id='word_1_97' title='bbox 938 1139 1149 1217; x_wconf 86' lang='grc' dir='ltr'>φησιν).</span> <span class='ocrx_word' id='word_1_98' title='bbox 1195 1138 1277 1197; x_wconf 86' lang='lat' dir='ltr'>Cf.</span> <span class='ocrx_word' id='word_1_99' title='bbox 1315 1140 1548 1194; x_wconf 80' lang='lat' dir='ltr'><strong>Aristot.</strong></span> <span class='ocrx_word' id='word_1_100' title='bbox 1578 1139 1677 1192; x_wconf 79' lang='lat' dir='ltr'>‘De</span> 
     </span>
     <span class='ocr_line' id='line_1_13' title="bbox 146 1225 1595 1299; baseline -0.007 -11"><span class='ocrx_word' id='word_1_101' title='bbox 146 1231 341 1288; x_wconf 86' lang='lat' dir='ltr'><strong>mundo</strong></span> <span class='ocrx_word' id='word_1_102' title='bbox 368 1250 419 1286; x_wconf 88' lang='lat' dir='ltr'>c.</span> <span class='ocrx_word' id='word_1_103' title='bbox 451 1237 517 1298; x_wconf 73' lang='lat'>43</span> <span class='ocrx_word' id='word_1_104' title='bbox 541 1229 908 1299; x_wconf 80' lang='lat' dir='ltr'><strong>Theophrast.</strong></span> <span class='ocrx_word' id='word_1_105' title='bbox 940 1227 1083 1284; x_wconf 78' lang='lat' dir='ltr'><strong>Hist.</strong></span> <span class='ocrx_word' id='word_1_106' title='bbox 1105 1227 1289 1283; x_wconf 73' lang='lat' dir='ltr'><strong>Plani.</strong></span> <span class='ocrx_word' id='word_1_107' title='bbox 1320 1226 1415 1294; x_wconf 84' lang='lat' dir='ltr'>IV,</span> <span class='ocrx_word' id='word_1_108' title='bbox 1440 1243 1505 1295; x_wconf 92' lang='lat'>7,</span> <span class='ocrx_word' id='word_1_109' title='bbox 1535 1225 1595 1280; x_wconf 83' lang='lat'>8.</span> 
     </span>
    </p>
   </div>
   <div class='ocr_carea' id='block_1_8' title="bbox 863 1353 952 1411">
    <p class='ocr_par' dir='ltr' id='par_1_8' title="bbox 863 1353 952 1411">
     <span class='ocr_line' id='line_1_14' title="bbox 863 1353 952 1411; baseline 0.034 -3"><span class='ocrx_word' id='word_1_110' title='bbox 863 1353 952 1411; x_wconf 77' lang='lat'>18.</span> 
     </span>
    </p>
   </div>
   <div class='ocr_carea' id='block_1_9' title="bbox 150 1476 1712 3295">
    <p class='ocr_par' dir='ltr' id='par_1_9' title="bbox 150 1476 1712 3295">
     <span class='ocr_line' id='line_1_15' title="bbox 216 1476 1681 1558; baseline -0.005 -15"><span class='ocrx_word' id='word_1_111' title='bbox 216 1490 473 1543; x_wconf 78' lang='lat' dir='ltr'><strong>Arrianus</strong></span> <span class='ocrx_word' id='word_1_112' title='bbox 513 1485 644 1541; x_wconf 90' lang='lat' dir='ltr'><strong>Ind.</strong></span> <span class='ocrx_word' id='word_1_113' title='bbox 689 1493 755 1558; x_wconf 69' lang='grc'>4,</span> <span class='ocrx_word' id='word_1_114' title='bbox 793 1482 1025 1539; x_wconf 73' lang='lat'>2--132</span> <span class='ocrx_word' id='word_1_115' title='bbox 1078 1481 1265 1541; x_wconf 81' lang='grc' dir='ltr'>Αὐτοῖν</span> <span class='ocrx_word' id='word_1_116' title='bbox 1295 1476 1348 1537; x_wconf 74' lang='grc' dir='ltr'>δὲ</span> <span class='ocrx_word' id='word_1_117' title='bbox 1384 1485 1490 1537; x_wconf 80' lang='grc' dir='ltr'>τοῖν</span> <span class='ocrx_word' id='word_1_118' title='bbox 1525 1477 1681 1555; x_wconf 78' lang='grc' dir='ltr'>μεγί-</span> 
     </span>
     <span class='ocr_line' id='line_1_16' title="bbox 150 1565 1683 1647; baseline -0.005 -17"><span class='ocrx_word' id='word_1_119' title='bbox 150 1596 273 1631; x_wconf 87' lang='grc' dir='ltr'>στοιν</span> <span class='ocrx_word' id='word_1_120' title='bbox 299 1575 555 1647; x_wconf 79' lang='grc' dir='ltr'>ποταμοῖν</span> <span class='ocrx_word' id='word_1_121' title='bbox 581 1575 669 1628; x_wconf 88' lang='grc' dir='ltr'>τοῦ</span> <span class='ocrx_word' id='word_1_122' title='bbox 693 1592 747 1627; x_wconf 87' lang='grc' dir='ltr'>τε</span> <span class='ocrx_word' id='word_1_123' title='bbox 772 1566 989 1646; x_wconf 88' lang='grc' dir='ltr'>Γάγγεω</span> <span class='ocrx_word' id='word_1_124' title='bbox 1016 1567 1105 1626; x_wconf 77' lang='grc' dir='ltr'>καὶ</span> <span class='ocrx_word' id='word_1_125' title='bbox 1134 1572 1223 1624; x_wconf 84' lang='grc' dir='ltr'>τοῦ</span> <span class='ocrx_word' id='word_1_126' title='bbox 1245 1566 1408 1626; x_wconf 85' lang='grc' dir='ltr'>Ἰνδοῦ</span> <span class='ocrx_word' id='word_1_127' title='bbox 1429 1565 1516 1623; x_wconf 80' lang='grc' dir='ltr'>τὸν</span> <span class='ocrx_word' id='word_1_128' title='bbox 1541 1565 1683 1641; x_wconf 83' lang='grc' dir='ltr'>Γάγ·</span> 
     </span>
     <span class='ocr_line' id='line_1_17' title="bbox 150 1651 1683 1735; baseline -0.006 -18"><span class='ocrx_word' id='word_1_129' title='bbox 150 1682 232 1734; x_wconf 73' lang='grc' dir='ltr'>για</span> <span class='ocrx_word' id='word_1_130' title='bbox 252 1657 446 1735; x_wconf 77' lang='grc' dir='ltr'>μεγέθει</span> <span class='ocrx_word' id='word_1_131' title='bbox 467 1654 603 1715; x_wconf 76' lang='grc' dir='ltr'>πολύ</span> <span class='ocrx_word' id='word_1_132' title='bbox 623 1678 675 1712; x_wconf 93' lang='grc' dir='ltr'>τι</span> <span class='ocrx_word' id='word_1_133' title='bbox 701 1653 1003 1734; x_wconf 70' lang='grc' dir='ltr'>ὑπερφέρειν</span> <span class='ocrx_word' id='word_1_134' title='bbox 1021 1651 1359 1731; x_wconf 85' lang='grc' dir='ltr'>Μεγασθένης</span> <span class='ocrx_word' id='word_1_135' title='bbox 1379 1651 1683 1732; x_wconf 72' lang='grc' dir='ltr'>ἀνέγραψεν,</span> 
     </span>
     <span class='ocr_line' id='line_1_18' title="bbox 152 1736 1684 1820; baseline -0.005 -17"><span class='ocrx_word' id='word_1_136' title='bbox 152 1747 229 1803; x_wconf 68' lang='grc' dir='ltr'>καὶ</span> <span class='ocrx_word' id='word_1_137' title='bbox 249 1745 355 1803; x_wconf 78' lang='grc' dir='ltr'>ὅσοι</span> <span class='ocrx_word' id='word_1_138' title='bbox 380 1745 530 1802; x_wconf 81' lang='grc' dir='ltr'>ἄλλοι</span> <span class='ocrx_word' id='word_1_139' title='bbox 566 1742 778 1820; x_wconf 79' lang='grc' dir='ltr'>μνήμην</span> <span class='ocrx_word' id='word_1_140' title='bbox 805 1746 895 1800; x_wconf 88' lang='grc' dir='ltr'>τοῦ</span> <span class='ocrx_word' id='word_1_141' title='bbox 925 1740 1143 1818; x_wconf 87' lang='grc' dir='ltr'>Γάγγεω</span> <span class='ocrx_word' id='word_1_142' title='bbox 1167 1738 1397 1819; x_wconf 78' lang='grc' dir='ltr'>ἔχουσιν·</span> <span class='ocrx_word' id='word_1_143' title='bbox 1431 1740 1497 1815; x_wconf 74' lang='lat' dir='ltr'><strong>(a)</strong></span> <span class='ocrx_word' id='word_1_144' title='bbox 1529 1736 1684 1796; x_wconf 77' lang='grc' dir='ltr'>αὐτόν</span> 
     </span>
     <span class='ocr_line' id='line_1_19' title="bbox 153 1825 1690 1911; baseline -0.005 -21"><span class='ocrx_word' id='word_1_145' title='bbox 153 1857 201 1890; x_wconf 84' lang='grc' dir='ltr'>τε</span> <span class='ocrx_word' id='word_1_146' title='bbox 220 1831 313 1911; x_wconf 78' lang='grc' dir='ltr'>γὰρ</span> <span class='ocrx_word' id='word_1_147' title='bbox 340 1830 502 1910; x_wconf 87' lang='grc' dir='ltr'>μέγαν</span> <span class='ocrx_word' id='word_1_148' title='bbox 533 1829 764 1908; x_wconf 78' lang='grc' dir='ltr'>ἀνίσχειν</span> <span class='ocrx_word' id='word_1_149' title='bbox 794 1829 853 1886; x_wconf 84' lang='grc' dir='ltr'>ἐκ</span> <span class='ocrx_word' id='word_1_150' title='bbox 879 1830 984 1885; x_wconf 84' lang='grc' dir='ltr'>τῶν</span> <span class='ocrx_word' id='word_1_151' title='bbox 1012 1825 1241 1904; x_wconf 81' lang='grc' dir='ltr'>πηγέων,</span> <span class='ocrx_word' id='word_1_152' title='bbox 1273 1825 1515 1906; x_wconf 85' lang='grc' dir='ltr'>δέχεσθαί</span> <span class='ocrx_word' id='word_1_153' title='bbox 1554 1848 1611 1883; x_wconf 90' lang='grc' dir='ltr'>τε</span> <span class='ocrx_word' id='word_1_154' title='bbox 1639 1826 1690 1891; x_wconf 77' lang='grc' dir='ltr'>ἐς</span> 
     </span>
     <span class='ocr_line' id='line_1_20' title="bbox 155 1909 1690 1992; baseline -0.005 -16"><span class='ocrx_word' id='word_1_155' title='bbox 155 1919 291 1977; x_wconf 76' lang='grc' dir='ltr'>αὑτὸν</span> <span class='ocrx_word' id='word_1_156' title='bbox 324 1919 409 1976; x_wconf 87' lang='grc' dir='ltr'>τόν</span> <span class='ocrx_word' id='word_1_157' title='bbox 449 1940 509 1975; x_wconf 82' lang='grc' dir='ltr'>τε</span> <span class='ocrx_word' id='word_1_158' title='bbox 554 1914 759 1977; x_wconf 78' lang='grc' dir='ltr'>Καῖνὰν</span> <span class='ocrx_word' id='word_1_159' title='bbox 799 1913 1056 1992; x_wconf 80' lang='grc' dir='ltr'>ποταμὸν,</span> <span class='ocrx_word' id='word_1_160' title='bbox 1089 1914 1180 1971; x_wconf 80' lang='grc' dir='ltr'>καὶ</span> <span class='ocrx_word' id='word_1_161' title='bbox 1216 1913 1303 1972; x_wconf 81' lang='grc' dir='ltr'>τὸν</span> <span class='ocrx_word' id='word_1_162' title='bbox 1340 1909 1690 1991; x_wconf 73' lang='grc' dir='ltr'>Ἐραννοὸόαν</span> 
     </span>
     <span class='ocr_line' id='line_1_21' title="bbox 156 1998 1694 2079; baseline -0.006 -14"><span class='ocrx_word' id='word_1_163' title='bbox 156 2007 233 2065; x_wconf 69' lang='lat' dir='ltr'>mi</span> <span class='ocrx_word' id='word_1_164' title='bbox 270 2005 352 2063; x_wconf 79' lang='grc' dir='ltr'>τὸν</span> <span class='ocrx_word' id='word_1_165' title='bbox 392 2004 698 2065; x_wconf 81' lang='grc' dir='ltr'>Κοσσόανον</span> <span class='ocrx_word' id='word_1_166' title='bbox 731 1999 1069 2079; x_wconf 84' lang='grc' dir='ltr'>(Κοσσόαγος</span> <span class='ocrx_word' id='word_1_167' title='bbox 1104 2022 1214 2059; x_wconf 84' lang='lat' dir='ltr'><strong>sec.</strong></span> <span class='ocrx_word' id='word_1_168' title='bbox 1248 2004 1390 2058; x_wconf 87' lang='lat' dir='ltr'><strong>Plin.</strong></span> <span class='ocrx_word' id='word_1_169' title='bbox 1413 2002 1464 2077; x_wconf 87' lang='lat'>),</span> <span class='ocrx_word' id='word_1_170' title='bbox 1486 1998 1694 2075; x_wconf 56' lang='lat' dir='ltr'>{adstote</span> 
     </span>
     <span class='ocr_line' id='line_1_22' title="bbox 156 2086 1693 2166; baseline -0.003 -16"><span class='ocrx_word' id='word_1_171' title='bbox 156 2091 368 2159; x_wconf 76' lang='grc' dir='ltr'>πλωτούς</span> <span class='ocrx_word' id='word_1_172' title='bbox 384 2111 400 2129; x_wconf 69' lang='grc'>·</span> <span class='ocrx_word' id='word_1_173' title='bbox 442 2090 524 2150; x_wconf 82' lang='grc' dir='ltr'>ἔτι</span> <span class='ocrx_word' id='word_1_174' title='bbox 561 2089 617 2148; x_wconf 79' lang='grc' dir='ltr'>δὲ</span> <span class='ocrx_word' id='word_1_175' title='bbox 667 2087 845 2150; x_wconf 82' lang='grc' dir='ltr'>Σῶνόν</span> <span class='ocrx_word' id='word_1_176' title='bbox 876 2112 933 2147; x_wconf 87' lang='grc' dir='ltr'>τε</span> <span class='ocrx_word' id='word_1_177' title='bbox 969 2088 1204 2166; x_wconf 80' lang='grc' dir='ltr'>ποταμὸν</span> <span class='ocrx_word' id='word_1_178' title='bbox 1250 2087 1340 2146; x_wconf 75' lang='grc' dir='ltr'>καὶ</span> <span class='ocrx_word' id='word_1_179' title='bbox 1384 2086 1693 2147; x_wconf 82' lang='grc' dir='ltr'>Σιττόκατιν</span> 
     </span>
     <span class='ocr_line' id='line_1_23' title="bbox 159 2174 1694 2256; baseline -0.003 -20"><span class='ocrx_word' id='word_1_180' title='bbox 159 2182 236 2256; x_wconf 69' lang='grc' dir='ltr'>(ν.</span> <span class='ocrx_word' id='word_1_181' title='bbox 263 2183 298 2240; x_wconf 85' lang='lat' dir='ltr'>l.</span> <span class='ocrx_word' id='word_1_182' title='bbox 330 2176 701 2255; x_wconf 85' lang='grc' dir='ltr'>Σιττόκεστιν)</span> <span class='ocrx_word' id='word_1_183' title='bbox 736 2177 826 2235; x_wconf 78' lang='grc' dir='ltr'>καὶ</span> <span class='ocrx_word' id='word_1_184' title='bbox 870 2175 1186 2251; x_wconf 82' lang='grc' dir='ltr'>Σολόματιν,</span> <span class='ocrx_word' id='word_1_185' title='bbox 1207 2175 1298 2233; x_wconf 77' lang='grc' dir='ltr'>καὶ</span> <span class='ocrx_word' id='word_1_186' title='bbox 1319 2174 1527 2240; x_wconf 75' lang='grc' dir='ltr'>τούτους</span> <span class='ocrx_word' id='word_1_187' title='bbox 1548 2176 1694 2232; x_wconf 88' lang='grc' dir='ltr'>πλω-</span> 
     </span>
     <span class='ocr_line' id='line_1_24' title="bbox 158 2258 1698 2343; baseline -0.003 -21"><span class='ocrx_word' id='word_1_188' title='bbox 158 2265 280 2330; x_wconf 82' lang='grc' dir='ltr'>τούς.</span> <span class='ocrx_word' id='word_1_189' title='bbox 357 2265 425 2342; x_wconf 71' lang='grc' dir='ltr'>(ι)</span> <span class='ocrx_word' id='word_1_190' title='bbox 472 2262 605 2323; x_wconf 79' lang='grc' dir='ltr'>Ἐπὶ</span> <span class='ocrx_word' id='word_1_191' title='bbox 650 2262 704 2321; x_wconf 76' lang='grc' dir='ltr'>δὲ</span> <span class='ocrx_word' id='word_1_192' title='bbox 742 2262 1080 2343; x_wconf 79' lang='grc' dir='ltr'>Κονδοχάτην</span> <span class='ocrx_word' id='word_1_193' title='bbox 1120 2284 1177 2319; x_wconf 85' lang='grc' dir='ltr'>τε</span> <span class='ocrx_word' id='word_1_194' title='bbox 1220 2260 1310 2318; x_wconf 82' lang='grc' dir='ltr'>καὶ</span> <span class='ocrx_word' id='word_1_195' title='bbox 1348 2258 1566 2337; x_wconf 79' lang='grc' dir='ltr'>Σάμὸον</span> <span class='ocrx_word' id='word_1_196' title='bbox 1606 2259 1698 2318; x_wconf 78' lang='grc' dir='ltr'>καὶ</span> 
     </span>
     <span class='ocr_line' id='line_1_25' title="bbox 162 2343 1697 2429; baseline -0.004 -19"><span class='ocrx_word' id='word_1_197' title='bbox 162 2353 377 2429; x_wconf 84' lang='grc' dir='ltr'>Μάγωνα</span> <span class='ocrx_word' id='word_1_198' title='bbox 396 2350 486 2409; x_wconf 79' lang='grc' dir='ltr'>καὶ</span> <span class='ocrx_word' id='word_1_199' title='bbox 509 2349 776 2428; x_wconf 80' lang='grc' dir='ltr'>Ἀγόρανιν</span> <span class='ocrx_word' id='word_1_200' title='bbox 803 2352 895 2427; x_wconf 74' lang='grc' dir='ltr'>(ν.</span> <span class='ocrx_word' id='word_1_201' title='bbox 927 2353 964 2410; x_wconf 90' lang='lat' dir='ltr'>l.</span> <span class='ocrx_word' id='word_1_202' title='bbox 991 2347 1258 2429; x_wconf 84' lang='grc' dir='ltr'>Ἀγύρανιν</span> <span class='ocrx_word' id='word_1_203' title='bbox 1280 2350 1299 2426; x_wconf 97' lang='grc'>)</span> <span class='ocrx_word' id='word_1_204' title='bbox 1322 2347 1411 2406; x_wconf 82' lang='grc' dir='ltr'>καὶ</span> <span class='ocrx_word' id='word_1_205' title='bbox 1445 2343 1697 2423; x_wconf 85' lang='grc' dir='ltr'>Ὤμαλιν·</span> 
     </span>
     <span class='ocr_line' id='line_1_26' title="bbox 163 2432 1702 2516; baseline -0.004 -20"><span class='ocrx_word' id='word_1_206' title='bbox 163 2437 461 2513; x_wconf 77' lang='grc' dir='ltr'>ἐμὸάλλουσι</span> <span class='ocrx_word' id='word_1_207' title='bbox 494 2437 551 2495; x_wconf 78' lang='grc' dir='ltr'>δὲ</span> <span class='ocrx_word' id='word_1_208' title='bbox 582 2437 635 2502; x_wconf 82' lang='grc' dir='ltr'>ἐς</span> <span class='ocrx_word' id='word_1_209' title='bbox 657 2436 810 2494; x_wconf 77' lang='grc' dir='ltr'>αὐτὸν</span> <span class='ocrx_word' id='word_1_210' title='bbox 845 2435 1195 2512; x_wconf 83' lang='grc' dir='ltr'>Κομμενάσης</span> <span class='ocrx_word' id='word_1_211' title='bbox 1222 2433 1317 2516; x_wconf 76' lang='lat' dir='ltr'>(v,</span> <span class='ocrx_word' id='word_1_212' title='bbox 1343 2438 1384 2490; x_wconf 85' lang='lat'>1.</span> <span class='ocrx_word' id='word_1_213' title='bbox 1423 2432 1702 2509; x_wconf 80' lang='grc' dir='ltr'>Κομμινά-</span> 
     </span>
     <span class='ocr_line' id='line_1_27' title="bbox 163 2518 1703 2602; baseline -0.005 -18"><span class='ocrx_word' id='word_1_214' title='bbox 163 2528 272 2602; x_wconf 81' lang='grc' dir='ltr'>σης)</span> <span class='ocrx_word' id='word_1_215' title='bbox 316 2548 369 2583; x_wconf 82' lang='grc' dir='ltr'>τε</span> <span class='ocrx_word' id='word_1_216' title='bbox 407 2524 574 2602; x_wconf 81' lang='grc' dir='ltr'>μέγας</span> <span class='ocrx_word' id='word_1_217' title='bbox 597 2523 830 2601; x_wconf 79' lang='grc' dir='ltr'>ποταμὸς</span> <span class='ocrx_word' id='word_1_218' title='bbox 857 2522 946 2582; x_wconf 75' lang='grc' dir='ltr'>καὶ</span> <span class='ocrx_word' id='word_1_219' title='bbox 974 2521 1231 2588; x_wconf 77' lang='grc' dir='ltr'>Κάκουθις</span> <span class='ocrx_word' id='word_1_220' title='bbox 1258 2521 1349 2580; x_wconf 69' lang='grc' dir='ltr'>καὶ</span> <span class='ocrx_word' id='word_1_221' title='bbox 1387 2518 1703 2595; x_wconf 80' lang='grc' dir='ltr'>Ἀνδώματις</span> 
     </span>
     <span class='ocr_line' id='line_1_28' title="bbox 164 2606 1705 2689; baseline -0.005 -18"><span class='ocrx_word' id='word_1_222' title='bbox 164 2611 210 2680; x_wconf 72' lang='grc' dir='ltr'>ἐξ</span> <span class='ocrx_word' id='word_1_223' title='bbox 234 2612 386 2678; x_wconf 71' lang='grc' dir='ltr'>ἔθνεος</span> <span class='ocrx_word' id='word_1_224' title='bbox 412 2612 638 2672; x_wconf 77' lang='grc' dir='ltr'>Ἰνδικοῦ</span> <span class='ocrx_word' id='word_1_225' title='bbox 666 2617 756 2669; x_wconf 87' lang='grc' dir='ltr'>τοῦ</span> <span class='ocrx_word' id='word_1_226' title='bbox 784 2611 1147 2670; x_wconf 87' lang='grc' dir='ltr'>Μανδιαδινῶν</span> <span class='ocrx_word' id='word_1_227' title='bbox 1177 2608 1337 2689; x_wconf 75' lang='grc' dir='ltr'>ῥέων·</span> <span class='ocrx_word' id='word_1_228' title='bbox 1383 2608 1444 2685; x_wconf 76' lang='grc' dir='ltr'>(ε)</span> <span class='ocrx_word' id='word_1_229' title='bbox 1483 2607 1573 2665; x_wconf 79' lang='grc' dir='ltr'>καὶ</span> <span class='ocrx_word' id='word_1_230' title='bbox 1614 2606 1705 2665; x_wconf 76' lang='grc' dir='ltr'>ἐπὶ</span> 
     </span>
     <span class='ocr_line' id='line_1_29' title="bbox 164 2691 1704 2775; baseline -0.004 -20"><span class='ocrx_word' id='word_1_231' title='bbox 164 2696 396 2757; x_wconf 80' lang='grc' dir='ltr'>τούτοισιν</span> <span class='ocrx_word' id='word_1_232' title='bbox 415 2697 475 2758; x_wconf 75' lang='grc' dir='ltr'>Ἀ</span> <span class='ocrx_word' id='word_1_233' title='bbox 484 2719 673 2774; x_wconf 88' lang='grc' dir='ltr'>μυστις</span> <span class='ocrx_word' id='word_1_234' title='bbox 694 2694 842 2775; x_wconf 77' lang='grc' dir='ltr'>παρὰ</span> <span class='ocrx_word' id='word_1_235' title='bbox 861 2694 1010 2755; x_wconf 88' lang='grc' dir='ltr'>πόλιν</span> <span class='ocrx_word' id='word_1_236' title='bbox 1039 2692 1414 2770; x_wconf 78' lang='grc' dir='ltr'>Καταδούπην,</span> <span class='ocrx_word' id='word_1_237' title='bbox 1438 2692 1529 2751; x_wconf 77' lang='grc' dir='ltr'>καὶ</span> <span class='ocrx_word' id='word_1_238' title='bbox 1549 2691 1704 2761; x_wconf 66' lang='lat'>’056-</span> 
     </span>
     <span class='ocr_line' id='line_1_30' title="bbox 168 2778 1702 2859; baseline -0.004 -17"><span class='ocrx_word' id='word_1_239' title='bbox 168 2800 304 2859; x_wconf 76' lang='grc' dir='ltr'>ματις</span> <span class='ocrx_word' id='word_1_240' title='bbox 329 2785 394 2859; x_wconf 85' lang='lat' dir='ltr'>(e</span> <span class='ocrx_word' id='word_1_241' title='bbox 429 2786 583 2858; x_wconf 86' lang='lat' dir='ltr'><strong>conj.</strong></span> <span class='ocrx_word' id='word_1_242' title='bbox 633 2785 932 2844; x_wconf 82' lang='lat' dir='ltr'><strong>schwanb.</strong></span> <span class='ocrx_word' id='word_1_243' title='bbox 949 2805 967 2855; x_wconf 80' lang='lat'>3</span> <span class='ocrx_word' id='word_1_244' title='bbox 1014 2779 1299 2858; x_wconf 80' lang='grc' dir='ltr'>Ὀξύμαγις</span> <span class='ocrx_word' id='word_1_245' title='bbox 1345 2782 1520 2842; x_wconf 85' lang='lat' dir='ltr'><strong>codd.</strong></span> <span class='ocrx_word' id='word_1_246' title='bbox 1544 2780 1562 2857; x_wconf 87' lang='lat'>)</span> <span class='ocrx_word' id='word_1_247' title='bbox 1615 2778 1702 2837; x_wconf 76' lang='grc' dir='ltr'>ἐπὶ</span> 
     </span>
     <span class='ocr_line' id='line_1_31' title="bbox 170 2866 1706 2952; baseline -0.004 -23"><span class='ocrx_word' id='word_1_248' title='bbox 170 2872 454 2938; x_wconf 80' lang='grc' dir='ltr'>Ηαζάλαισι</span> <span class='ocrx_word' id='word_1_249' title='bbox 471 2871 489 2952; x_wconf 97' lang='grc'>(</span> <span class='ocrx_word' id='word_1_250' title='bbox 504 2892 560 2930; x_wconf 79' lang='lat' dir='ltr'>v,</span> <span class='ocrx_word' id='word_1_251' title='bbox 587 2873 629 2929; x_wconf 91' lang='lat' dir='ltr'>l.</span> <span class='ocrx_word' id='word_1_252' title='bbox 655 2869 948 2935; x_wconf 87' lang='grc' dir='ltr'>Πασάλαις.</span> <span class='ocrx_word' id='word_1_253' title='bbox 969 2889 1174 2926; x_wconf 85' lang='lat' dir='ltr'><strong>sanscr.</strong></span> <span class='ocrx_word' id='word_1_254' title='bbox 1198 2869 1458 2924; x_wconf 78' lang='lat' dir='ltr'><strong>Pankdla</strong></span> <span class='ocrx_word' id='word_1_255' title='bbox 1478 2866 1496 2943; x_wconf 92' lang='lat'>)</span> <span class='ocrx_word' id='word_1_256' title='bbox 1514 2866 1706 2924; x_wconf 82' lang='grc' dir='ltr'>καλου·</span> 
     </span>
     <span class='ocr_line' id='line_1_32' title="bbox 168 2950 1705 3035; baseline -0.004 -21"><span class='ocrx_word' id='word_1_257' title='bbox 168 2953 384 3032; x_wconf 65' lang='grc' dir='ltr'>μόνοισι,</span> <span class='ocrx_word' id='word_1_258' title='bbox 413 2955 503 3014; x_wconf 70' lang='grc' dir='ltr'>καὶ</span> <span class='ocrx_word' id='word_1_259' title='bbox 533 2954 831 3035; x_wconf 76' lang='grc' dir='ltr'>Ἐρρένυσις</span> <span class='ocrx_word' id='word_1_260' title='bbox 862 2954 946 3031; x_wconf 76' lang='lat' dir='ltr'>(v,</span> <span class='ocrx_word' id='word_1_261' title='bbox 990 2957 1026 3012; x_wconf 89' lang='lat' dir='ltr'>l.</span> <span class='ocrx_word' id='word_1_262' title='bbox 1051 2952 1371 3034; x_wconf 81' lang='grc' dir='ltr'>Ἐρρένυσις,</span> <span class='ocrx_word' id='word_1_263' title='bbox 1403 2950 1705 3032; x_wconf 86' lang='grc' dir='ltr'>Ἐρινέσης)</span> 
     </span>
     <span class='ocr_line' id='line_1_33' title="bbox 170 3031 1709 3122; baseline -0.001 -22"><span class='ocrx_word' id='word_1_264' title='bbox 170 3045 219 3100; x_wconf 72' lang='grc' dir='ltr'>ἒν</span> <span class='ocrx_word' id='word_1_265' title='bbox 252 3043 543 3120; x_wconf 86' lang='grc' dir='ltr'>Μάθαισιν,</span> <span class='ocrx_word' id='word_1_266' title='bbox 598 3040 731 3101; x_wconf 75' lang='grc' dir='ltr'>ἔθνεϊ</span> <span class='ocrx_word' id='word_1_267' title='bbox 767 3041 1000 3122; x_wconf 85' lang='grc' dir='ltr'>Ἰνδικῷ,</span> <span class='ocrx_word' id='word_1_268' title='bbox 1046 3031 1332 3116; x_wconf 72' lang='grc' dir='ltr'>ξυμὸάλλει</span> <span class='ocrx_word' id='word_1_269' title='bbox 1377 3042 1452 3119; x_wconf 82' lang='grc' dir='ltr'>τῷ</span> <span class='ocrx_word' id='word_1_270' title='bbox 1506 3039 1709 3117; x_wconf 77' lang='grc' dir='ltr'>Γάγγῃ.</span> 
     </span>
     <span class='ocr_line' id='line_1_34' title="bbox 173 3117 1712 3208; baseline -0.004 -20"><span class='ocrx_word' id='word_1_271' title='bbox 173 3130 227 3208; x_wconf 76' lang='grc' dir='ltr'>(ο)</span> <span class='ocrx_word' id='word_1_272' title='bbox 253 3129 457 3190; x_wconf 79' lang='grc' dir='ltr'>Τούτων</span> <span class='ocrx_word' id='word_1_273' title='bbox 478 3128 627 3208; x_wconf 85' lang='grc' dir='ltr'>λέγει</span> <span class='ocrx_word' id='word_1_274' title='bbox 649 3126 985 3205; x_wconf 76' lang='grc' dir='ltr'>Μεγασθένης</span> <span class='ocrx_word' id='word_1_275' title='bbox 1008 3127 1190 3186; x_wconf 83' lang='grc' dir='ltr'>οὖδένα</span> <span class='ocrx_word' id='word_1_276' title='bbox 1226 3117 1357 3185; x_wconf 70' lang='grc' dir='ltr'>εἶναι</span> <span class='ocrx_word' id='word_1_277' title='bbox 1380 3131 1469 3183; x_wconf 85' lang='grc' dir='ltr'>τοῦ</span> <span class='ocrx_word' id='word_1_278' title='bbox 1506 3124 1712 3186; x_wconf 79' lang='grc' dir='ltr'>Μαιάν·</span> 
     </span>
     <span class='ocr_line' id='line_1_35' title="bbox 172 3212 1710 3295; baseline -0.002 -23"><span class='ocrx_word' id='word_1_279' title='bbox 172 3215 281 3295; x_wconf 85' lang='grc' dir='ltr'>δρου</span> <span class='ocrx_word' id='word_1_280' title='bbox 328 3214 648 3293; x_wconf 74' lang='grc' dir='ltr'>ἀποδέοντα,</span> <span class='ocrx_word' id='word_1_281' title='bbox 693 3213 882 3294; x_wconf 76' lang='grc' dir='ltr'>ἵναπερ</span> <span class='ocrx_word' id='word_1_282' title='bbox 935 3213 1240 3293; x_wconf 84' lang='grc' dir='ltr'>ναυσίπορος</span> <span class='ocrx_word' id='word_1_283' title='bbox 1302 3217 1331 3271; x_wconf 85' lang='grc' dir='ltr'>δ</span> <span class='ocrx_word' id='word_1_284' title='bbox 1390 3212 1710 3292; x_wconf 83' lang='grc' dir='ltr'>Μαίανδρος.</span> 
     </span>
    </p>
   </div>
   <div class='ocr_carea' id='block_1_10' title="bbox 178 3387 1721 3710">
    <p class='ocr_par' dir='ltr' id='par_1_10' title="bbox 178 3387 1721 3710">
     <span class='ocr_line' id='line_1_36' title="bbox 897 3387 984 3437; baseline 0 0"><span class='ocrx_word' id='word_1_285' title='bbox 897 3387 984 3437; x_wconf 85' lang='lat'>17.</span> 
     </span>
     <span class='ocr_line' id='line_1_37' title="bbox 230 3489 1721 3558; baseline -0.003 -13"><span class='ocrx_word' id='word_1_286' title='bbox 230 3495 674 3558; x_wconf 71' lang='lat' dir='ltr'><strong>Megasthenes‚qui</strong></span> <span class='ocrx_word' id='word_1_287' title='bbox 702 3491 861 3543; x_wconf 83' lang='lat' dir='ltr'><strong>indica</strong></span> <span class='ocrx_word' id='word_1_288' title='bbox 886 3492 1104 3555; x_wconf 80' lang='lat' dir='ltr'><strong>scripsit,</strong></span> <span class='ocrx_word' id='word_1_289' title='bbox 1128 3493 1177 3542; x_wconf 87' lang='lat' dir='ltr'>in</span> <span class='ocrx_word' id='word_1_290' title='bbox 1203 3492 1325 3541; x_wconf 86' lang='lat' dir='ltr'><strong>mari</strong></span> <span class='ocrx_word' id='word_1_291' title='bbox 1354 3489 1516 3540; x_wconf 89' lang='lat' dir='ltr'><strong>1ndico</strong></span> <span class='ocrx_word' id='word_1_292' title='bbox 1529 3490 1721 3546; x_wconf 82' lang='lat' dir='ltr'><strong>arbores</strong></span> 
     </span>
     <span class='ocr_line' id='line_1_38' title="bbox 178 3571 487 3621; baseline 0.003 -1"><span class='ocrx_word' id='word_1_293' title='bbox 178 3571 294 3620; x_wconf 79' lang='lat' dir='ltr'><strong>nasci</strong></span> <span class='ocrx_word' id='word_1_294' title='bbox 312 3571 487 3621; x_wconf 80' lang='lat' dir='ltr'><strong>scribit.</strong></span> 
     </span>
     <span class='ocr_line' id='line_1_39' title="bbox 900 3660 985 3710; baseline -0.024 0"><span class='ocrx_word' id='word_1_295' title='bbox 900 3660 985 3710; x_wconf 82' lang='grc'>18.</span> 
     </span>
    </p>
   </div>
   <div class='ocr_carea' id='block_1_11' title="bbox 182 3764 1728 4060">
    <p class='ocr_par' dir='ltr' id='par_1_11' title="bbox 182 3764 1728 4060">
     <span class='ocr_line' id='line_1_40' title="bbox 235 3764 1723 3828; baseline -0.003 -11"><span class='ocrx_word' id='word_1_296' title='bbox 235 3769 299 3816; x_wconf 79' lang='lat' dir='ltr'>Ex</span> <span class='ocrx_word' id='word_1_297' title='bbox 332 3767 405 3817; x_wconf 81' lang='lat' dir='ltr'>his</span> <span class='ocrx_word' id='word_1_298' title='bbox 429 3767 624 3817; x_wconf 85' lang='lat' dir='ltr'><strong>duobus</strong></span> <span class='ocrx_word' id='word_1_299' title='bbox 641 3766 863 3816; x_wconf 76' lang='lat' dir='ltr'><strong>maximis</strong></span> <span class='ocrx_word' id='word_1_300' title='bbox 891 3765 1078 3828; x_wconf 82' lang='lat' dir='ltr'><strong>fluviis,</strong></span> <span class='ocrx_word' id='word_1_301' title='bbox 1097 3768 1257 3827; x_wconf 80' lang='lat' dir='ltr'><strong>Gange</strong></span> <span class='ocrx_word' id='word_1_302' title='bbox 1280 3767 1427 3828; x_wconf 80' lang='lat' dir='ltr'><strong>atque</strong></span> <span class='ocrx_word' id='word_1_303' title='bbox 1447 3764 1595 3825; x_wconf 79' lang='lat' dir='ltr'><strong>Indo,</strong></span> <span class='ocrx_word' id='word_1_304' title='bbox 1621 3766 1723 3813; x_wconf 75' lang='lat' dir='ltr'>Me-</span> 
     </span>
     <span class='ocr_line' id='line_1_41' title="bbox 182 3840 1727 3905; baseline -0.001 -14"><span class='ocrx_word' id='word_1_305' title='bbox 182 3844 416 3904; x_wconf 74' lang='lat' dir='ltr'><strong>gasthenes</strong></span> <span class='ocrx_word' id='word_1_306' title='bbox 449 3846 669 3905; x_wconf 79' lang='lat' dir='ltr'><strong>Gangem</strong></span> <span class='ocrx_word' id='word_1_307' title='bbox 701 3841 823 3892; x_wconf 86' lang='lat' dir='ltr'><strong>lndo</strong></span> <span class='ocrx_word' id='word_1_308' title='bbox 876 3842 1014 3903; x_wconf 80' lang='lat' dir='ltr'><strong>longe</strong></span> <span class='ocrx_word' id='word_1_309' title='bbox 1042 3841 1272 3902; x_wconf 73' lang='lat' dir='ltr'><strong>maiorem</strong></span> <span class='ocrx_word' id='word_1_310' title='bbox 1300 3855 1402 3891; x_wconf 82' lang='lat' dir='ltr'><strong>esse</strong></span> <span class='ocrx_word' id='word_1_311' title='bbox 1440 3840 1633 3901; x_wconf 78' lang='lat' dir='ltr'><strong>scribit,</strong></span> <span class='ocrx_word' id='word_1_312' title='bbox 1676 3842 1727 3890; x_wconf 91' lang='lat' dir='ltr'>et</span> 
     </span>
     <span class='ocr_line' id='line_1_42' title="bbox 184 3913 1728 3983; baseline 0.001 -16"><span class='ocrx_word' id='word_1_313' title='bbox 184 3913 259 3967; x_wconf 75' lang='lat' dir='ltr'><strong>alii</strong></span> <span class='ocrx_word' id='word_1_314' title='bbox 292 3931 455 3970; x_wconf 68' lang='lat' dir='ltr'><strong>omnoe</strong></span> <span class='ocrx_word' id='word_1_315' title='bbox 484 3921 573 3983; x_wconf 85' lang='lat' dir='ltr'>qni</span> <span class='ocrx_word' id='word_1_316' title='bbox 609 3920 788 3981; x_wconf 81' lang='lat' dir='ltr'><strong>Gangis</strong></span> <span class='ocrx_word' id='word_1_317' title='bbox 820 3920 1110 3969; x_wconf 77' lang='lat' dir='ltr'><strong>mentionem</strong></span> <span class='ocrx_word' id='word_1_318' title='bbox 1144 3919 1343 3968; x_wconf 78' lang='lat' dir='ltr'><strong>iaciunt.</strong></span> <span class='ocrx_word' id='word_1_319' title='bbox 1406 3919 1474 3981; x_wconf 77' lang='grc'>(3)</span> <span class='ocrx_word' id='word_1_320' title='bbox 1514 3922 1636 3969; x_wconf 80' lang='lat' dir='ltr'>Nam</span> <span class='ocrx_word' id='word_1_321' title='bbox 1678 3921 1728 3969; x_wconf 75' lang='lat' dir='ltr'>et</span> 
     </span>
     <span class='ocr_line' id='line_1_43' title="bbox 182 3996 1727 4060; baseline -0.001 -14"><span class='ocrx_word' id='word_1_322' title='bbox 182 3997 395 4056; x_wconf 60' lang='lat' dir='ltr'><strong>mandem</strong></span> <span class='ocrx_word' id='word_1_323' title='bbox 414 3997 515 4057; x_wconf 79' lang='lat' dir='ltr'>iam</span> <span class='ocrx_word' id='word_1_324' title='bbox 543 3996 657 4047; x_wconf 85' lang='lat' dir='ltr'><strong>inde</strong></span> <span class='ocrx_word' id='word_1_325' title='bbox 681 3997 742 4046; x_wconf 90' lang='lat' dir='ltr'>ab</span> <span class='ocrx_word' id='word_1_326' title='bbox 761 3997 872 4060; x_wconf 83' lang='lat' dir='ltr'><strong>ipsis</strong></span> <span class='ocrx_word' id='word_1_327' title='bbox 894 3997 1104 4046; x_wconf 76' lang='lat' dir='ltr'><strong>sontibus</strong></span> <span class='ocrx_word' id='word_1_328' title='bbox 1124 3997 1263 4056; x_wconf 87' lang='lat' dir='ltr'><strong>oriri,</strong></span> <span class='ocrx_word' id='word_1_329' title='bbox 1293 4000 1439 4060; x_wconf 83' lang='lat' dir='ltr'><strong>atque</strong></span> <span class='ocrx_word' id='word_1_330' title='bbox 1460 3998 1509 4046; x_wconf 91' lang='lat' dir='ltr'>in</span> <span class='ocrx_word' id='word_1_331' title='bbox 1525 4007 1579 4047; x_wconf 85' lang='lat' dir='ltr'>se</span> <span class='ocrx_word' id='word_1_332' title='bbox 1602 3996 1727 4045; x_wconf 85' lang='lat' dir='ltr'><strong>reci·</strong></span> 
     </span>
    </p>
   </div>
   <div class='ocr_carea' id='block_1_12' title="bbox 1761 3569 1770 3789">
    <p class='ocr_par' dir='ltr' id='par_1_12' title="bbox 1761 3569 1770 3789">
     <span class='ocr_line' id='line_1_44' title="bbox 1761 3569 1770 3789; baseline 0 2253"><span class='ocrx_word' id='word_1_333' title='bbox 1761 3569 1770 3789; x_wconf 95' lang='lat' dir='ltr'> </span> 
     </span>
    </p>
   </div>
   <div class='ocr_carea' id='block_1_13' title="bbox 1764 3791 1775 4039">
    <p class='ocr_par' dir='ltr' id='par_1_13' title="bbox 1764 3791 1775 4039">
     <span class='ocr_line' id='line_1_45' title="bbox 1764 3791 1775 4039; baseline 0 2003"><span class='ocrx_word' id='word_1_334' title='bbox 1764 3791 1775 4039; x_wconf 95' lang='lat' dir='ltr'> </span> 
     </span>
    </p>
   </div>
   <div class='ocr_carea' id='block_1_14' title="bbox 1766 1045 3346 2515">
    <p class='ocr_par' dir='ltr' id='par_1_14' title="bbox 1766 1045 3346 2515">
     <span class='ocr_line' id='line_1_46' title="bbox 1766 1045 3321 1129; baseline -0.005 -21"><span class='ocrx_word' id='word_1_335' title='bbox 1766 1049 1912 1110; x_wconf 78' lang='grc' dir='ltr'>ὅαισι</span> <span class='ocrx_word' id='word_1_336' title='bbox 1940 1054 1956 1120; x_wconf 92' lang='grc'>(</span> <span class='ocrx_word' id='word_1_337' title='bbox 1971 1073 2024 1107; x_wconf 74' lang='lat' dir='ltr'>v.</span> <span class='ocrx_word' id='word_1_338' title='bbox 2054 1054 2096 1110; x_wconf 89' lang='lat' dir='ltr'>l.</span> <span class='ocrx_word' id='word_1_339' title='bbox 2130 1049 2462 1129; x_wconf 78' lang='grc' dir='ltr'>Ἀστρύὸαις)</span> <span class='ocrx_word' id='word_1_340' title='bbox 2490 1047 2685 1106; x_wconf 78' lang='grc' dir='ltr'>καὶτὸν</span> <span class='ocrx_word' id='word_1_341' title='bbox 2715 1049 2999 1126; x_wconf 84' lang='grc' dir='ltr'>Σαράγγην</span> <span class='ocrx_word' id='word_1_342' title='bbox 3022 1050 3080 1105; x_wconf 82' lang='grc' dir='ltr'>ἐκ</span> <span class='ocrx_word' id='word_1_343' title='bbox 3101 1045 3321 1117; x_wconf 80' lang='grc' dir='ltr'>Κηκέων</span> 
     </span>
     <span class='ocr_line' id='line_1_47' title="bbox 1766 1134 3316 1215; baseline 0 -21"><span class='ocrx_word' id='word_1_344' title='bbox 1766 1141 1857 1215; x_wconf 73' lang='grc' dir='ltr'>(ν.</span> <span class='ocrx_word' id='word_1_345' title='bbox 1886 1142 1926 1198; x_wconf 88' lang='lat' dir='ltr'>l.</span> <span class='ocrx_word' id='word_1_346' title='bbox 1957 1137 2193 1209; x_wconf 79' lang='grc' dir='ltr'>Κηνέων,</span> <span class='ocrx_word' id='word_1_347' title='bbox 2215 1135 2467 1209; x_wconf 85' lang='grc' dir='ltr'>Μηκέων,</span> <span class='ocrx_word' id='word_1_348' title='bbox 2485 1156 2665 1196; x_wconf 86' lang='lat' dir='ltr'><strong>saner.</strong></span> <span class='ocrx_word' id='word_1_349' title='bbox 2697 1136 2940 1212; x_wconf 70' lang='grc' dir='ltr'>ΟέσαῘα)</span> <span class='ocrx_word' id='word_1_350' title='bbox 2965 1134 3053 1192; x_wconf 79' lang='grc' dir='ltr'>καὶ</span> <span class='ocrx_word' id='word_1_351' title='bbox 3076 1134 3160 1192; x_wconf 80' lang='grc' dir='ltr'>τὸν</span> <span class='ocrx_word' id='word_1_352' title='bbox 3180 1140 3316 1198; x_wconf 88' lang='grc' dir='ltr'>Νεῦ-</span> 
     </span>
     <span class='ocr_line' id='line_1_48' title="bbox 1766 1221 3327 1306; baseline -0.001 -23"><span class='ocrx_word' id='word_1_353' title='bbox 1766 1227 1884 1306; x_wconf 87' lang='grc' dir='ltr'>δρον</span> <span class='ocrx_word' id='word_1_354' title='bbox 1900 1224 1950 1292; x_wconf 76' lang='grc' dir='ltr'>ἐξ</span> <span class='ocrx_word' id='word_1_355' title='bbox 1963 1224 2308 1296; x_wconf 83' lang='grc' dir='ltr'>Ἀττακηνῶν,</span> <span class='ocrx_word' id='word_1_356' title='bbox 2332 1226 2382 1290; x_wconf 82' lang='grc' dir='ltr'>ἐς</span> <span class='ocrx_word' id='word_1_357' title='bbox 2393 1221 2657 1293; x_wconf 83' lang='grc' dir='ltr'>Ἀ’κεσίνην</span> <span class='ocrx_word' id='word_1_358' title='bbox 2676 1221 3046 1298; x_wconf 75' lang='grc' dir='ltr'>ἐμὸάλλουσιν.</span> <span class='ocrx_word' id='word_1_359' title='bbox 3076 1226 3143 1300; x_wconf 77' lang='lat' dir='ltr'><strong>(a)</strong></span> <span class='ocrx_word' id='word_1_360' title='bbox 3163 1223 3327 1283; x_wconf 82' lang='grc' dir='ltr'>Ὑδά-</span> 
     </span>
     <span class='ocr_line' id='line_1_49' title="bbox 1768 1308 3325 1390; baseline -0.003 -20"><span class='ocrx_word' id='word_1_361' title='bbox 1768 1336 1902 1383; x_wconf 90' lang='grc' dir='ltr'>σπης</span> <span class='ocrx_word' id='word_1_362' title='bbox 1927 1316 1980 1370; x_wconf 79' lang='grc' dir='ltr'>ἐν</span> <span class='ocrx_word' id='word_1_363' title='bbox 2004 1313 2070 1388; x_wconf 40' lang='grc' dir='ltr'>δὲ,</span> <span class='ocrx_word' id='word_1_364' title='bbox 2087 1309 2485 1389; x_wconf 80' lang='grc' dir='ltr'>Ὀξυδράκαισιν</span> <span class='ocrx_word' id='word_1_365' title='bbox 2517 1308 2656 1387; x_wconf 80' lang='grc' dir='ltr'>ἄγων</span> <span class='ocrx_word' id='word_1_366' title='bbox 2682 1308 2796 1385; x_wconf 82' lang='grc' dir='ltr'>ἅμα</span> <span class='ocrx_word' id='word_1_367' title='bbox 2821 1311 2869 1367; x_wconf 77' lang='grc' dir='ltr'>οἳ</span> <span class='ocrx_word' id='word_1_368' title='bbox 2894 1308 2981 1367; x_wconf 78' lang='grc' dir='ltr'>τὸν</span> <span class='ocrx_word' id='word_1_369' title='bbox 3015 1309 3236 1390; x_wconf 87' lang='grc' dir='ltr'>Σίναρον</span> <span class='ocrx_word' id='word_1_370' title='bbox 3271 1315 3325 1370; x_wconf 78' lang='grc' dir='ltr'>ἐν</span> 
     </span>
     <span class='ocr_line' id='line_1_50' title="bbox 1770 1387 3326 1479; baseline -0.002 -22"><span class='ocrx_word' id='word_1_371' title='bbox 1770 1400 2082 1479; x_wconf 84' lang='grc' dir='ltr'>Ἀρίσπαισι,</span> <span class='ocrx_word' id='word_1_372' title='bbox 2111 1400 2159 1464; x_wconf 85' lang='grc' dir='ltr'>ἐς</span> <span class='ocrx_word' id='word_1_373' title='bbox 2170 1398 2256 1456; x_wconf 80' lang='grc' dir='ltr'>τὸν</span> <span class='ocrx_word' id='word_1_374' title='bbox 2273 1396 2536 1466; x_wconf 83' lang='grc' dir='ltr'>Ἀκεσίνην</span> <span class='ocrx_word' id='word_1_375' title='bbox 2563 1397 2755 1454; x_wconf 79' lang='grc' dir='ltr'>ἐκδιδοῖ</span> <span class='ocrx_word' id='word_1_376' title='bbox 2772 1395 2862 1454; x_wconf 73' lang='grc' dir='ltr'>καὶ</span> <span class='ocrx_word' id='word_1_377' title='bbox 2885 1387 3049 1462; x_wconf 69' lang='grc' dir='ltr'>οὗτος.</span> <span class='ocrx_word' id='word_1_378' title='bbox 3069 1398 3159 1473; x_wconf 77' lang='grc' dir='ltr'>(ιο)</span> <span class='ocrx_word' id='word_1_379' title='bbox 3183 1397 3250 1457; x_wconf 90' lang='grc' dir='ltr'>Ὁ</span> <span class='ocrx_word' id='word_1_380' title='bbox 3271 1397 3326 1455; x_wconf 80' lang='grc' dir='ltr'>δὲ</span> 
     </span>
     <span class='ocr_line' id='line_1_51' title="bbox 1770 1483 3326 1563; baseline -0.002 -18"><span class='ocrx_word' id='word_1_381' title='bbox 1770 1486 2030 1559; x_wconf 83' lang='grc' dir='ltr'>Ἀκεσίνης</span> <span class='ocrx_word' id='word_1_382' title='bbox 2048 1489 2100 1544; x_wconf 81' lang='grc' dir='ltr'>ἐν</span> <span class='ocrx_word' id='word_1_383' title='bbox 2117 1487 2349 1550; x_wconf 86' lang='grc' dir='ltr'>Μαλλοῖς</span> <span class='ocrx_word' id='word_1_384' title='bbox 2365 1483 2647 1560; x_wconf 76' lang='grc' dir='ltr'>ξυμὸάλλει</span> <span class='ocrx_word' id='word_1_385' title='bbox 2664 1487 2739 1562; x_wconf 89' lang='grc' dir='ltr'>τῷ</span> <span class='ocrx_word' id='word_1_386' title='bbox 2757 1484 2923 1563; x_wconf 89' lang='grc' dir='ltr'>Ἰνδῷ·</span> <span class='ocrx_word' id='word_1_387' title='bbox 2949 1485 3040 1542; x_wconf 85' lang='grc' dir='ltr'>καὶ</span> <span class='ocrx_word' id='word_1_388' title='bbox 3053 1485 3326 1549; x_wconf 83' lang='grc' dir='ltr'>Τούταπος</span> 
     </span>
     <span class='ocr_line' id='line_1_52' title="bbox 1773 1570 3326 1651; baseline -0.002 -19"><span class='ocrx_word' id='word_1_389' title='bbox 1773 1574 1826 1632; x_wconf 85' lang='grc' dir='ltr'>δὲ</span> <span class='ocrx_word' id='word_1_390' title='bbox 1865 1573 2025 1651; x_wconf 86' lang='grc' dir='ltr'>μέγας</span> <span class='ocrx_word' id='word_1_391' title='bbox 2056 1573 2287 1648; x_wconf 80' lang='grc' dir='ltr'>ποταμὸς</span> <span class='ocrx_word' id='word_1_392' title='bbox 2316 1574 2365 1637; x_wconf 81' lang='grc' dir='ltr'>ἐς</span> <span class='ocrx_word' id='word_1_393' title='bbox 2395 1574 2482 1629; x_wconf 85' lang='grc' dir='ltr'>τὸν</span> <span class='ocrx_word' id='word_1_394' title='bbox 2509 1570 2775 1641; x_wconf 80' lang='grc' dir='ltr'>Ἀκεσίνην</span> <span class='ocrx_word' id='word_1_395' title='bbox 2815 1573 3024 1630; x_wconf 81' lang='grc' dir='ltr'>ἐκδιδοῖ.</span> <span class='ocrx_word' id='word_1_396' title='bbox 3111 1571 3326 1632; x_wconf 83' lang='grc' dir='ltr'>Τούτων</span> 
     </span>
     <span class='ocr_line' id='line_1_53' title="bbox 1773 1656 3333 1737; baseline -0.001 -19"><span class='ocrx_word' id='word_1_397' title='bbox 1773 1664 1801 1718; x_wconf 76' lang='grc' dir='ltr'>ὁ</span> <span class='ocrx_word' id='word_1_398' title='bbox 1822 1660 2082 1731; x_wconf 79' lang='grc' dir='ltr'>Ἀκεσίνης</span> <span class='ocrx_word' id='word_1_399' title='bbox 2101 1659 2415 1736; x_wconf 75' lang='grc' dir='ltr'>ἐμπλησθεὶς</span> <span class='ocrx_word' id='word_1_400' title='bbox 2436 1658 2525 1716; x_wconf 78' lang='grc' dir='ltr'>καὶ</span> <span class='ocrx_word' id='word_1_401' title='bbox 2545 1662 2609 1737; x_wconf 80' lang='grc' dir='ltr'>τῇ</span> <span class='ocrx_word' id='word_1_402' title='bbox 2627 1656 2869 1728; x_wconf 80' lang='grc' dir='ltr'>ἐπικλήσι</span> <span class='ocrx_word' id='word_1_403' title='bbox 2890 1656 3162 1728; x_wconf 71' lang='grc' dir='ltr'>ἐκνικήσας</span> <span class='ocrx_word' id='word_1_404' title='bbox 3181 1658 3333 1726; x_wconf 75' lang='grc' dir='ltr'>αὐτὸς</span> 
     </span>
     <span class='ocr_line' id='line_1_54' title="bbox 1774 1744 3335 1829; baseline -0.001 -23"><span class='ocrx_word' id='word_1_405' title='bbox 1774 1752 1850 1829; x_wconf 87' lang='grc' dir='ltr'>τῷ</span> <span class='ocrx_word' id='word_1_406' title='bbox 1860 1753 2060 1822; x_wconf 60' lang='grc' dir='ltr'>ῥωῦτοῦ</span> <span class='ocrx_word' id='word_1_407' title='bbox 2079 1748 2180 1820; x_wconf 82' lang='grc' dir='ltr'>ἤδη</span> <span class='ocrx_word' id='word_1_408' title='bbox 2201 1747 2448 1824; x_wconf 74' lang='grc' dir='ltr'>οὐνόματι</span> <span class='ocrx_word' id='word_1_409' title='bbox 2466 1745 2710 1805; x_wconf 75' lang='grc' dir='ltr'>ἐσὸάλλει</span> <span class='ocrx_word' id='word_1_410' title='bbox 2728 1749 2778 1811; x_wconf 78' lang='grc' dir='ltr'>ἐς</span> <span class='ocrx_word' id='word_1_411' title='bbox 2797 1744 2882 1803; x_wconf 81' lang='grc' dir='ltr'>τὸν</span> <span class='ocrx_word' id='word_1_412' title='bbox 2905 1745 3083 1806; x_wconf 88' lang='grc' dir='ltr'>Ἰνδόν·</span> <span class='ocrx_word' id='word_1_413' title='bbox 3103 1747 3192 1824; x_wconf 88' lang='grc' dir='ltr'>(ιι)</span> <span class='ocrx_word' id='word_1_414' title='bbox 3220 1751 3335 1807; x_wconf 85' lang='grc' dir='ltr'>Κω-</span> 
     </span>
     <span class='ocr_line' id='line_1_55' title="bbox 1777 1826 3334 1916; baseline -0.001 -23"><span class='ocrx_word' id='word_1_415' title='bbox 1777 1836 1877 1916; x_wconf 81' lang='grc' dir='ltr'>φὴν</span> <span class='ocrx_word' id='word_1_416' title='bbox 1906 1836 1959 1893; x_wconf 84' lang='grc' dir='ltr'>δὲ</span> <span class='ocrx_word' id='word_1_417' title='bbox 1989 1838 2040 1895; x_wconf 76' lang='grc' dir='ltr'>ἐν</span> <span class='ocrx_word' id='word_1_418' title='bbox 2089 1833 2521 1905; x_wconf 68' lang='grc' dir='ltr'>Πευκελαιήτιδιζ</span> <span class='ocrx_word' id='word_1_419' title='bbox 2561 1832 2674 1910; x_wconf 73' lang='grc' dir='ltr'>ἅμα</span> <span class='ocrx_word' id='word_1_420' title='bbox 2702 1826 2753 1891; x_wconf 75' lang='grc' dir='ltr'>οἶ</span> <span class='ocrx_word' id='word_1_421' title='bbox 2788 1831 2928 1909; x_wconf 74' lang='grc' dir='ltr'>ἄγων</span> <span class='ocrx_word' id='word_1_422' title='bbox 2977 1833 3334 1909; x_wconf 84' lang='grc' dir='ltr'>Μαλάμαντόν</span> 
     </span>
     <span class='ocr_line' id='line_1_56' title="bbox 1779 1919 3336 1998; baseline 0 -18"><span class='ocrx_word' id='word_1_423' title='bbox 1779 1926 1871 1998; x_wconf 77' lang='grc' dir='ltr'>(ν.</span> <span class='ocrx_word' id='word_1_424' title='bbox 1900 1927 1936 1982; x_wconf 94' lang='lat' dir='ltr'>l.</span> <span class='ocrx_word' id='word_1_425' title='bbox 1965 1922 2245 1982; x_wconf 85' lang='grc' dir='ltr'>Μάλαντον</span> <span class='ocrx_word' id='word_1_426' title='bbox 2266 1924 2284 1995; x_wconf 97' lang='grc'>)</span> <span class='ocrx_word' id='word_1_427' title='bbox 2311 1944 2365 1979; x_wconf 90' lang='grc' dir='ltr'>τε</span> <span class='ocrx_word' id='word_1_428' title='bbox 2386 1922 2474 1980; x_wconf 79' lang='grc' dir='ltr'>καὶ</span> <span class='ocrx_word' id='word_1_429' title='bbox 2495 1919 2729 1980; x_wconf 86' lang='grc' dir='ltr'>Σόαστον</span> <span class='ocrx_word' id='word_1_430' title='bbox 2743 1919 2832 1979; x_wconf 80' lang='grc' dir='ltr'>καὶ</span> <span class='ocrx_word' id='word_1_431' title='bbox 2857 1920 3133 1998; x_wconf 78' lang='grc' dir='ltr'>Γαρροίαν,</span> <span class='ocrx_word' id='word_1_432' title='bbox 3146 1923 3336 1980; x_wconf 79' lang='grc' dir='ltr'>ἐκδιδοῖ</span> 
     </span>
     <span class='ocr_line' id='line_1_57' title="bbox 1780 2005 3334 2089; baseline -0.003 -22"><span class='ocrx_word' id='word_1_433' title='bbox 1780 2012 1831 2075; x_wconf 83' lang='grc' dir='ltr'>ἐς</span> <span class='ocrx_word' id='word_1_434' title='bbox 1852 2008 1938 2067; x_wconf 80' lang='grc' dir='ltr'>τὸν</span> <span class='ocrx_word' id='word_1_435' title='bbox 1964 2006 2141 2069; x_wconf 90' lang='grc' dir='ltr'>Ἰνδόν.</span> <span class='ocrx_word' id='word_1_436' title='bbox 2183 2008 2279 2089; x_wconf 77' lang='lat'>(12)</span> <span class='ocrx_word' id='word_1_437' title='bbox 2301 2006 2605 2087; x_wconf 77' lang='grc' dir='ltr'>Καθόπερθε</span> <span class='ocrx_word' id='word_1_438' title='bbox 2629 2005 2685 2086; x_wconf 59' lang='grc' dir='ltr'>δὲ</span> <span class='ocrx_word' id='word_1_439' title='bbox 2703 2006 2897 2065; x_wconf 86' lang='grc' dir='ltr'>τούτων</span> <span class='ocrx_word' id='word_1_440' title='bbox 2927 2006 3156 2085; x_wconf 80' lang='grc' dir='ltr'>Πάρενος</span> <span class='ocrx_word' id='word_1_441' title='bbox 3188 2008 3275 2082; x_wconf 73' lang='grc' dir='ltr'>(ν.</span> <span class='ocrx_word' id='word_1_442' title='bbox 3300 2012 3334 2065; x_wconf 89' lang='lat' dir='ltr'>l.</span> 
     </span>
     <span class='ocr_line' id='line_1_58' title="bbox 1784 2091 3336 2173; baseline -0.001 -20"><span class='ocrx_word' id='word_1_443' title='bbox 1784 2092 2079 2173; x_wconf 88' lang='grc' dir='ltr'>Πτάρενος)</span> <span class='ocrx_word' id='word_1_444' title='bbox 2110 2094 2199 2152; x_wconf 74' lang='grc' dir='ltr'>καὶ</span> <span class='ocrx_word' id='word_1_445' title='bbox 2228 2091 2531 2173; x_wconf 79' lang='grc' dir='ltr'>Σάπαρνος,</span> <span class='ocrx_word' id='word_1_446' title='bbox 2560 2095 2617 2151; x_wconf 78' lang='grc' dir='ltr'>οὗ</span> <span class='ocrx_word' id='word_1_447' title='bbox 2644 2092 2776 2151; x_wconf 79' lang='grc' dir='ltr'>πολὺ</span> <span class='ocrx_word' id='word_1_448' title='bbox 2806 2092 3061 2172; x_wconf 83' lang='grc' dir='ltr'>διέχοντες</span> <span class='ocrx_word' id='word_1_449' title='bbox 3081 2138 3097 2168; x_wconf 96' lang='grc'>,</span> <span class='ocrx_word' id='word_1_450' title='bbox 3128 2093 3336 2164; x_wconf 71' lang='grc' dir='ltr'>ἐμὸάλ-</span> 
     </span>
     <span class='ocr_line' id='line_1_59' title="bbox 1782 2178 3341 2258; baseline -0.001 -19"><span class='ocrx_word' id='word_1_451' title='bbox 1782 2183 1959 2240; x_wconf 87' lang='grc' dir='ltr'>λουσιν</span> <span class='ocrx_word' id='word_1_452' title='bbox 1989 2184 2039 2248; x_wconf 82' lang='grc' dir='ltr'>ἐς</span> <span class='ocrx_word' id='word_1_453' title='bbox 2077 2180 2164 2239; x_wconf 83' lang='grc' dir='ltr'>τὸν</span> <span class='ocrx_word' id='word_1_454' title='bbox 2202 2180 2387 2241; x_wconf 86' lang='grc' dir='ltr'>Ἰνδόν.</span> <span class='ocrx_word' id='word_1_455' title='bbox 2433 2179 2628 2246; x_wconf 86' lang='grc' dir='ltr'>Σόανος</span> <span class='ocrx_word' id='word_1_456' title='bbox 2664 2178 2746 2253; x_wconf 82' lang='grc' dir='ltr'>δὲ,</span> <span class='ocrx_word' id='word_1_457' title='bbox 2784 2181 2844 2238; x_wconf 79' lang='grc' dir='ltr'>ἐκ</span> <span class='ocrx_word' id='word_1_458' title='bbox 2887 2184 2981 2251; x_wconf 76' lang='grc' dir='ltr'>τῆς</span> <span class='ocrx_word' id='word_1_459' title='bbox 3018 2182 3215 2258; x_wconf 78' lang='grc' dir='ltr'>ὀρεινῆς</span> <span class='ocrx_word' id='word_1_460' title='bbox 3249 2185 3341 2250; x_wconf 76' lang='grc' dir='ltr'>τῆς</span> 
     </span>
     <span class='ocr_line' id='line_1_60' title="bbox 1785 2267 3343 2347; baseline -0.003 -19"><span class='ocrx_word' id='word_1_461' title='bbox 1785 2267 2134 2347; x_wconf 76' lang='grc' dir='ltr'>Ἀὅισσαρέων</span> <span class='ocrx_word' id='word_1_462' title='bbox 2164 2268 2309 2341; x_wconf 86' lang='lat' dir='ltr'><strong>(em.</strong></span> <span class='ocrx_word' id='word_1_463' title='bbox 2340 2271 2596 2327; x_wconf 81' lang='lat' dir='ltr'><strong>Diibner.</strong></span> <span class='ocrx_word' id='word_1_464' title='bbox 2635 2280 2692 2325; x_wconf 85' lang='lat' dir='ltr'>et</span> <span class='ocrx_word' id='word_1_465' title='bbox 2723 2272 2977 2339; x_wconf 84' lang='lat' dir='ltr'><strong>Lassen.;</strong></span> <span class='ocrx_word' id='word_1_466' title='bbox 3013 2269 3185 2326; x_wconf 87' lang='lat' dir='ltr'><strong>codd.</strong></span> <span class='ocrx_word' id='word_1_467' title='bbox 3231 2269 3343 2327; x_wconf 86' lang='grc' dir='ltr'>Σα-</span> 
     </span>
     <span class='ocr_line' id='line_1_61' title="bbox 1788 2352 3344 2436; baseline -0.001 -24"><span class='ocrx_word' id='word_1_468' title='bbox 1788 2353 1945 2413; x_wconf 78' lang='grc' dir='ltr'>ὅίσσα</span> <span class='ocrx_word' id='word_1_469' title='bbox 1982 2353 2126 2436; x_wconf 77' lang='grc' dir='ltr'>ῥέων.</span> <span class='ocrx_word' id='word_1_470' title='bbox 2157 2352 2508 2434; x_wconf 82' lang='grc' dir='ltr'>Βησσαρέων)</span> <span class='ocrx_word' id='word_1_471' title='bbox 2530 2397 2547 2425; x_wconf 91' lang='grc'>,</span> <span class='ocrx_word' id='word_1_472' title='bbox 2569 2352 2761 2430; x_wconf 70' lang='grc' dir='ltr'>ἔρημος</span> <span class='ocrx_word' id='word_1_473' title='bbox 2784 2353 2944 2411; x_wconf 81' lang='grc' dir='ltr'>ἄλλου</span> <span class='ocrx_word' id='word_1_474' title='bbox 2963 2358 3230 2429; x_wconf 85' lang='grc' dir='ltr'>ποταμοῦ,</span> <span class='ocrx_word' id='word_1_475' title='bbox 3260 2356 3344 2412; x_wconf 81' lang='grc' dir='ltr'>ἐκ·</span> 
     </span>
     <span class='ocr_line' id='line_1_62' title="bbox 1789 2436 3346 2515; baseline -0.002 -16"><span class='ocrx_word' id='word_1_476' title='bbox 1789 2442 1918 2499; x_wconf 89' lang='grc' dir='ltr'>διδοῖ</span> <span class='ocrx_word' id='word_1_477' title='bbox 1938 2442 1988 2507; x_wconf 71' lang='grc' dir='ltr'>ἐς</span> <span class='ocrx_word' id='word_1_478' title='bbox 2007 2437 2184 2499; x_wconf 78' lang='grc' dir='ltr'>αὐτόν.</span> <span class='ocrx_word' id='word_1_479' title='bbox 2260 2440 2370 2500; x_wconf 78' lang='grc' dir='ltr'>Καὶ</span> <span class='ocrx_word' id='word_1_480' title='bbox 2388 2439 2582 2498; x_wconf 86' lang='grc' dir='ltr'>τούτων</span> <span class='ocrx_word' id='word_1_481' title='bbox 2608 2436 2726 2505; x_wconf 80' lang='grc' dir='ltr'>τοὺς</span> <span class='ocrx_word' id='word_1_482' title='bbox 2752 2437 2972 2505; x_wconf 77' lang='grc' dir='ltr'>πολλοὺς</span> <span class='ocrx_word' id='word_1_483' title='bbox 3007 2438 3346 2515; x_wconf 81' lang='grc' dir='ltr'>Μεγασθένης</span> 
     </span>
    </p>
   </div>
   <div class='ocr_carea' id='block_1_15' title="bbox 1787 2516 3361 3292">
    <p class='ocr_par' dir='ltr' id='par_1_15' title="bbox 1787 2516 2444 2596">
     <span class='ocr_line' id='line_1_63' title="bbox 1787 2516 2444 2596; baseline 0.002 -19"><span class='ocrx_word' id='word_1_484' title='bbox 1787 2518 1954 2596; x_wconf 86' lang='grc' dir='ltr'>λέγει,</span> <span class='ocrx_word' id='word_1_485' title='bbox 1977 2517 2055 2576; x_wconf 81' lang='grc' dir='ltr'>ὅτι</span> <span class='ocrx_word' id='word_1_486' title='bbox 2078 2516 2274 2576; x_wconf 79' lang='grc' dir='ltr'>πλωτοί</span> <span class='ocrx_word' id='word_1_487' title='bbox 2296 2520 2444 2578; x_wconf 73' lang='grc' dir='ltr'>εἰσιν.</span> 
     </span>
    </p>

    <p class='ocr_par' dir='ltr' id='par_1_16' title="bbox 1792 2600 3361 3292">
     <span class='ocr_line' id='line_1_64' title="bbox 1871 2600 3347 2683; baseline -0.001 -19"><span class='ocrx_word' id='word_1_488' title='bbox 1871 2608 2032 2664; x_wconf 82' lang='lat' dir='ltr'>Idem</span> <span class='ocrx_word' id='word_1_489' title='bbox 2058 2605 2090 2663; x_wconf 86' lang='lat'>5</span> <span class='ocrx_word' id='word_1_490' title='bbox 2121 2648 2137 2677; x_wconf 90' lang='lat'><strong>,</strong></span> <span class='ocrx_word' id='word_1_491' title='bbox 2178 2626 2200 2662; x_wconf 86' lang='lat'>1</span> <span class='ocrx_word' id='word_1_492' title='bbox 2239 2627 2254 2662; x_wconf 72' lang='grc' dir='ltr'>ε</span> <span class='ocrx_word' id='word_1_493' title='bbox 2282 2604 2363 2665; x_wconf 86' lang='grc' dir='ltr'>Τὸ</span> <span class='ocrx_word' id='word_1_494' title='bbox 2395 2605 2447 2663; x_wconf 76' lang='grc' dir='ltr'>δὲ</span> <span class='ocrx_word' id='word_1_495' title='bbox 2477 2601 2640 2662; x_wconf 74' lang='grc' dir='ltr'>αἴτιον</span> <span class='ocrx_word' id='word_1_496' title='bbox 2670 2600 2809 2670; x_wconf 80' lang='grc' dir='ltr'>ὅστις</span> <span class='ocrx_word' id='word_1_497' title='bbox 2829 2600 2991 2662; x_wconf 79' lang='grc' dir='ltr'>ἐθέλει</span> <span class='ocrx_word' id='word_1_498' title='bbox 3019 2603 3227 2683; x_wconf 77' lang='grc' dir='ltr'>φράζειν</span> <span class='ocrx_word' id='word_1_499' title='bbox 3256 2609 3347 2663; x_wconf 85' lang='grc' dir='ltr'>τοῦ</span> 
     </span>
     <span class='ocr_line' id='line_1_65' title="bbox 1792 2688 3346 2771; baseline -0.002 -20"><span class='ocrx_word' id='word_1_500' title='bbox 1792 2690 2012 2763; x_wconf 83' lang='grc' dir='ltr'>πλήθεός</span> <span class='ocrx_word' id='word_1_501' title='bbox 2025 2715 2083 2751; x_wconf 84' lang='grc' dir='ltr'>τε</span> <span class='ocrx_word' id='word_1_502' title='bbox 2108 2690 2198 2749; x_wconf 80' lang='grc' dir='ltr'>καὶ</span> <span class='ocrx_word' id='word_1_503' title='bbox 2224 2691 2460 2768; x_wconf 85' lang='grc' dir='ltr'>μεγέθεος</span> <span class='ocrx_word' id='word_1_504' title='bbox 2479 2693 2580 2749; x_wconf 85' lang='grc' dir='ltr'>τῶν</span> <span class='ocrx_word' id='word_1_505' title='bbox 2598 2688 2772 2751; x_wconf 85' lang='grc' dir='ltr'>Ἰνδῶν</span> <span class='ocrx_word' id='word_1_506' title='bbox 2793 2693 3068 2765; x_wconf 87' lang='grc' dir='ltr'>ποταμῶν,</span> <span class='ocrx_word' id='word_1_507' title='bbox 3092 2689 3346 2771; x_wconf 81' lang='grc' dir='ltr'>φραζέτω·</span> 
     </span>
     <span class='ocr_line' id='line_1_66' title="bbox 1797 2775 3352 2856; baseline -0.003 -18"><span class='ocrx_word' id='word_1_508' title='bbox 1797 2778 1911 2856; x_wconf 85' lang='grc' dir='ltr'>ἐμοὶ</span> <span class='ocrx_word' id='word_1_509' title='bbox 1944 2775 2002 2836; x_wconf 63' lang='grc' dir='ltr'>δὲ</span> <span class='ocrx_word' id='word_1_510' title='bbox 2040 2777 2132 2837; x_wconf 80' lang='grc' dir='ltr'>καὶ</span> <span class='ocrx_word' id='word_1_511' title='bbox 2165 2781 2330 2836; x_wconf 84' lang='grc' dir='ltr'>ταῦτα</span> <span class='ocrx_word' id='word_1_512' title='bbox 2371 2781 2443 2845; x_wconf 82' lang='grc' dir='ltr'>ὡς</span> <span class='ocrx_word' id='word_1_513' title='bbox 2480 2776 2611 2847; x_wconf 73' lang='grc' dir='ltr'>ἀκοὴ</span> <span class='ocrx_word' id='word_1_514' title='bbox 2649 2775 3039 2856; x_wconf 77' lang='grc' dir='ltr'>ἀναγεγράφθω.</span> <span class='ocrx_word' id='word_1_515' title='bbox 3068 2775 3220 2837; x_wconf 75' lang='grc' dir='ltr'>Ἐπεὶ</span> <span class='ocrx_word' id='word_1_516' title='bbox 3260 2777 3352 2835; x_wconf 79' lang='grc' dir='ltr'>καὶ</span> 
     </span>
     <span class='ocr_line' id='line_1_67' title="bbox 1799 2862 3353 2942; baseline -0.002 -18"><span class='ocrx_word' id='word_1_517' title='bbox 1799 2867 1972 2924; x_wconf 85' lang='grc' dir='ltr'>ἄλλων</span> <span class='ocrx_word' id='word_1_518' title='bbox 1992 2865 2197 2923; x_wconf 81' lang='grc' dir='ltr'>πολλῶν</span> <span class='ocrx_word' id='word_1_519' title='bbox 2221 2868 2474 2942; x_wconf 88' lang='grc' dir='ltr'>ποταμῶν</span> <span class='ocrx_word' id='word_1_520' title='bbox 2492 2865 2755 2942; x_wconf 77' lang='grc' dir='ltr'>οὐνόματα</span> <span class='ocrx_word' id='word_1_521' title='bbox 2779 2863 3119 2940; x_wconf 83' lang='grc' dir='ltr'>Μεγασθένης</span> <span class='ocrx_word' id='word_1_522' title='bbox 3138 2862 3353 2941; x_wconf 80' lang='grc' dir='ltr'>ἀνέγρα-</span> 
     </span>
     <span class='ocr_line' id='line_1_68' title="bbox 1798 2947 3354 3034; baseline -0.004 -23"><span class='ocrx_word' id='word_1_523' title='bbox 1798 2957 1912 3034; x_wconf 72' lang='grc' dir='ltr'>ψεν.</span> <span class='ocrx_word' id='word_1_524' title='bbox 1940 2948 1990 3010; x_wconf 78' lang='grc' dir='ltr'>οἳ</span> <span class='ocrx_word' id='word_1_525' title='bbox 2016 2949 2116 3017; x_wconf 81' lang='grc' dir='ltr'>ἔξω</span> <span class='ocrx_word' id='word_1_526' title='bbox 2142 2956 2231 3009; x_wconf 90' lang='grc' dir='ltr'>τοῦ</span> <span class='ocrx_word' id='word_1_527' title='bbox 2270 2950 2489 3029; x_wconf 83' lang='grc' dir='ltr'>Γάγγεώ</span> <span class='ocrx_word' id='word_1_528' title='bbox 2522 2974 2577 3009; x_wconf 85' lang='grc' dir='ltr'>τε</span> <span class='ocrx_word' id='word_1_529' title='bbox 2610 2949 2700 3008; x_wconf 79' lang='grc' dir='ltr'>καὶ</span> <span class='ocrx_word' id='word_1_530' title='bbox 2737 2954 2827 3008; x_wconf 89' lang='grc' dir='ltr'>τοῦ</span> <span class='ocrx_word' id='word_1_531' title='bbox 2867 2947 3030 3008; x_wconf 89' lang='grc' dir='ltr'>Ἰνδοῦ</span> <span class='ocrx_word' id='word_1_532' title='bbox 3071 2950 3354 3007; x_wconf 75' lang='grc' dir='ltr'>ἐκδιδοῦσιν</span> 
     </span>
     <span class='ocr_line' id='line_1_69' title="bbox 1802 3035 3352 3118; baseline -0.002 -21"><span class='ocrx_word' id='word_1_533' title='bbox 1802 3044 1851 3107; x_wconf 72' lang='grc' dir='ltr'>ἐς</span> <span class='ocrx_word' id='word_1_534' title='bbox 1872 3037 1959 3097; x_wconf 79' lang='grc' dir='ltr'>τὸν</span> <span class='ocrx_word' id='word_1_535' title='bbox 1984 3038 2111 3118; x_wconf 78' lang='grc' dir='ltr'>ἑῷόν</span> <span class='ocrx_word' id='word_1_536' title='bbox 2139 3061 2196 3096; x_wconf 82' lang='grc' dir='ltr'>τε</span> <span class='ocrx_word' id='word_1_537' title='bbox 2236 3039 2329 3097; x_wconf 77' lang='grc' dir='ltr'>καὶ</span> <span class='ocrx_word' id='word_1_538' title='bbox 2358 3036 2711 3118; x_wconf 78' lang='grc' dir='ltr'>μεσημὸρινὸν</span> <span class='ocrx_word' id='word_1_539' title='bbox 2734 3035 2822 3095; x_wconf 74' lang='grc' dir='ltr'>τὸν</span> <span class='ocrx_word' id='word_1_540' title='bbox 2849 3035 2947 3104; x_wconf 75' lang='grc' dir='ltr'>ἔξω</span> <span class='ocrx_word' id='word_1_541' title='bbox 2977 3036 3188 3095; x_wconf 88' lang='grc' dir='ltr'>πόντον·</span> <span class='ocrx_word' id='word_1_542' title='bbox 3214 3035 3352 3095; x_wconf 80' lang='grc' dir='ltr'>ὥστε</span> 
     </span>
     <span class='ocr_line' id='line_1_70' title="bbox 1802 3122 3357 3200; baseline -0.002 -16"><span class='ocrx_word' id='word_1_543' title='bbox 1802 3125 1919 3193; x_wconf 80' lang='grc' dir='ltr'>τοὺς</span> <span class='ocrx_word' id='word_1_544' title='bbox 1933 3125 2132 3193; x_wconf 88' lang='grc' dir='ltr'>πάντας</span> <span class='ocrx_word' id='word_1_545' title='bbox 2157 3123 2294 3184; x_wconf 82' lang='grc' dir='ltr'>ὀκτὼ</span> <span class='ocrx_word' id='word_1_546' title='bbox 2322 3126 2411 3184; x_wconf 77' lang='grc' dir='ltr'>καὶ</span> <span class='ocrx_word' id='word_1_547' title='bbox 2435 3124 2754 3196; x_wconf 72' lang='grc' dir='ltr'>πεντήκοντα</span> <span class='ocrx_word' id='word_1_548' title='bbox 2778 3122 2920 3200; x_wconf 81' lang='grc' dir='ltr'>λέγει</span> <span class='ocrx_word' id='word_1_549' title='bbox 2947 3122 3027 3182; x_wconf 81' lang='grc' dir='ltr'>ὅτι</span> <span class='ocrx_word' id='word_1_550' title='bbox 3049 3122 3177 3182; x_wconf 80' lang='grc' dir='ltr'>εἰσὶν</span> <span class='ocrx_word' id='word_1_551' title='bbox 3199 3123 3357 3184; x_wconf 73' lang='grc' dir='ltr'>Ἰνδοὶ</span> 
     </span>
     <span class='ocr_line' id='line_1_71' title="bbox 1806 3209 3361 3292; baseline 0 -23"><span class='ocrx_word' id='word_1_552' title='bbox 1806 3216 2035 3288; x_wconf 80' lang='grc' dir='ltr'>ποταμοὶ</span> <span class='ocrx_word' id='word_1_553' title='bbox 2061 3210 2365 3292; x_wconf 76' lang='grc' dir='ltr'>ναυσίποροι</span> <span class='ocrx_word' id='word_1_554' title='bbox 2403 3212 2615 3279; x_wconf 86' lang='grc' dir='ltr'>πάντες.</span> <span class='ocrx_word' id='word_1_555' title='bbox 2698 3211 2836 3270; x_wconf 78' lang='grc' dir='ltr'>Ἀλλ’</span> <span class='ocrx_word' id='word_1_556' title='bbox 2866 3209 2982 3270; x_wconf 74' lang='grc' dir='ltr'>οὐδὲ</span> <span class='ocrx_word' id='word_1_557' title='bbox 3023 3209 3361 3287; x_wconf 83' lang='grc' dir='ltr'>Μεγασθένης</span> 
     </span>
    </p>
   </div>
   <div class='ocr_carea' id='block_1_16' title="bbox 1803 3379 3362 3442">
    <p class='ocr_par' dir='ltr' id='par_1_17' title="bbox 1803 3379 3362 3442">
     <span class='ocr_line' id='line_1_72' title="bbox 1803 3379 3362 3442; baseline -0.001 -13"><span class='ocrx_word' id='word_1_558' title='bbox 1803 3380 2073 3439; x_wconf 76' lang='lat' dir='ltr'><strong>Attacenis,</strong></span> <span class='ocrx_word' id='word_1_559' title='bbox 2101 3379 2153 3429; x_wconf 88' lang='lat' dir='ltr'>in</span> <span class='ocrx_word' id='word_1_560' title='bbox 2184 3381 2431 3430; x_wconf 81' lang='lat' dir='ltr'><strong>Acesinem</strong></span> <span class='ocrx_word' id='word_1_561' title='bbox 2455 3380 2583 3429; x_wconf 81' lang='lat' dir='ltr'><strong>lluit.</strong></span> <span class='ocrx_word' id='word_1_562' title='bbox 2651 3381 2719 3442; x_wconf 83' lang='grc'>(9)</span> <span class='ocrx_word' id='word_1_563' title='bbox 2753 3379 2995 3442; x_wconf 78' lang='lat' dir='ltr'><strong>Hydaspes</strong></span> <span class='ocrx_word' id='word_1_564' title='bbox 3012 3379 3194 3429; x_wconf 78' lang='lat' dir='ltr'><strong>veroin</strong></span> <span class='ocrx_word' id='word_1_565' title='bbox 3222 3382 3362 3439; x_wconf 75' lang='lat' dir='ltr'>Oxy-</span> 
     </span>
    </p>
   </div>
   <div class='ocr_carea' id='block_1_17' title="bbox 1757 3424 3364 3530">
    <p class='ocr_par' dir='ltr' id='par_1_18' title="bbox 1757 3424 3364 3530">
     <span class='ocr_line' id='line_1_73' title="bbox 1757 3424 3364 3530; baseline 0 -25"><span class='ocrx_word' id='word_1_566' title='bbox 1757 3424 1767 3530; x_wconf 61' lang='lat' dir='ltr'>J</span> <span class='ocrx_word' id='word_1_567' title='bbox 1803 3456 1960 3505; x_wconf 85' lang='lat' dir='ltr'><strong>dracis</strong></span> <span class='ocrx_word' id='word_1_568' title='bbox 1977 3457 2199 3506; x_wconf 86' lang='lat' dir='ltr'><strong>Sinarum</strong></span> <span class='ocrx_word' id='word_1_569' title='bbox 2213 3457 2261 3505; x_wconf 87' lang='lat' dir='ltr'>in</span> <span class='ocrx_word' id='word_1_570' title='bbox 2279 3469 2332 3506; x_wconf 87' lang='lat' dir='ltr'>se</span> <span class='ocrx_word' id='word_1_571' title='bbox 2352 3456 2600 3519; x_wconf 85' lang='lat' dir='ltr'><strong>recipiens,</strong></span> <span class='ocrx_word' id='word_1_572' title='bbox 2619 3457 2669 3506; x_wconf 85' lang='lat' dir='ltr'>in</span> <span class='ocrx_word' id='word_1_573' title='bbox 2689 3455 2868 3517; x_wconf 75' lang='lat' dir='ltr'><strong>Arispis</strong></span> <span class='ocrx_word' id='word_1_574' title='bbox 2882 3457 3026 3505; x_wconf 87' lang='lat' dir='ltr'><strong>etiam</strong></span> <span class='ocrx_word' id='word_1_575' title='bbox 3051 3456 3100 3505; x_wconf 89' lang='lat' dir='ltr'>in</span> <span class='ocrx_word' id='word_1_576' title='bbox 3118 3455 3364 3505; x_wconf 79' lang='lat' dir='ltr'><strong>Acesinem</strong></span> 
     </span>
    </p>
   </div>
   <div class='ocr_carea' id='block_1_18' title="bbox 1806 3531 3370 4053">
    <p class='ocr_par' dir='ltr' id='par_1_19' title="bbox 1806 3531 3370 4053">
     <span class='ocr_line' id='line_1_74' title="bbox 1806 3531 3363 3596; baseline -0.002 -14"><span class='ocrx_word' id='word_1_577' title='bbox 1806 3533 1972 3582; x_wconf 73' lang='lat' dir='ltr'><strong>fertur.</strong></span> <span class='ocrx_word' id='word_1_578' title='bbox 2036 3534 2139 3596; x_wconf 84' lang='grc' dir='ltr'>(ιο)</span> <span class='ocrx_word' id='word_1_579' title='bbox 2161 3533 2383 3583; x_wconf 77' lang='lat' dir='ltr'><strong>Acesines</strong></span> <span class='ocrx_word' id='word_1_580' title='bbox 2404 3532 2533 3595; x_wconf 85' lang='lat' dir='ltr'><strong>apud</strong></span> <span class='ocrx_word' id='word_1_581' title='bbox 2554 3533 2722 3582; x_wconf 68' lang='lat' dir='ltr'><strong>Mallos</strong></span> <span class='ocrx_word' id='word_1_582' title='bbox 2740 3545 2852 3581; x_wconf 87' lang='lat' dir='ltr'>cum</span> <span class='ocrx_word' id='word_1_583' title='bbox 2873 3532 2993 3582; x_wconf 83' lang='lat' dir='ltr'><strong>Indo</strong></span> <span class='ocrx_word' id='word_1_584' title='bbox 3010 3531 3329 3581; x_wconf 71' lang='lat' dir='ltr'><strong>committitur</strong></span> <span class='ocrx_word' id='word_1_585' title='bbox 3350 3550 3363 3580; x_wconf 68' lang='grc' dir='ltr'>ε</span> 
     </span>
     <span class='ocr_line' id='line_1_75' title="bbox 1806 3609 3367 3672; baseline 0.001 -14"><span class='ocrx_word' id='word_1_586' title='bbox 1806 3609 1954 3658; x_wconf 83' lang='lat' dir='ltr'><strong>etiam</strong></span> <span class='ocrx_word' id='word_1_587' title='bbox 1976 3612 2194 3672; x_wconf 85' lang='lat' dir='ltr'><strong>Tutapus</strong></span> <span class='ocrx_word' id='word_1_588' title='bbox 2219 3623 2422 3671; x_wconf 81' lang='lat' dir='ltr'><strong>magnus</strong></span> <span class='ocrx_word' id='word_1_589' title='bbox 2441 3610 2620 3659; x_wconf 82' lang='lat' dir='ltr'><strong>nuvius</strong></span> <span class='ocrx_word' id='word_1_590' title='bbox 2640 3610 2690 3659; x_wconf 91' lang='lat' dir='ltr'>in</span> <span class='ocrx_word' id='word_1_591' title='bbox 2720 3611 2972 3659; x_wconf 78' lang='lat' dir='ltr'><strong>Acesinem</strong></span> <span class='ocrx_word' id='word_1_592' title='bbox 3004 3610 3121 3660; x_wconf 83' lang='lat' dir='ltr'><strong>exit.</strong></span> <span class='ocrx_word' id='word_1_593' title='bbox 3181 3610 3367 3669; x_wconf 81' lang='lat' dir='ltr'><strong>Quibus</strong></span> 
     </span>
     <span class='ocr_line' id='line_1_76' title="bbox 1807 3685 3367 3749; baseline 0 -14"><span class='ocrx_word' id='word_1_594' title='bbox 1807 3686 2029 3735; x_wconf 88' lang='lat' dir='ltr'><strong>amnibus</strong></span> <span class='ocrx_word' id='word_1_595' title='bbox 2051 3687 2271 3736; x_wconf 65' lang='lat' dir='ltr'><strong>Acesines</strong></span> <span class='ocrx_word' id='word_1_596' title='bbox 2299 3685 2521 3749; x_wconf 79' lang='lat' dir='ltr'><strong>grandior</strong></span> <span class='ocrx_word' id='word_1_597' title='bbox 2557 3688 2712 3736; x_wconf 75' lang='lat' dir='ltr'><strong>factus</strong></span> <span class='ocrx_word' id='word_1_598' title='bbox 2741 3699 2983 3748; x_wconf 79' lang='lat' dir='ltr'><strong>suumque</strong></span> <span class='ocrx_word' id='word_1_599' title='bbox 3014 3687 3169 3736; x_wconf 79' lang='lat' dir='ltr'><strong>victor</strong></span> <span class='ocrx_word' id='word_1_600' title='bbox 3189 3700 3367 3737; x_wconf 89' lang='lat' dir='ltr'><strong>nomen</strong></span> 
     </span>
     <span class='ocr_line' id='line_1_77' title="bbox 1810 3764 3366 3827; baseline 0.001 -15"><span class='ocrx_word' id='word_1_601' title='bbox 1810 3764 2019 3813; x_wconf 83' lang='lat' dir='ltr'><strong>retinens</strong></span> <span class='ocrx_word' id='word_1_602' title='bbox 2046 3764 2094 3813; x_wconf 90' lang='lat' dir='ltr'>in</span> <span class='ocrx_word' id='word_1_603' title='bbox 2121 3764 2299 3814; x_wconf 84' lang='lat' dir='ltr'><strong>Indum</strong></span> <span class='ocrx_word' id='word_1_604' title='bbox 2333 3765 2500 3814; x_wconf 82' lang='lat' dir='ltr'><strong>iertur.</strong></span> <span class='ocrx_word' id='word_1_605' title='bbox 2569 3766 2666 3827; x_wconf 79' lang='grc' dir='ltr'>(ιι)</span> <span class='ocrx_word' id='word_1_606' title='bbox 2702 3765 2899 3827; x_wconf 78' lang='lat' dir='ltr'>Cophen</span> <span class='ocrx_word' id='word_1_607' title='bbox 2917 3765 2967 3813; x_wconf 89' lang='lat' dir='ltr'>in</span> <span class='ocrx_word' id='word_1_608' title='bbox 2992 3765 3333 3814; x_wconf 80' lang='lat' dir='ltr'><strong>Peucelaeetide</strong></span> <span class='ocrx_word' id='word_1_609' title='bbox 3351 3802 3366 3827; x_wconf 92' lang='lat'>,</span> 
     </span>
     <span class='ocr_line' id='line_1_78' title="bbox 1810 3841 3367 3902; baseline 0.001 -13"><span class='ocrx_word' id='word_1_610' title='bbox 1810 3841 1991 3891; x_wconf 88' lang='lat' dir='ltr'><strong>ducens</strong></span> <span class='ocrx_word' id='word_1_611' title='bbox 2007 3853 2170 3890; x_wconf 82' lang='lat' dir='ltr'><strong>secum</strong></span> <span class='ocrx_word' id='word_1_612' title='bbox 2190 3841 2529 3891; x_wconf 76' lang='lat' dir='ltr'><strong>Malamanium</strong></span> <span class='ocrx_word' id='word_1_613' title='bbox 2542 3878 2556 3902; x_wconf 87' lang='lat'>,</span> <span class='ocrx_word' id='word_1_614' title='bbox 2577 3844 2798 3891; x_wconf 84' lang='lat' dir='ltr'><strong>Soastum</strong></span> <span class='ocrx_word' id='word_1_615' title='bbox 2816 3843 2865 3890; x_wconf 82' lang='lat' dir='ltr'>et</span> <span class='ocrx_word' id='word_1_616' title='bbox 2879 3842 3157 3890; x_wconf 84' lang='lat' dir='ltr'><strong>Garrhoeam</strong></span> <span class='ocrx_word' id='word_1_617' title='bbox 3169 3855 3337 3891; x_wconf 79' lang='lat' dir='ltr'><strong>amnes</strong></span> <span class='ocrx_word' id='word_1_618' title='bbox 3351 3879 3367 3898; x_wconf 85' lang='lat'>‚</span> 
     </span>
     <span class='ocr_line' id='line_1_79' title="bbox 1812 3916 3368 3980; baseline -0.001 -13"><span class='ocrx_word' id='word_1_619' title='bbox 1812 3918 1930 3967; x_wconf 84' lang='lat' dir='ltr'><strong>ludo</strong></span> <span class='ocrx_word' id='word_1_620' title='bbox 1947 3931 1999 3966; x_wconf 87' lang='lat' dir='ltr'>se</span> <span class='ocrx_word' id='word_1_621' title='bbox 2030 3916 2228 3967; x_wconf 82' lang='lat' dir='ltr'><strong>miscet:</strong></span> <span class='ocrx_word' id='word_1_622' title='bbox 2257 3918 2352 3978; x_wconf 78' lang='grc'>(12)</span> <span class='ocrx_word' id='word_1_623' title='bbox 2372 3920 2526 3980; x_wconf 88' lang='lat' dir='ltr'><strong>Supra</strong></span> <span class='ocrx_word' id='word_1_624' title='bbox 2548 3918 2634 3966; x_wconf 80' lang='lat' dir='ltr'>hos</span> <span class='ocrx_word' id='word_1_625' title='bbox 2662 3921 2878 3966; x_wconf 83' lang='lat' dir='ltr'><strong>Parenus</strong></span> <span class='ocrx_word' id='word_1_626' title='bbox 2899 3919 2949 3966; x_wconf 88' lang='lat' dir='ltr'>et</span> <span class='ocrx_word' id='word_1_627' title='bbox 2974 3920 3237 3979; x_wconf 82' lang='lat' dir='ltr'><strong>saparnus,</strong></span> <span class='ocrx_word' id='word_1_628' title='bbox 3271 3931 3368 3966; x_wconf 92' lang='lat' dir='ltr'>non</span> 
     </span>
     <span class='ocr_line' id='line_1_80' title="bbox 1809 3992 3370 4053; baseline -0.001 -10"><span class='ocrx_word' id='word_1_629' title='bbox 1809 3994 2020 4043; x_wconf 85' lang='lat' dir='ltr'><strong>multum</strong></span> <span class='ocrx_word' id='word_1_630' title='bbox 2031 3995 2080 4042; x_wconf 88' lang='lat' dir='ltr'>in</span> <span class='ocrx_word' id='word_1_631' title='bbox 2089 3998 2162 4044; x_wconf 89' lang='lat' dir='ltr'>ter</span> <span class='ocrx_word' id='word_1_632' title='bbox 2182 4007 2233 4043; x_wconf 83' lang='lat' dir='ltr'>se</span> <span class='ocrx_word' id='word_1_633' title='bbox 2250 3994 2496 4053; x_wconf 78' lang='lat' dir='ltr'><strong>distantes,</strong></span> <span class='ocrx_word' id='word_1_634' title='bbox 2511 3994 2559 4042; x_wconf 83' lang='lat' dir='ltr'>in</span> <span class='ocrx_word' id='word_1_635' title='bbox 2573 3993 2743 4043; x_wconf 88' lang='lat' dir='ltr'><strong>Indum</strong></span> <span class='ocrx_word' id='word_1_636' title='bbox 2763 3992 2932 4042; x_wconf 84' lang='lat' dir='ltr'><strong>fluunt.</strong></span> <span class='ocrx_word' id='word_1_637' title='bbox 2945 3996 3130 4042; x_wconf 83' lang='lat' dir='ltr'><strong>Soanus</strong></span> <span class='ocrx_word' id='word_1_638' title='bbox 3151 4006 3210 4042; x_wconf 86' lang='lat' dir='ltr'>ex</span> <span class='ocrx_word' id='word_1_639' title='bbox 3235 4007 3370 4042; x_wconf 88' lang='lat' dir='ltr'><strong>mon·</strong></span> 
     </span>
    </p>
   </div>
   <div class='ocr_carea' id='block_1_19' title="bbox 184 4068 3359 4137">
    <p class='ocr_par' dir='ltr' id='par_1_20' title="bbox 184 4068 3359 4137">
     <span class='ocr_line' id='line_1_81' title="bbox 184 4068 3359 4137; baseline -0.002 -13"><span class='ocrx_word' id='word_1_640' title='bbox 184 4087 301 4135; x_wconf 72' lang='lat' dir='ltr'><strong>pero</strong></span> <span class='ocrx_word' id='word_1_641' title='bbox 312 4076 507 4125; x_wconf 87' lang='lat' dir='ltr'><strong>cainam</strong></span> <span class='ocrx_word' id='word_1_642' title='bbox 522 4113 536 4136; x_wconf 92' lang='lat'><em>‚</em></span> <span class='ocrx_word' id='word_1_643' title='bbox 572 4076 906 4127; x_wconf 84' lang='lat' dir='ltr'><strong>Erannoboam</strong></span> <span class='ocrx_word' id='word_1_644' title='bbox 919 4112 934 4137; x_wconf 86' lang='lat'>‚</span> <span class='ocrx_word' id='word_1_645' title='bbox 960 4078 1255 4125; x_wconf 81' lang='lat' dir='ltr'><strong>cossoanum</strong></span> <span class='ocrx_word' id='word_1_646' title='bbox 1269 4112 1284 4136; x_wconf 87' lang='lat'><em>,</em></span> <span class='ocrx_word' id='word_1_647' title='bbox 1326 4089 1493 4125; x_wconf 85' lang='lat' dir='ltr'><strong>omnes</strong></span> <span class='ocrx_word' id='word_1_648' title='bbox 1531 4075 1727 4137; x_wconf 82' lang='lat' dir='ltr'><strong>naviga·</strong></span> <span class='ocrx_word' id='word_1_649' title='bbox 1811 4072 1938 4119; x_wconf 87' lang='lat' dir='ltr'><strong>tanis</strong></span> <span class='ocrx_word' id='word_1_650' title='bbox 1956 4069 2359 4120; x_wconf 81' lang='lat' dir='ltr'><strong>Abissareensium</strong></span> <span class='ocrx_word' id='word_1_651' title='bbox 2378 4071 2558 4132; x_wconf 72' lang='lat' dir='ltr'><strong>absque</strong></span> <span class='ocrx_word' id='word_1_652' title='bbox 2574 4070 2768 4119; x_wconf 81' lang='lat' dir='ltr'><strong>alterius</strong></span> <span class='ocrx_word' id='word_1_653' title='bbox 2789 4068 2922 4118; x_wconf 79' lang='lat' dir='ltr'><strong>fluvii</strong></span> <span class='ocrx_word' id='word_1_654' title='bbox 2940 4069 3164 4119; x_wconf 84' lang='lat' dir='ltr'><strong>societate</strong></span> <span class='ocrx_word' id='word_1_655' title='bbox 3182 4071 3231 4117; x_wconf 93' lang='lat' dir='ltr'>in</span> <span class='ocrx_word' id='word_1_656' title='bbox 3247 4083 3359 4118; x_wconf 88' lang='lat' dir='ltr'><strong>enn-</strong></span> 
     </span>
    </p>
   </div>
   <div class='ocr_carea' id='block_1_20' title="bbox 185 4149 1747 5210">
    <p class='ocr_par' dir='ltr' id='par_1_21' title="bbox 185 4149 1747 5210">
     <span class='ocr_line' id='line_1_82' title="bbox 185 4149 1727 4214; baseline 0.001 -15"><span class='ocrx_word' id='word_1_657' title='bbox 185 4149 310 4200; x_wconf 82' lang='lat' dir='ltr'><strong>biles.</strong></span> <span class='ocrx_word' id='word_1_658' title='bbox 372 4154 441 4213; x_wconf 73' lang='lat'>(⁴)</span> <span class='ocrx_word' id='word_1_659' title='bbox 476 4155 596 4202; x_wconf 82' lang='lat' dir='ltr'><strong>Post</strong></span> <span class='ocrx_word' id='word_1_660' title='bbox 621 4152 710 4201; x_wconf 79' lang='lat' dir='ltr'>hos</span> <span class='ocrx_word' id='word_1_661' title='bbox 743 4152 1129 4213; x_wconf 83' lang='lat' dir='ltr'><strong>condochatem,</strong></span> <span class='ocrx_word' id='word_1_662' title='bbox 1158 4153 1388 4202; x_wconf 85' lang='lat' dir='ltr'><strong>Sambum</strong></span> <span class='ocrx_word' id='word_1_663' title='bbox 1410 4187 1423 4210; x_wconf 90' lang='lat'>,</span> <span class='ocrx_word' id='word_1_664' title='bbox 1449 4154 1727 4214; x_wconf 76' lang='lat' dir='ltr'><strong>Magonem,</strong></span> 
     </span>
     <span class='ocr_line' id='line_1_83' title="bbox 186 4227 1730 4290; baseline 0.001 -15"><span class='ocrx_word' id='word_1_665' title='bbox 186 4229 429 4290; x_wconf 75' lang='lat' dir='ltr'><strong>Agoranim</strong></span> <span class='ocrx_word' id='word_1_666' title='bbox 466 4231 516 4278; x_wconf 82' lang='lat' dir='ltr'>et</span> <span class='ocrx_word' id='word_1_667' title='bbox 544 4229 787 4278; x_wconf 73' lang='lat' dir='ltr'><strong>omnlim.</strong></span> <span class='ocrx_word' id='word_1_668' title='bbox 874 4231 1111 4279; x_wconf 79' lang='lat' dir='ltr'><strong>Feruntur</strong></span> <span class='ocrx_word' id='word_1_669' title='bbox 1149 4230 1293 4278; x_wconf 88' lang='lat' dir='ltr'><strong>etiam</strong></span> <span class='ocrx_word' id='word_1_670' title='bbox 1339 4227 1387 4276; x_wconf 89' lang='lat' dir='ltr'>in</span> <span class='ocrx_word' id='word_1_671' title='bbox 1425 4241 1536 4276; x_wconf 89' lang='lat' dir='ltr'>eum</span> <span class='ocrx_word' id='word_1_672' title='bbox 1585 4230 1730 4277; x_wconf 85' lang='lat' dir='ltr'><strong>com-</strong></span> 
     </span>
     <span class='ocr_line' id='line_1_84' title="bbox 187 4299 1732 4364; baseline 0.003 -17"><span class='ocrx_word' id='word_1_673' title='bbox 187 4311 393 4349; x_wconf 82' lang='lat' dir='ltr'><strong>menases</strong></span> <span class='ocrx_word' id='word_1_674' title='bbox 416 4300 615 4361; x_wconf 79' lang='lat' dir='ltr'><strong>grandis</strong></span> <span class='ocrx_word' id='word_1_675' title='bbox 638 4299 812 4350; x_wconf 80' lang='lat' dir='ltr'><strong>fluvius</strong></span> <span class='ocrx_word' id='word_1_676' title='bbox 841 4303 893 4351; x_wconf 85' lang='lat' dir='ltr'>et</span> <span class='ocrx_word' id='word_1_677' title='bbox 918 4303 1146 4353; x_wconf 81' lang='lat' dir='ltr'><strong>cacuthis</strong></span> <span class='ocrx_word' id='word_1_678' title='bbox 1176 4305 1324 4364; x_wconf 86' lang='lat' dir='ltr'><strong>atque</strong></span> <span class='ocrx_word' id='word_1_679' title='bbox 1360 4303 1636 4353; x_wconf 75' lang='lat' dir='ltr'><strong>Andomatis</strong></span> <span class='ocrx_word' id='word_1_680' title='bbox 1670 4317 1732 4352; x_wconf 81' lang='lat' dir='ltr'>ex</span> 
     </span>
     <span class='ocr_line' id='line_1_85' title="bbox 190 4376 1735 4443; baseline 0.004 -20"><span class='ocrx_word' id='word_1_681' title='bbox 190 4376 496 4426; x_wconf 71' lang='lat' dir='ltr'><strong>Mandiadinis</strong></span> <span class='ocrx_word' id='word_1_682' title='bbox 536 4377 705 4427; x_wconf 83' lang='lat' dir='ltr'><strong>Indica</strong></span> <span class='ocrx_word' id='word_1_683' title='bbox 733 4378 875 4439; x_wconf 73' lang='lat' dir='ltr'><strong>genta</strong></span> <span class='ocrx_word' id='word_1_684' title='bbox 906 4377 1059 4428; x_wconf 86' lang='lat' dir='ltr'><strong>fluens</strong></span> <span class='ocrx_word' id='word_1_685' title='bbox 1101 4397 1114 4429; x_wconf 73' lang='grc' dir='ltr'><strong>ε</strong></span> <span class='ocrx_word' id='word_1_686' title='bbox 1155 4380 1225 4440; x_wconf 78' lang='grc'>(5)</span> <span class='ocrx_word' id='word_1_687' title='bbox 1263 4379 1324 4428; x_wconf 87' lang='lat' dir='ltr'>ad</span> <span class='ocrx_word' id='word_1_688' title='bbox 1357 4380 1487 4443; x_wconf 79' lang='lat' dir='ltr'><strong>hoec,</strong></span> <span class='ocrx_word' id='word_1_689' title='bbox 1531 4379 1735 4442; x_wconf 78' lang='lat' dir='ltr'><strong>Amystis</strong></span> 
     </span>
     <span class='ocr_line' id='line_1_86' title="bbox 189 4451 1736 4519; baseline 0.005 -20"><span class='ocrx_word' id='word_1_690' title='bbox 189 4451 326 4511; x_wconf 75' lang='lat' dir='ltr'><strong>iuxta</strong></span> <span class='ocrx_word' id='word_1_691' title='bbox 341 4453 513 4502; x_wconf 82' lang='lat' dir='ltr'><strong>urbem</strong></span> <span class='ocrx_word' id='word_1_692' title='bbox 533 4452 834 4516; x_wconf 81' lang='lat' dir='ltr'><strong>catadupam</strong></span> <span class='ocrx_word' id='word_1_693' title='bbox 852 4490 867 4515; x_wconf 92' lang='lat'>‚</span> <span class='ocrx_word' id='word_1_694' title='bbox 885 4457 935 4503; x_wconf 81' lang='lat' dir='ltr'>et</span> <span class='ocrx_word' id='word_1_695' title='bbox 953 4456 1205 4516; x_wconf 73' lang='lat' dir='ltr'><strong>Oxymatis</strong></span> <span class='ocrx_word' id='word_1_696' title='bbox 1225 4455 1350 4518; x_wconf 84' lang='lat' dir='ltr'><strong>apud</strong></span> <span class='ocrx_word' id='word_1_697' title='bbox 1377 4459 1569 4506; x_wconf 82' lang='lat' dir='ltr'><strong>Pazalas</strong></span> <span class='ocrx_word' id='word_1_698' title='bbox 1585 4494 1599 4517; x_wconf 89' lang='lat'><strong>,</strong></span> <span class='ocrx_word' id='word_1_699' title='bbox 1614 4470 1736 4519; x_wconf 81' lang='lat' dir='ltr'><strong>quos</strong></span> 
     </span>
     <span class='ocr_line' id='line_1_87' title="bbox 191 4530 1737 4595; baseline 0.005 -21"><span class='ocrx_word' id='word_1_700' title='bbox 191 4532 385 4590; x_wconf 83' lang='lat' dir='ltr'><strong>vocant,</strong></span> <span class='ocrx_word' id='word_1_701' title='bbox 426 4531 478 4578; x_wconf 87' lang='lat' dir='ltr'>et</span> <span class='ocrx_word' id='word_1_702' title='bbox 517 4530 801 4591; x_wconf 79' lang='lat' dir='ltr'><strong>Errhenysis</strong></span> <span class='ocrx_word' id='word_1_703' title='bbox 838 4530 967 4593; x_wconf 87' lang='lat' dir='ltr'><strong>apud</strong></span> <span class='ocrx_word' id='word_1_704' title='bbox 1004 4533 1222 4592; x_wconf 81' lang='lat' dir='ltr'><strong>Mathas,</strong></span> <span class='ocrx_word' id='word_1_705' title='bbox 1261 4532 1406 4582; x_wconf 78' lang='lat' dir='ltr'><strong>indiae</strong></span> <span class='ocrx_word' id='word_1_706' title='bbox 1430 4536 1621 4595; x_wconf 78' lang='lat' dir='ltr'><strong>gentem</strong></span> <span class='ocrx_word' id='word_1_707' title='bbox 1638 4569 1652 4594; x_wconf 90' lang='lat'>,</span> <span class='ocrx_word' id='word_1_708' title='bbox 1688 4534 1737 4582; x_wconf 88' lang='lat' dir='ltr'>in</span> 
     </span>
     <span class='ocr_line' id='line_1_88' title="bbox 192 4605 1738 4671; baseline 0.004 -18"><span class='ocrx_word' id='word_1_709' title='bbox 192 4606 394 4668; x_wconf 77' lang='lat' dir='ltr'><strong>Gangem</strong></span> <span class='ocrx_word' id='word_1_710' title='bbox 418 4605 595 4655; x_wconf 83' lang='lat' dir='ltr'><strong>fluunt.</strong></span> <span class='ocrx_word' id='word_1_711' title='bbox 661 4609 726 4666; x_wconf 76' lang='lat' dir='ltr'>(o)</span> <span class='ocrx_word' id='word_1_712' title='bbox 751 4608 933 4655; x_wconf 84' lang='lat' dir='ltr'><strong>Horum</strong></span> <span class='ocrx_word' id='word_1_713' title='bbox 960 4609 1177 4657; x_wconf 87' lang='lat' dir='ltr'><strong>omnium</strong></span> <span class='ocrx_word' id='word_1_714' title='bbox 1198 4608 1448 4658; x_wconf 78' lang='lat' dir='ltr'><strong>fluviorum</strong></span> <span class='ocrx_word' id='word_1_715' title='bbox 1469 4611 1738 4671; x_wconf 78' lang='lat' dir='ltr'><strong>Megasthe-</strong></span> 
     </span>
     <span class='ocr_line' id='line_1_89' title="bbox 194 4682 1740 4748; baseline 0.004 -18"><span class='ocrx_word' id='word_1_716' title='bbox 194 4692 273 4730; x_wconf 76' lang='lat' dir='ltr'>nes</span> <span class='ocrx_word' id='word_1_717' title='bbox 296 4683 480 4732; x_wconf 86' lang='lat' dir='ltr'><strong>nullum</strong></span> <span class='ocrx_word' id='word_1_718' title='bbox 505 4682 751 4732; x_wconf 75' lang='lat' dir='ltr'><strong>Maeandro</strong></span> <span class='ocrx_word' id='word_1_719' title='bbox 778 4685 1009 4734; x_wconf 81' lang='lat' dir='ltr'><strong>minorem</strong></span> <span class='ocrx_word' id='word_1_720' title='bbox 1026 4722 1041 4746; x_wconf 90' lang='lat'><strong>,</strong></span> <span class='ocrx_word' id='word_1_721' title='bbox 1073 4698 1171 4748; x_wconf 84' lang='lat' dir='ltr'>qua</span> <span class='ocrx_word' id='word_1_722' title='bbox 1202 4686 1478 4748; x_wconf 77' lang='lat' dir='ltr'><strong>navigabilis</strong></span> <span class='ocrx_word' id='word_1_723' title='bbox 1501 4687 1740 4737; x_wconf 68' lang='lat' dir='ltr'><strong>Maeander</strong></span> 
     </span>
     <span class='ocr_line' id='line_1_90' title="bbox 195 4761 1740 4828; baseline 0.005 -20"><span class='ocrx_word' id='word_1_724' title='bbox 195 4764 289 4821; x_wconf 76' lang='lat' dir='ltr'><strong>est,</strong></span> <span class='ocrx_word' id='word_1_725' title='bbox 329 4773 429 4810; x_wconf 74' lang='lat' dir='ltr'><strong>ease</strong></span> <span class='ocrx_word' id='word_1_726' title='bbox 471 4764 726 4811; x_wconf 82' lang='lat' dir='ltr'><strong>asseverat.</strong></span> <span class='ocrx_word' id='word_1_727' title='bbox 791 4761 862 4823; x_wconf 83' lang='lat'>(7)</span> <span class='ocrx_word' id='word_1_728' title='bbox 912 4765 1138 4813; x_wconf 85' lang='lat' dir='ltr'><strong>ceterum</strong></span> <span class='ocrx_word' id='word_1_729' title='bbox 1171 4767 1334 4826; x_wconf 82' lang='lat' dir='ltr'><strong>patere</strong></span> <span class='ocrx_word' id='word_1_730' title='bbox 1363 4769 1610 4827; x_wconf 71' lang='lat' dir='ltr'><strong>Gangem,</strong></span> <span class='ocrx_word' id='word_1_731' title='bbox 1642 4780 1740 4828; x_wconf 90' lang='lat' dir='ltr'>qua</span> 
     </span>
     <span class='ocr_line' id='line_1_91' title="bbox 197 4836 1742 4901; baseline 0.005 -16"><span class='ocrx_word' id='word_1_732' title='bbox 197 4836 395 4886; x_wconf 84' lang='lat' dir='ltr'><strong>maxime</strong></span> <span class='ocrx_word' id='word_1_733' title='bbox 411 4839 643 4900; x_wconf 75' lang='lat' dir='ltr'><strong>angustus</strong></span> <span class='ocrx_word' id='word_1_734' title='bbox 658 4839 749 4900; x_wconf 82' lang='lat' dir='ltr'><strong>est,</strong></span> <span class='ocrx_word' id='word_1_735' title='bbox 770 4838 831 4887; x_wconf 86' lang='lat' dir='ltr'>ad</span> <span class='ocrx_word' id='word_1_736' title='bbox 849 4841 1044 4889; x_wconf 78' lang='lat' dir='ltr'><strong>centum</strong></span> <span class='ocrx_word' id='word_1_737' title='bbox 1059 4840 1236 4901; x_wconf 78' lang='lat' dir='ltr'><strong>stadia3</strong></span> <span class='ocrx_word' id='word_1_738' title='bbox 1253 4842 1417 4890; x_wconf 86' lang='lat' dir='ltr'><strong>multis</strong></span> <span class='ocrx_word' id='word_1_739' title='bbox 1434 4843 1610 4892; x_wconf 86' lang='lat' dir='ltr'><strong>veroin</strong></span> <span class='ocrx_word' id='word_1_740' title='bbox 1626 4843 1742 4893; x_wconf 82' lang='lat' dir='ltr'><strong>locis</strong></span> 
     </span>
     <span class='ocr_line' id='line_1_92' title="bbox 198 4913 1743 4980; baseline 0.005 -19"><span class='ocrx_word' id='word_1_741' title='bbox 198 4913 406 4973; x_wconf 75' lang='lat' dir='ltr'><strong>stagnare</strong></span> <span class='ocrx_word' id='word_1_742' title='bbox 419 4950 435 4975; x_wconf 85' lang='lat'>,</span> <span class='ocrx_word' id='word_1_743' title='bbox 454 4914 599 4963; x_wconf 73' lang='lat' dir='ltr'><strong>itant</strong></span> <span class='ocrx_word' id='word_1_744' title='bbox 612 4915 815 4963; x_wconf 81' lang='lat' dir='ltr'><strong>ulterior</strong></span> <span class='ocrx_word' id='word_1_745' title='bbox 833 4916 961 4964; x_wconf 84' lang='lat' dir='ltr'><strong>terra</strong></span> <span class='ocrx_word' id='word_1_746' title='bbox 983 4917 1187 4977; x_wconf 82' lang='lat' dir='ltr'><strong>conspici</strong></span> <span class='ocrx_word' id='word_1_747' title='bbox 1205 4930 1300 4966; x_wconf 87' lang='lat' dir='ltr'>non</span> <span class='ocrx_word' id='word_1_748' title='bbox 1321 4918 1483 4980; x_wconf 83' lang='lat' dir='ltr'><strong>possit,</strong></span> <span class='ocrx_word' id='word_1_749' title='bbox 1499 4931 1595 4980; x_wconf 90' lang='lat' dir='ltr'>qua</span> <span class='ocrx_word' id='word_1_750' title='bbox 1608 4921 1743 4980; x_wconf 88' lang='lat' dir='ltr'><strong>parte</strong></span> 
     </span>
     <span class='ocr_line' id='line_1_93' title="bbox 199 4988 1742 5056; baseline 0.006 -20"><span class='ocrx_word' id='word_1_751' title='bbox 199 4988 384 5039; x_wconf 80' lang='lat' dir='ltr'><strong>humilis</strong></span> <span class='ocrx_word' id='word_1_752' title='bbox 406 4993 481 5041; x_wconf 84' lang='lat' dir='ltr'>est</span> <span class='ocrx_word' id='word_1_753' title='bbox 505 4990 760 5053; x_wconf 81' lang='lat' dir='ltr'><strong>nullosque</strong></span> <span class='ocrx_word' id='word_1_754' title='bbox 780 4991 925 5042; x_wconf 89' lang='lat' dir='ltr'><strong>colles</strong></span> <span class='ocrx_word' id='word_1_755' title='bbox 956 4992 1115 5042; x_wconf 83' lang='lat' dir='ltr'><strong>babet.</strong></span> <span class='ocrx_word' id='word_1_756' title='bbox 1183 4997 1253 5056; x_wconf 83' lang='lat' dir='ltr'>(s)</span> <span class='ocrx_word' id='word_1_757' title='bbox 1278 4994 1396 5044; x_wconf 84' lang='lat' dir='ltr'><strong>lndo</strong></span> <span class='ocrx_word' id='word_1_758' title='bbox 1429 4998 1591 5045; x_wconf 83' lang='lat' dir='ltr'><strong>autem</strong></span> <span class='ocrx_word' id='word_1_759' title='bbox 1616 4996 1742 5047; x_wconf 85' lang='lat' dir='ltr'><strong>idem</strong></span> 
     </span>
     <span class='ocr_line' id='line_1_94' title="bbox 200 5061 1745 5134; baseline 0.006 -20"><span class='ocrx_word' id='word_1_760' title='bbox 200 5061 380 5115; x_wconf 83' lang='lat' dir='ltr'><strong>accidit.</strong></span> <span class='ocrx_word' id='word_1_761' title='bbox 448 5065 714 5128; x_wconf 76' lang='lat' dir='ltr'><strong>Hydraotes</strong></span> <span class='ocrx_word' id='word_1_762' title='bbox 729 5067 925 5129; x_wconf 78' lang='lat' dir='ltr'><strong>quidem</strong></span> <span class='ocrx_word' id='word_1_763' title='bbox 945 5069 992 5117; x_wconf 87' lang='lat' dir='ltr'>in</span> <span class='ocrx_word' id='word_1_764' title='bbox 1015 5070 1352 5120; x_wconf 83' lang='lat' dir='ltr'><strong>cambistholis</strong></span> <span class='ocrx_word' id='word_1_765' title='bbox 1368 5106 1384 5132; x_wconf 84' lang='lat'>,</span> <span class='ocrx_word' id='word_1_766' title='bbox 1404 5072 1606 5134; x_wconf 79' lang='lat' dir='ltr'><strong>receptis</strong></span> <span class='ocrx_word' id='word_1_767' title='bbox 1622 5072 1671 5122; x_wconf 89' lang='lat' dir='ltr'>in</span> <span class='ocrx_word' id='word_1_768' title='bbox 1693 5085 1745 5124; x_wconf 85' lang='lat' dir='ltr'>se</span> 
     </span>
     <span class='ocr_line' id='line_1_95' title="bbox 202 5141 1747 5210; baseline 0.007 -20"><span class='ocrx_word' id='word_1_769' title='bbox 202 5143 249 5190; x_wconf 71' lang='lat' dir='ltr'>et</span> <span class='ocrx_word' id='word_1_770' title='bbox 272 5142 477 5205; x_wconf 67' lang='lat' dir='ltr'><strong>{lyphasi</strong></span> <span class='ocrx_word' id='word_1_771' title='bbox 500 5141 552 5192; x_wconf 89' lang='lat' dir='ltr'>in</span> <span class='ocrx_word' id='word_1_772' title='bbox 570 5141 785 5206; x_wconf 57' lang='grc' dir='ltr'>Λευ-,δίε</span> <span class='ocrx_word' id='word_1_773' title='bbox 802 5179 817 5207; x_wconf 91' lang='grc'>,</span> <span class='ocrx_word' id='word_1_774' title='bbox 836 5146 886 5195; x_wconf 82' lang='lat' dir='ltr'>et</span> <span class='ocrx_word' id='word_1_775' title='bbox 904 5147 1109 5209; x_wconf 80' lang='lat' dir='ltr'><strong>Sarange</strong></span> <span class='ocrx_word' id='word_1_776' title='bbox 1121 5159 1185 5198; x_wconf 80' lang='lat' dir='ltr'>ex</span> <span class='ocrx_word' id='word_1_777' title='bbox 1200 5147 1388 5210; x_wconf 75' lang='lat' dir='ltr'><strong>caeeis,</strong></span> <span class='ocrx_word' id='word_1_778' title='bbox 1410 5149 1461 5199; x_wconf 80' lang='lat' dir='ltr'>et</span> <span class='ocrx_word' id='word_1_779' title='bbox 1476 5148 1667 5200; x_wconf 77' lang='lat' dir='ltr'><strong>Nondro</strong></span> <span class='ocrx_word' id='word_1_780' title='bbox 1686 5163 1747 5200; x_wconf 76' lang='lat' dir='ltr'>ex</span> 
     </span>
    </p>
   </div>
   <div class='ocr_carea' id='block_1_21' title="bbox 1815 4146 3370 4285">
    <p class='ocr_par' dir='ltr' id='par_1_22' title="bbox 1815 4146 3370 4285">
     <span class='ocr_line' id='line_1_96' title="bbox 1815 4146 3370 4208; baseline -0.001 -12"><span class='ocrx_word' id='word_1_781' title='bbox 1815 4147 1928 4196; x_wconf 88' lang='lat' dir='ltr'>dem</span> <span class='ocrx_word' id='word_1_782' title='bbox 1967 4161 2019 4196; x_wconf 87' lang='lat' dir='ltr'>se</span> <span class='ocrx_word' id='word_1_783' title='bbox 2049 4147 2233 4207; x_wconf 72' lang='lat' dir='ltr'><strong>ingerit.</strong></span> <span class='ocrx_word' id='word_1_784' title='bbox 2283 4150 2469 4196; x_wconf 74' lang='lat' dir='ltr'><strong>norum</strong></span> <span class='ocrx_word' id='word_1_785' title='bbox 2518 4159 2713 4208; x_wconf 86' lang='lat' dir='ltr'><strong>quoque</strong></span> <span class='ocrx_word' id='word_1_786' title='bbox 2756 4147 3006 4208; x_wconf 84' lang='lat' dir='ltr'><strong>plerosque</strong></span> <span class='ocrx_word' id='word_1_787' title='bbox 3045 4146 3370 4206; x_wconf 75' lang='lat' dir='ltr'><strong>Megasthenes</strong></span> 
     </span>
     <span class='ocr_line' id='line_1_97' title="bbox 1816 4223 2468 4285; baseline -0.002 -13"><span class='ocrx_word' id='word_1_788' title='bbox 1816 4224 2102 4285; x_wconf 78' lang='lat' dir='ltr'><strong>navigabiles</strong></span> <span class='ocrx_word' id='word_1_789' title='bbox 2127 4237 2228 4273; x_wconf 85' lang='lat' dir='ltr'><strong>esse</strong></span> <span class='ocrx_word' id='word_1_790' title='bbox 2244 4223 2468 4272; x_wconf 79' lang='lat' dir='ltr'><strong>affirmat.</strong></span> 
     </span>
    </p>
   </div>
   <div class='ocr_carea' id='block_1_22' title="bbox 1819 4299 3374 5064">
    <p class='ocr_par' dir='ltr' id='par_1_23' title="bbox 1819 4299 3374 5064">
     <span class='ocr_line' id='line_1_98' title="bbox 1879 4299 3371 4363; baseline 0.001 -15"><span class='ocrx_word' id='word_1_791' title='bbox 1879 4301 2108 4363; x_wconf 71' lang='lat' dir='ltr'><strong>Quisquis</strong></span> <span class='ocrx_word' id='word_1_792' title='bbox 2133 4314 2326 4350; x_wconf 85' lang='lat' dir='ltr'><strong>causam</strong></span> <span class='ocrx_word' id='word_1_793' title='bbox 2350 4300 2673 4351; x_wconf 80' lang='lat' dir='ltr'><strong>multitudinis</strong></span> <span class='ocrx_word' id='word_1_794' title='bbox 2692 4299 2838 4350; x_wconf 69' lang='lat' dir='ltr'><strong>indiae</strong></span> <span class='ocrx_word' id='word_1_795' title='bbox 2857 4299 3110 4349; x_wconf 77' lang='lat' dir='ltr'><strong>numinum</strong></span> <span class='ocrx_word' id='word_1_796' title='bbox 3129 4301 3371 4362; x_wconf 86' lang='lat' dir='ltr'><strong>explicare</strong></span> 
     </span>
     <span class='ocr_line' id='line_1_99' title="bbox 1819 4378 3374 4441; baseline 0 -14"><span class='ocrx_word' id='word_1_797' title='bbox 1819 4378 1964 4440; x_wconf 78' lang='lat' dir='ltr'><strong>velit,</strong></span> <span class='ocrx_word' id='word_1_798' title='bbox 2005 4379 2075 4427; x_wconf 85' lang='lat' dir='ltr'><strong>illi</strong></span> <span class='ocrx_word' id='word_1_799' title='bbox 2102 4392 2186 4441; x_wconf 86' lang='lat' dir='ltr'>per</span> <span class='ocrx_word' id='word_1_800' title='bbox 2213 4392 2292 4428; x_wconf 88' lang='lat' dir='ltr'>me</span> <span class='ocrx_word' id='word_1_801' title='bbox 2325 4379 2417 4427; x_wconf 83' lang='lat' dir='ltr'>hoc</span> <span class='ocrx_word' id='word_1_802' title='bbox 2445 4378 2683 4440; x_wconf 77' lang='lat' dir='ltr'><strong>integrum</strong></span> <span class='ocrx_word' id='word_1_803' title='bbox 2711 4380 2790 4428; x_wconf 78' lang='lat' dir='ltr'><strong>sit.</strong></span> <span class='ocrx_word' id='word_1_804' title='bbox 2855 4381 2952 4440; x_wconf 80' lang='lat' dir='ltr'>Ego</span> <span class='ocrx_word' id='word_1_805' title='bbox 2989 4391 3102 4428; x_wconf 79' lang='lat' dir='ltr'><strong>vero</strong></span> <span class='ocrx_word' id='word_1_806' title='bbox 3128 4380 3273 4428; x_wconf 88' lang='lat' dir='ltr'><strong>etiam</strong></span> <span class='ocrx_word' id='word_1_807' title='bbox 3312 4379 3374 4427; x_wconf 83' lang='lat' dir='ltr'>de</span> 
     </span>
     <span class='ocr_line' id='line_1_100' title="bbox 1821 4454 3372 4518; baseline 0 -14"><span class='ocrx_word' id='word_1_808' title='bbox 1821 4454 1896 4504; x_wconf 89' lang='lat' dir='ltr'>his</span> <span class='ocrx_word' id='word_1_809' title='bbox 1935 4455 2076 4504; x_wconf 80' lang='lat' dir='ltr'><strong>rebus</strong></span> <span class='ocrx_word' id='word_1_810' title='bbox 2105 4454 2269 4517; x_wconf 84' lang='lat' dir='ltr'><strong>scripsi</strong></span> <span class='ocrx_word' id='word_1_811' title='bbox 2303 4468 2415 4518; x_wconf 77' lang='lat' dir='ltr'>quae</span> <span class='ocrx_word' id='word_1_812' title='bbox 2442 4455 2566 4503; x_wconf 79' lang='lat' dir='ltr'><strong>sama</strong></span> <span class='ocrx_word' id='word_1_813' title='bbox 2591 4468 2756 4518; x_wconf 86' lang='lat' dir='ltr'><strong>sparsa</strong></span> <span class='ocrx_word' id='word_1_814' title='bbox 2792 4457 2923 4505; x_wconf 87' lang='lat' dir='ltr'><strong>sunt.</strong></span> <span class='ocrx_word' id='word_1_815' title='bbox 2965 4458 3202 4506; x_wconf 78' lang='lat' dir='ltr'><strong>Praeterea</strong></span> <span class='ocrx_word' id='word_1_816' title='bbox 3225 4457 3372 4505; x_wconf 78' lang='lat' dir='ltr'><strong>eiiam</strong></span> 
     </span>
     <span class='ocr_line' id='line_1_101' title="bbox 1820 4533 3371 4596; baseline -0.001 -13"><span class='ocrx_word' id='word_1_817' title='bbox 1820 4534 2027 4584; x_wconf 80' lang='lat' dir='ltr'><strong>aliorum</strong></span> <span class='ocrx_word' id='word_1_818' title='bbox 2064 4533 2327 4582; x_wconf 84' lang='lat' dir='ltr'><strong>multorum</strong></span> <span class='ocrx_word' id='word_1_819' title='bbox 2366 4533 2620 4583; x_wconf 83' lang='lat' dir='ltr'><strong>numinum</strong></span> <span class='ocrx_word' id='word_1_820' title='bbox 2651 4533 2848 4583; x_wconf 84' lang='lat' dir='ltr'><strong>nomina</strong></span> <span class='ocrx_word' id='word_1_821' title='bbox 2883 4535 3209 4596; x_wconf 65' lang='lat' dir='ltr'><strong>negasihenoe</strong></span> <span class='ocrx_word' id='word_1_822' title='bbox 3237 4547 3371 4583; x_wconf 85' lang='lat' dir='ltr'><strong>com-</strong></span> 
     </span>
     <span class='ocr_line' id='line_1_102' title="bbox 1824 4613 3371 4675; baseline -0.001 -14"><span class='ocrx_word' id='word_1_823' title='bbox 1824 4614 2093 4672; x_wconf 79' lang='lat' dir='ltr'><strong>memorat,</strong></span> <span class='ocrx_word' id='word_1_824' title='bbox 2123 4625 2234 4675; x_wconf 78' lang='lat' dir='ltr'>quae</span> <span class='ocrx_word' id='word_1_825' title='bbox 2269 4615 2404 4662; x_wconf 79' lang='lat' dir='ltr'><strong>extra</strong></span> <span class='ocrx_word' id='word_1_826' title='bbox 2440 4614 2654 4674; x_wconf 82' lang='lat' dir='ltr'><strong>Gangem</strong></span> <span class='ocrx_word' id='word_1_827' title='bbox 2683 4614 2831 4674; x_wconf 77' lang='lat' dir='ltr'><strong>atque</strong></span> <span class='ocrx_word' id='word_1_828' title='bbox 2860 4613 3034 4663; x_wconf 79' lang='lat' dir='ltr'><strong>Indum</strong></span> <span class='ocrx_word' id='word_1_829' title='bbox 3072 4614 3288 4663; x_wconf 79' lang='lat' dir='ltr'><strong>feruntur</strong></span> <span class='ocrx_word' id='word_1_830' title='bbox 3323 4614 3371 4661; x_wconf 91' lang='lat' dir='ltr'>in</span> 
     </span>
     <span class='ocr_line' id='line_1_103' title="bbox 1824 4680 3372 4753; baseline -0.001 -12"><span class='ocrx_word' id='word_1_831' title='bbox 1824 4691 2054 4741; x_wconf 72' lang='lat' dir='ltr'><strong>orientale</strong></span> <span class='ocrx_word' id='word_1_832' title='bbox 2084 4693 2133 4740; x_wconf 84' lang='lat' dir='ltr'>et</span> <span class='ocrx_word' id='word_1_833' title='bbox 2161 4691 2470 4741; x_wconf 86' lang='lat' dir='ltr'><strong>meridionale</strong></span> <span class='ocrx_word' id='word_1_834' title='bbox 2506 4680 2755 4740; x_wconf 76' lang='lat' dir='ltr'><strong>externum</strong></span> <span class='ocrx_word' id='word_1_835' title='bbox 2780 4704 2939 4752; x_wconf 85' lang='lat' dir='ltr'><strong>mare;</strong></span> <span class='ocrx_word' id='word_1_836' title='bbox 2973 4691 3039 4739; x_wconf 83' lang='lat' dir='ltr'>ita</span> <span class='ocrx_word' id='word_1_837' title='bbox 3069 4693 3122 4739; x_wconf 89' lang='lat' dir='ltr'>ut</span> <span class='ocrx_word' id='word_1_838' title='bbox 3139 4692 3372 4753; x_wconf 84' lang='lat' dir='ltr'><strong>quinqua-</strong></span> 
     </span>
     <span class='ocr_line' id='line_1_104' title="bbox 1825 4767 3371 4832; baseline -0.001 -14"><span class='ocrx_word' id='word_1_839' title='bbox 1825 4771 1955 4832; x_wconf 80' lang='lat' dir='ltr'><strong>ginta</strong></span> <span class='ocrx_word' id='word_1_840' title='bbox 1989 4771 2099 4818; x_wconf 87' lang='lat' dir='ltr'><strong>octo</strong></span> <span class='ocrx_word' id='word_1_841' title='bbox 2135 4768 2187 4818; x_wconf 69' lang='lat' dir='ltr'>&#39;in</span> <span class='ocrx_word' id='word_1_842' title='bbox 2219 4769 2496 4819; x_wconf 72' lang='lat' dir='ltr'><strong>universum</strong></span> <span class='ocrx_word' id='word_1_843' title='bbox 2518 4768 2615 4818; x_wconf 86' lang='lat' dir='ltr'><strong>sint</strong></span> <span class='ocrx_word' id='word_1_844' title='bbox 2651 4767 2800 4818; x_wconf 74' lang='lat' dir='ltr'><strong>Indiae</strong></span> <span class='ocrx_word' id='word_1_845' title='bbox 2830 4768 2990 4830; x_wconf 82' lang='lat' dir='ltr'><strong>fluvii,</strong></span> <span class='ocrx_word' id='word_1_846' title='bbox 3032 4782 3201 4823; x_wconf 86' lang='lat' dir='ltr'><strong>omnes</strong></span> <span class='ocrx_word' id='word_1_847' title='bbox 3235 4770 3371 4818; x_wconf 76' lang='lat' dir='ltr'><strong>navi-</strong></span> 
     </span>
     <span class='ocr_line' id='line_1_105' title="bbox 1826 4844 3373 4910; baseline -0.001 -14"><span class='ocrx_word' id='word_1_848' title='bbox 1826 4847 2019 4908; x_wconf 83' lang='lat' dir='ltr'><strong>gabiles.</strong></span> <span class='ocrx_word' id='word_1_849' title='bbox 2084 4846 2179 4897; x_wconf 85' lang='lat' dir='ltr'>Sed</span> <span class='ocrx_word' id='word_1_850' title='bbox 2204 4859 2295 4897; x_wconf 85' lang='lat' dir='ltr'>nec</span> <span class='ocrx_word' id='word_1_851' title='bbox 2323 4847 2424 4910; x_wconf 83' lang='lat' dir='ltr'><strong>ipse</strong></span> <span class='ocrx_word' id='word_1_852' title='bbox 2445 4846 2769 4909; x_wconf 74' lang='lat' dir='ltr'><strong>Megasthenes</strong></span> <span class='ocrx_word' id='word_1_853' title='bbox 2790 4844 2909 4893; x_wconf 85' lang='lat' dir='ltr'><strong>mihi</strong></span> <span class='ocrx_word' id='word_1_854' title='bbox 2948 4845 3138 4895; x_wconf 83' lang='lat' dir='ltr'><strong>videtur</strong></span> <span class='ocrx_word' id='word_1_855' title='bbox 3161 4848 3373 4895; x_wconf 83' lang='lat' dir='ltr'><strong>multum</strong></span> 
     </span>
     <span class='ocr_line' id='line_1_106' title="bbox 1830 4922 3373 4987; baseline -0.001 -13"><span class='ocrx_word' id='word_1_856' title='bbox 1830 4924 1981 4974; x_wconf 80' lang='lat' dir='ltr'><strong>Indiae</strong></span> <span class='ocrx_word' id='word_1_857' title='bbox 2015 4936 2285 4986; x_wconf 75' lang='lat' dir='ltr'><strong>peragrasse</strong></span> <span class='ocrx_word' id='word_1_858' title='bbox 2308 4943 2320 4974; x_wconf 74' lang='grc' dir='ltr'>ε</span> <span class='ocrx_word' id='word_1_859' title='bbox 2343 4926 2450 4987; x_wconf 88' lang='lat' dir='ltr'><strong>plus</strong></span> <span class='ocrx_word' id='word_1_860' title='bbox 2485 4925 2796 4973; x_wconf 80' lang='lat' dir='ltr'><strong>tamencerte</strong></span> <span class='ocrx_word' id='word_1_861' title='bbox 2825 4935 2974 4984; x_wconf 86' lang='lat' dir='ltr'><strong>quam</strong></span> <span class='ocrx_word' id='word_1_862' title='bbox 3004 4922 3088 4985; x_wconf 84' lang='lat' dir='ltr'>qui</span> <span class='ocrx_word' id='word_1_863' title='bbox 3114 4936 3226 4972; x_wconf 88' lang='lat' dir='ltr'>cum</span> <span class='ocrx_word' id='word_1_864' title='bbox 3263 4924 3373 4973; x_wconf 81' lang='lat' dir='ltr'><strong>Ale·</strong></span> 
     </span>
     <span class='ocr_line' id='line_1_107' title="bbox 1831 4999 3370 5064; baseline -0.002 -13"><span class='ocrx_word' id='word_1_865' title='bbox 1831 5002 2015 5052; x_wconf 77' lang='lat' dir='ltr'><strong>xandro</strong></span> <span class='ocrx_word' id='word_1_866' title='bbox 2063 5002 2264 5064; x_wconf 84' lang='lat' dir='ltr'><strong>Philippi</strong></span> <span class='ocrx_word' id='word_1_867' title='bbox 2299 5001 2398 5051; x_wconf 81' lang='lat' dir='ltr'><strong>filio</strong></span> <span class='ocrx_word' id='word_1_868' title='bbox 2439 5001 2721 5051; x_wconf 69' lang='lat' dir='ltr'><strong>militarunt.</strong></span> <span class='ocrx_word' id='word_1_869' title='bbox 2804 4999 3118 5049; x_wconf 82' lang='lat' dir='ltr'><strong>Sandracotto</strong></span> <span class='ocrx_word' id='word_1_870' title='bbox 3157 5000 3285 5049; x_wconf 90' lang='lat' dir='ltr'><strong>enim</strong></span> <span class='ocrx_word' id='word_1_871' title='bbox 3317 5013 3370 5049; x_wconf 86' lang='lat' dir='ltr'>se</span> 
     </span>
    </p>
   </div>
   <div class='ocr_carea' id='block_1_23' title="bbox 1830 5077 3372 5209">
    <p class='ocr_par' dir='ltr' id='par_1_24' title="bbox 1830 5077 3372 5209">
     <span class='ocr_line' id='line_1_108' title="bbox 1830 5077 3372 5142; baseline -0.002 -13"><span class='ocrx_word' id='word_1_872' title='bbox 1830 5080 2037 5130; x_wconf 72' lang='lat' dir='ltr'><strong>adfuisse</strong></span> <span class='ocrx_word' id='word_1_873' title='bbox 2068 5080 2235 5132; x_wconf 74' lang='lat' dir='ltr'><strong>scribit</strong></span> <span class='ocrx_word' id='word_1_874' title='bbox 2247 5083 2271 5142; x_wconf 84' lang='lat'>,&#39;</span> <span class='ocrx_word' id='word_1_875' title='bbox 2300 5080 2512 5130; x_wconf 80' lang='lat' dir='ltr'><strong>maximo</strong></span> <span class='ocrx_word' id='word_1_876' title='bbox 2543 5078 2771 5129; x_wconf 78' lang='lat' dir='ltr'><strong>Indorum</strong></span> <span class='ocrx_word' id='word_1_877' title='bbox 2805 5078 2901 5140; x_wconf 80' lang='lat' dir='ltr'><strong>regi</strong></span> <span class='ocrx_word' id='word_1_878' title='bbox 2939 5079 2989 5127; x_wconf 82' lang='lat' dir='ltr'>et</span> <span class='ocrx_word' id='word_1_879' title='bbox 3024 5077 3099 5127; x_wconf 80' lang='lat' dir='ltr'>vel</span> <span class='ocrx_word' id='word_1_880' title='bbox 3133 5080 3255 5127; x_wconf 82' lang='lat' dir='ltr'><strong>Poro</strong></span> <span class='ocrx_word' id='word_1_881' title='bbox 3285 5091 3372 5141; x_wconf 90' lang='lat' dir='ltr'>po·</span> 
     </span>
     <span class='ocr_line' id='line_1_109' title="bbox 1831 5158 2043 5209; baseline -0.005 -1"><span class='ocrx_word' id='word_1_882' title='bbox 1831 5158 2043 5209; x_wconf 71' lang='lat' dir='ltr'><strong>lautiori.</strong></span> 
     </span>
    </p>
   </div>
  </div>
 </body>
</html>
