3900 6042
526 461 638 501 νιιι
1299 440 1395 498 ΕΚ
1438 440 1590 498 ΤΗΣ
1634 440 1990 500 ΙΣΤΟΡΙΑΣ
2030 440 2411 502 ΔΙΟΔΩΡΟΥ
2453 438 2928 498 ΣΙΚΕΛΙΩΤΟΥ.

522 561 866 632 ἐπεὸουλεύθη
903 559 1005 617 ὑπὸ
1054 560 1321 619 Ἀσκανίου
1349 559 1530 630 νήπιος
1563 559 1664 618 ὧν·
1687 561 1896 641 τραφεὶς
1920 560 1976 619 δὲ
2017 562 2070 619 ἐν

519 657 622 714 τοῖς
648 648 818 725 ὄρεσιν
855 646 954 705 ὖπό
984 670 1136 704 τινων
1178 646 1463 726 βουκόλων,
1500 644 1734 714 Σιλούιος
1767 647 2070 724 ὠνομάσθη,

518 739 620 792 τῶν
646 734 884 797 Λατίνων
912 733 972 792 τὸ
995 732 1109 812 ὄρος
1139 731 1350 791 σιλοόαν
1379 732 1754 809 ὀνομαζόντων.

598 825 704 884 lv.
748 821 878 881 Ὅτι
900 820 1140 894 Ῥὴμενος
1164 818 1255 888 τὴν
1291 819 1522 899 Ἀργείαν
1553 822 1615 898 (1)
1651 818 1831 900 λαχὼν
1860 818 2072 877 ἐνέὸαλε

518 907 653 983 μετὰ
680 913 772 980 τῆς
813 915 1056 986 στρατιᾶς
1101 909 1162 984 (¹2)
1196 910 1265 973 εἰς
1303 904 1397 977 τὴν
1433 910 1534 965 τῶν
1575 907 1851 982 πολεμίων,
1866 905 2067 987 χώραν.

518 997 566 1057 Χ
576 996 853 1075 ρονίζοντος
877 993 932 1053 δὲ
968 1000 1058 1053 τοῦ
1096 992 1359 1070 πολέμου,
1389 992 1508 1060 τοὺς
1532 993 1626 1069 μὲν
1658 991 1796 1060 υἱοὺς
1817 995 1875 1052 οὗ
1903 998 2067 1073 προῆ-

515 1105 602 1156 γεν
635 1082 720 1140 ἐπὶ
755 1086 848 1152 τῆς
878 1083 937 1156 (3)
963 1080 1259 1159 ἡγεμονίας,
1292 1079 1379 1137 τὸν
1416 1079 1470 1141 δὲ
1498 1086 1591 1152 τῆς
1619 1080 1871 1160 θυγατρὸς
1906 1080 2069 1157 ἄνδρα

516 1168 808 1248 Δηιφόντην
859 1166 1199 1247 διαφερόντως
1234 1166 1617 1245 ἀποδεχόμενος
1644 1167 1859 1229 ἔτασσεν
1894 1167 1959 1243 (t)
1982 1166 2068 1225 ἐπὶ

514 1254 606 1321 τὰς
634 1254 1047 1334 ἐπιφανεστάτας
1071 1252 1302 1333 πράξεις.
1391 1253 1509 1334 Ἐφ’
1532 1245 1605 1320 οἷς
1640 1256 1687 1311 οἱ
1711 1253 1888 1319 παῖδας
1911 1255 2068 1312 αὐτοῦ

515 1343 988 1420 διαγανακτοῦντες,
1023 1344 1207 1407 Κεῖσος
1234 1342 1296 1418 (s)
1326 1341 1416 1399 καὶ
1438 1340 1661 1412 Φάλκης
1681 1341 1745 1416 (s)
1766 1340 1854 1399 καὶ
1887 1338 2064 1419 Κερύ-

512 1450 619 1501 νης,
669 1425 951 1497 ίπιὸουλὴν
994 1426 1132 1489 κατὰ,
1180 1432 1272 1490 τοῦ
1314 1425 1507 1507 πατρὸς
1549 1425 1931 1496 συνεστήσαντο
1982 1425 2067 1483 διά

510 1538 664 1573 τινων
693 1517 755 1592 (7)
776 1512 1100 1593 κακούργων,
1121 1510 1171 1570 οἳ
1188 1512 1479 1578 πεισθέντες
1497 1511 1597 1569 ὑπὸ
1614 1510 1809 1570 τούτων
1828 1511 2070 1590 ἐνήδρευ-

512 1623 609 1659 σαν
638 1601 724 1661 τὸν
756 1600 992 1677 Τήμενον
1038 1600 1184 1680 παρά
1226 1623 1344 1659 τινα
1388 1599 1652 1676 ποταμόν·
1705 1599 1795 1658 καὶ
1822 1604 2067 1679 φονεῦσαι

513 1694 606 1764 μὲν
631 1690 725 1747 οὐκ
742 1687 1100 1762 ἠδυνήθησαν,
1122 1687 1705 1769 κατατραυματίσαντες
1720 1687 1773 1745 δὲ
1797 1689 1865 1753 εἰς
1894 1684 2066 1765 φυγὴν

511 1777 785 1854 ὥρμησαν.

590 1864 662 1922 V.
709 1861 837 1921 Ὅτι
890 1861 940 1921 Ἀ
951 1863 1109 1941 ργεῖοι
1165 1861 1336 1920 πολλὰ
1370 1859 1829 1932 κακοπαθήσαντες
1881 1861 1934 1925 ἐν
1990 1861 2065 1939 τῷ

510 1948 727 2034 πολέμῳ
761 1953 836 2027 τῷ
888 1948 1014 2027 πρὸς
1070 1948 1508 2025 Λακεδαιμονίους
1564 1947 1697 2023 μετὰ
1741 1952 1830 2011 τοῦ
1868 1949 2064 2013 ἑαυτῶν

512 2036 793 2118 βασιλέως,
824 2033 914 2091 καὶ
936 2036 1043 2099 τοῖς
1064 2033 1277 2112 Ἀρκάσι
1299 2033 1389 2100 τὰς
1412 2032 1663 2111 πατρίδας
1688 2031 2065 2104 ἀποκαταστή-

511 2124 713 2193 σαντες,
743 2120 1038 2202 ἐμέμφοντο
1070 2119 1159 2178 τὸν
1187 2119 1408 2199 βασιλέα
1436 2119 1520 2177 διὰ
1547 2118 1607 2178 τὸ
1634 2119 1728 2191 τὴν
1760 2118 1939 2197 χώραν
1964 2122 2066 2176 αὐ-

510 2212 613 2267 τῶν
641 2206 1022 2267 ἀποδεδωκέναι
1045 2208 1149 2274 τοῖς
1175 2207 1413 2287 φυγάσιν,
1439 2205 1574 2264 ἀλλὰ
1598 2206 1672 2282 μὴ
1703 2206 1872 2286 σφίσιν
1896 2228 2063 2264 κατα-

508 2298 889 2374 κληρουχῆσαι.
909 2294 1204 2362 Συστάντος
1224 2297 1269 2353 δ’
1291 2297 1373 2352 ἐπ’
1387 2294 1541 2352 αὐτὸν
1561 2299 1650 2352 τοῦ
1667 2293 1852 2369 δήμου,
1870 2290 2065 2358 καὶτὰς

505 2390 686 2461 χεῖρας
697 2382 1119 2457 ἀπονενοημένως
1137 2381 1533 2462 προσφέροντος,
1555 2382 1739 2463 ἔφυγεν
1754 2383 1825 2447 είς
1839 2378 2062 2457 Τίγεαν,

507 2470 658 2526 κάκεῖ
683 2465 932 2532 διετέλεσε
953 2467 1241 2544 τιμώμενος
1262 2468 1360 2526 ὑπὸ
1379 2472 1481 2526 τῶν
1498 2458 1555 2525 εὖ
1577 2467 1862 2527 παθόντων.

2157 567 2358 615 Ascanio
2385 566 2567 615 insidiae
2607 567 2805 615 structae
2838 567 2967 615 suut.
3029 570 3185 624 Quam
3224 568 3288 616 ob
3323 580 3425 616 rem
3465 581 3615 628 quum
3663 568 3717 616 in

2161 651 2399 701 montibus
2415 666 2444 701 a
2467 652 2738 715 pastoribus
2758 652 3045 714 quibusdam
3060 654 3372 714 enutriretur,
3392 654 3523 704 silvii
3538 669 3715 704 nomen

2158 738 2202 786 ei
2215 737 2421 788 inditum
2445 741 2543 800 est;
2564 751 2674 787 nam
2702 740 2916 787 montem
2949 739 3103 789 Latini
3122 740 3312 789 silvam
3339 740 3524 789 dicunt.

2218 829 2301 875 lv.
2337 829 2574 876 Temenus
2598 827 2821 888 argivam
2843 826 3081 889 regionem
3106 829 3233 876 sorte
3259 832 3428 878 nactus
3444 842 3556 879 cum
3579 844 3720 881 exer-

2157 927 2255 977 citu
2281 928 2327 977 in
2361 928 2572 978 bostium
2597 930 2775 978 terram
2799 928 2990 978 invasit.
3011 932 3071 979 Et
3087 942 3238 991 quum
3261 930 3347 979 din
3365 931 3543 983 bellum
3569 933 3720 983 duee-

2157 1032 2307 1092 retur,
2329 1031 2453 1081 lilios
2472 1044 2586 1082 suos
2609 1044 2707 1081 non
2723 1031 3039 1093 promovebat
3057 1031 3122 1081 ad
3142 1031 3340 1094 imperia
3360 1035 3583 1084 militaria
3597 1070 3613 1095 ,
3629 1037 3719 1085 aed

2154 1135 2268 1189 tiliae
2304 1135 2532 1187 maritum
2569 1135 2890 1197 Deiphontem
2928 1135 3155 1197 singulari
3176 1137 3428 1198 amplexus
3451 1138 3619 1187 favore
3635 1152 3720 1200 ge·

2155 1239 2314 1290 rendis
2331 1240 2475 1291 rebus
2495 1240 2695 1289 summis
2714 1239 3018 1302 praeficiebat.
3083 1240 3224 1298 Quod
3246 1254 3373 1304 aegre
3403 1242 3609 1292 serentes
3631 1243 3719 1294 mii

2156 1356 2301 1406 prava
2318 1344 2486 1395 contra
2506 1344 2694 1406 patrem
2715 1341 2913 1392 consilia
2933 1341 3168 1405 inierunt,
3197 1356 3351 1406 eaque
3371 1345 3584 1395 exsecuti
3601 1350 3720 1396 sunt

2154 1459 2300 1509 opera
2318 1446 2647 1497 maleficorum
2664 1445 2969 1508 quorundam
2983 1481 2998 1503 .
3012 1446 3098 1508 qni
3116 1447 3404 1508 persuasi-ab
3433 1446 3525 1497 illis
3542 1452 3719 1499 Teme·

2155 1564 2274 1601 num
2313 1550 2373 1601 ad
2404 1549 2605 1603 fluvium
2655 1549 2817 1599 nescio
2859 1560 3006 1611 quem
3042 1561 3101 1599 ex
3142 1549 3325 1600 insidiis
3354 1550 3718 1614 aggrediuntur.

2153 1659 2336 1705 verum
2354 1653 2575 1703 occidere
2604 1666 2700 1702 non
2724 1653 3010 1719 potuerunt,
3028 1652 3111 1703 sed
3140 1654 3357 1707 saucium
3393 1657 3724 1719 relinquentes

2161 1758 2212 1808 in
2236 1758 2394 1820 fugam
2423 1769 2475 1807 se
2503 1740 2697 1809 dedere.

2212 1865 2275 1913 V.
2302 1859 2462 1924 Argivi
2490 1835 2618 1910 bello
2638 1862 2807 1909 contra
2841 1857 3382 1923 Lacedoemoniosgesto
3413 1863 3568 1913 multa
3601 1877 3723 1918 cum

2152 1980 2262 2030 rege
2278 1979 2369 2017 suo
2390 1966 2598 2029 perpessi
2610 1978 2764 2028 quum
2782 1964 3046 2015 Arcadibus
3055 1966 3232 2028 patrias
3253 1979 3364 2016 sinas
3380 1969 3722 2027 restituissent,

2153 2069 2560 2134 reprehendebant
2572 2081 2751 2131 regem,
2769 2067 2898 2131 quod
2917 2068 3157 2131 reffonem
3175 2070 3396 2121 exulibus
3410 2071 3722 2134 reddidisset,

2151 2184 2241 2221 nec
2259 2170 2386 2221 inter
2411 2169 2537 2233 ipsos
2549 2170 2678 2219 sorte
2695 2167 3025 2219 distribuisset.
3046 2170 3166 2220 Dein
3180 2175 3494 2234 consurgente
3525 2173 3575 2223 in
3601 2187 3720 2223 eum

2150 2270 2458 2325 multitudine
2508 2284 2565 2320 ac
2588 2284 2761 2321 manus
2790 2271 3038 2322 dementer
3073 2260 3331 2334 inferente,
3370 2276 3578 2336 Tegeam
3629 2290 3722 2331 rex

2148 2374 2350 2437 aufugit,
2365 2374 2526 2437 ibique
2548 2373 2697 2427 vitam
2714 2373 2843 2436 degit
2867 2373 3131 2427 honoratus
3151 2374 3217 2429 ab.
3236 2374 3293 2425 iis
3308 2388 3431 2438 quos
3447 2376 3547 2438 ipse
3561 2376 3712 2427 bene·

2148 2475 2267 2526 ficiis
2292 2476 2532 2526 affecerat.

507 2635 700 2688 monte,
722 2632 863 2682 unde
879 2635 930 2681 et
949 2646 1129 2682 nomen
1147 2636 1193 2682 ei
1202 2633 1416 2694 sactum
1434 2635 1626 2683 Silvius
1644 2632 1709 2683 de
1732 2635 1941 2683 nomine
1955 2634 2143 2683 monus
2160 2631 2498 2686 sabinorum,
2517 2635 2603 2681 cul
2629 2632 2772 2682 Silva
2789 2644 2969 2683 nomen
2988 2636 3121 2684 erat.
3144 2636 3197 2683 ln
3216 2633 3390 2696 quibus
3406 2634 3552 2683 Silva
3567 2646 3721 2685 mons

507 2701 708 2753 debetur
733 2702 913 2752 bomini
945 2704 1169 2753 Armenio
1192 2707 1359 2753 Graeca
1390 2703 1576 2752 Eusebii
1599 2701 1728 2751 baud
1762 2704 1890 2752 recte
1909 2701 2215 2771 intelligenti,
2252 2704 2307 2750 ut
2329 2703 2491 2751 monet
2511 2700 2683 2763 Maius.
2723 2702 2797 2751 cr.
2826 2701 2988 2752 Livius
3007 2703 3056 2762 1,
3084 2707 3130 2752 3.
3155 2705 3381 2751 Ceterum
3403 2714 3481 2765 ap.
3511 2702 3717 2752 Diodor.

510 2774 602 2823 Yll
618 2806 631 2831 ‚
655 2778 683 2821 3
708 2772 923 2827 addenda
944 2775 1080 2822 erant
1099 2773 1243 2821 verba
1268 2772 1456 2822 Eiisebii
1480 2792 1491 2821 z
1524 2776 1569 2822 E
1589 2775 1801 2834 septimo
1820 2769 2034 2820 Diodori
2056 2771 2205 2820 libro.

568 2844 651 2891 lv.
688 2842 794 2892 Fol.
824 2846 994 2899 179,19
1023 2868 1082 2877 -
1113 2847 1172 2901 28
1198 2855 1246 2889 v.
1277 2841 1452 2890 Eadem
1478 2845 1652 2903 practer
1670 2840 2010 2903 Apollodorum
2030 2840 2133 2900 (11,
2157 2844 2213 2902 8,
2230 2841 2352 2901 5)et
2375 2840 2656 2889 Pausaniam
2679 2842 2889 2903 (11,19,
2914 2845 2957 2890 1.
2982 2848 3069 2902 20,
3090 2842 3152 2903 2)
3176 2844 3340 2891 narrat
3361 2841 3584 2892 Nicolaus
3615 2845 3718 2892 Da·

508 2924 655 2967 masc.
687 2912 737 2961 in
762 2916 880 2962 Exc.
911 2917 984 2962 De
1004 2912 1185 2961 insidiis
1208 2912 1289 2960 l‘ol.
1313 2917 1399 2971 78,
1423 2916 1452 2961 4
1481 2915 1535 2961 R.
1562 2911 1670 2961 cod.
1697 2912 1927 2961 Eseorial.
1950 2931 1964 2959 ε
1992 2912 2100 2959 Ὀτι
2127 2912 2332 2972 Τήμενος
2354 2911 2447 2958 ὑπὸ
2477 2915 2571 2958 τῶν
2589 2912 2761 2975 ,ἑαυτοῦ
2794 2910 2974 2959 παίδων
3006 2912 3203 2960 ἀπέθανε
3238 2912 3314 2960 διὰ
3336 2913 3487 2960 αἰτίαν
3512 2912 3718 2963 τοιάνδε.

508 2981 665 3032 Ἦσαν
684 2983 811 3044 αὐτῷ
828 2983 1039 3044 τέτταρες
1061 2985 1172 3036 υἱεῖς
1185 3017 1200 3040 ,
1222 2981 1437 3044 Κράσσος
1460 2981 1591 3043 (sic)
1617 2983 1696 3029 καὶ
1720 2981 1910 3037 Φάλκης
1928 2983 2009 3029 καὶ
2031 2982 2236 3042 Κορυνής
2261 2979 2396 3041 (sic)
2420 2980 2499 3027 καὶ
2524 2978 2698 3038 Ἁγαῖος
2711 3014 2725 3035 .
2746 2980 2944 3043 θυγάτηρ
2962 2982 3012 3029 δὲ
3033 2981 3238 3043 τοῦνομα
3258 2981 3462 3043 Ὑρνηθὼ
3490 2983 3718 3043 (ὠρνηθὼ

505 3050 616 3099 cod.
633 3055 673 3110 )‚
692 3051 852 3107 ἥντινα
870 3050 1015 3098 ἔδωκε
1026 3054 1224 3111 γυναῖκα
1243 3048 1472 3110 Δηιφόντῃ
1495 3050 1511 3108 (
1529 3049 1744 3110 Δηιφόντι
1764 3049 1873 3098 cod.
1891 3051 1909 3109 )
1930 3054 2000 3111 τῷ
2017 3048 2292 3112 Ἀντιμάχου
2316 3053 2401 3097 τοῦ
2421 3048 2745 3110 Θρασυάνορος
2761 3054 2845 3097 τοῦ
2860 3049 3140 3106 Κτησίππου
3159 3053 3244 3098 τοῦ
3260 3050 3558 3113 Ἡρακλέους.
3579 3052 3717 3114 Στὲρ·

505 3138 602 3183 γων
617 3119 698 3175 οὖν
715 3119 886 3175 ταύτην
904 3121 1081 3167 καὶτὸν
1100 3120 1305 3180 γαμὸοὸν
1319 3118 1437 3166 πολὺ
1457 3120 1628 3179 μᾶλλον
1647 3117 1734 3180 [ἦ]
1757 3118 1863 3174 τοὺς
1883 3123 1996 3174 υἱεῖς
2018 3119 2099 3167 καὶ
2119 3121 2184 3173 εἰς
2203 3118 2387 3166 ἅπαντα
2404 3117 2639 3180 χρώμενος
2658 3118 2860 3166 διετέλει.
2886 3117 2990 3167 Ἐπὶ
3009 3118 3160 3180 τούτῳ
3181 3119 3349 3178 (τοῦτο
3372 3119 3513 3179 cod.)
3535 3121 3579 3168 οί
3602 3135 3718 3169 νεα-

505 3191 656 3238 νίσκοι
681 3190 856 3251 βαρέως
876 3189 1079 3250 φέροντες
1102 3189 1278 3249 ἐξεῦρον
1295 3187 1580 3248 κακούργους
1602 3186 1888 3250 ἀνθρώπους,
1906 3187 1925 3250 [
1940 3184 2052 3248 οὓς]
2073 3187 2148 3235 tul
2165 3188 2315 3249 μισθῷ
2338 3187 2527 3235 ἔπεισαν
2545 3187 2623 3235 τὸν
2647 3188 2856 3248 Τήμενον
2875 3187 3068 3237 ἀνελεῖν.
3090 3188 3268 3246 Ἀγαῖος
3288 3188 3337 3241 ἃ
3361 3191 3387 3237 ό
3404 3190 3633 3244 νεώτατος
3660 3191 3722 3238 οὐ

507 3264 695 3321 μετεῖχε
716 3262 799 3306 τοῦ
833 3258 1162 3320 βουλεύματος.
1184 3258 1278 3305 Καὶ
1301 3259 1345 3305 ol
1377 3256 1458 3318 μὲν
1488 3256 1568 3306 τὸν
1591 3257 1828 3318 ἄνθρωπον
1852 3257 2099 3319 λουόμενον
2131 3257 2258 3320 παρὰ
2284 3258 2364 3306 τὸν
2401 3257 2610 3320 ποταμὸν
2633 3257 2680 3306 ἐν
2704 3257 2871 3321 ἐρημίᾳ
2901 3257 3196 3315 ἐπιπεσόντες
3227 3261 3308 3308 καὶ
3331 3260 3718 3322 κατατρώσαντες

503 3329 716 3383 ἐκποδὼν
733 3328 958 3389 ἐγένοντο,
978 3328 1043 3376 ἔτι
1063 3330 1212 3382 ζῶντα
1232 3327 1323 3374 ὑπὸ
1341 3327 1533 3388 θορύδου
1570 3326 1915 3387 καταλιπόντες,
1957 3329 2058 3375 κτλ.
2079 3326 2179 3375 Vix
2197 3325 2398 3374 dubium
2420 3328 2537 3387 quin
2554 3338 2614 3374 ex
2632 3326 2802 3375 eodem
2824 3328 2954 3376 sonte
2972 3327 3218 3376 hauserint
3241 3327 3479 3378 Diodorus
3495 3330 3545 3379 et
3567 3328 3716 3378 Nico·

507 3399 629 3449 laus.
656 3402 793 3447 ilunc
828 3409 941 3445 vero
966 3396 1014 3443 in
1040 3395 1310 3444 narratione
1329 3395 1391 3443 de
1409 3395 1671 3444 Heraclidis
1692 3396 2070 3456 Peloponnesum
2087 3396 2432 3457 occupantibus
2449 3395 2645 3457 Ephori
2665 3397 2860 3457 vestigia
2881 3398 3036 3459 legere
3057 3410 3120 3446 ex
3138 3398 3244 3446 aliis
3265 3398 3541 3460 fragmentis
3561 3403 3715 3461 patet.

512 3470 731 3518 Laudato
760 3464 934 3527 Ephori
961 3464 1155 3513 nomine
1180 3464 1351 3513 strabo
1378 3467 1512 3525 vili,
1532 3477 1580 3526 p.
1605 3468 1696 3514 ³89
1720 3483 1733 3513 ε
1758 3465 1945 3527 Ἄργους
1969 3466 2017 3513 δὲ
2044 3466 2251 3528 Τήμενον
2269 3467 2349 3515 καὶ
2367 3472 2460 3515 τῶν
2485 3467 2588 3529 περὶ
2611 3467 2695 3524 τὴν
2715 3467 2880 3525 ’itur-m
2917 3467 3090 3525 Ἁγαῖον
3113 3470 3194 3516 καὶ
3215 3470 3470 3529 Δηιφόντην
3489 3471 3506 3530 (
3523 3482 3590 3518 so-
3615 3487 3719 3519 tut·

505 3540 619 3595 στὰς
637 3537 754 3591 εἶναι
775 3536 996 3601 Ἔφορος,
1013 3534 1071 3583 fr.
1102 3540 1182 3593 16,
1199 3534 1319 3595 λέγει
1335 3536 1370 3593 ).
1385 3563 1445 3575 -
1462 3541 1503 3583 1.
1531 3534 1825 3598 Ἀργείαν]
1848 3536 2013 3598 ἀργίαν
2028 3535 2137 3583 cod.
2156 3561 2218 3571 —
2241 3544 2283 3587 2.
2302 3551 2484 3599 στρατ
2500 3535 2621 3599 ιᾶς]
2646 3537 2887 3598 στρατείας
2915 3537 3085 3587 codex.
3108 3540 3191 3596 τὴν
3213 3539 3448 3602 πολεμίων
3463 3541 3624 3603 χώραν
3644 3542 3714 3590 in·

505 3606 665 3669 tellige
681 3618 787 3655 eam
802 3603 1034 3662 Argolidis
1051 3606 1234 3662 partem
1249 3639 1262 3662 ,
1283 3608 1426 3663 quam
1445 3603 1657 3651 nondum
1675 3604 1960 3664 subegerant
1985 3604 2250 3656 Dorienses.
2269 3631 2331 3643 -
2345 3612 2390 3655 3.
2411 3635 2473 3648 -
2492 3606 2585 3654 ἐπὶ
2611 3611 2676 3662 τῆ
2690 3605 2739 3669 ς]
2753 3607 3000 3655 11111Ιίωὲπί
3024 3608 3127 3663 τὰς.
3150 3637 3210 3649 -
3230 3614 3277 3657 4.
3300 3609 3486 3659 ιτασσ
3500 3627 3522 3658 ε
3535 3609 3579 3673 ν]
3603 3613 3714 3661 ἔτι,

504 3693 585 3728 σεν
604 3677 818 3727 cod-s.
840 3677 879 3724 Κ
893 3679 1019 3722 εῖσο
1031 3671 1082 3735 ς]
1098 3673 1222 3728 νίσος
1240 3673 1409 3721 codex.
1432 3672 1744 3723 scribendum
1762 3677 1847 3722 aut
1866 3677 2032 3731 Κεῖσος
2045 3678 2129 3723 aut
2147 3677 2321 3731 Κίσσος
2337 3677 2420 3723 aut
2436 3678 2592 3732 Κῖσος.
2609 3675 2734 3725 iliud
2748 3676 2875 3737 apud
2898 3679 3142 3741 Nostrum,
3165 3696 3179 3726 ι
3200 3681 3248 3728 et
3270 3694 3310 3727 ει
3329 3679 3487 3728 ubivis
3503 3682 3716 3732 consun,

505 3746 718 3804 dentem,
738 3743 869 3811 posui
890 3755 951 3791 ex
968 3743 1251 3793 auctoritate
1272 3742 1517 3791 Pausaniae
1537 3746 1601 3803 11,
1631 3746 1709 3802 19,
1746 3748 1786 3791 l.
1811 3749 1889 3802 26,
1910 3749 1957 3792 2.
1980 3750 2038 3794 28
2056 3780 2072 3804 ,
2097 3752 2123 3793 3
2144 3745 2262 3807 (ubi
2281 3758 2404 3793 unns
2421 3745 2524 3794 cod.
2546 3745 2731 3804 κισὸς).
2755 3745 2892 3807 Apud
2914 3747 3120 3796 eundem
3145 3751 3188 3797 li
3206 3785 3220 3810 ‚
3256 3755 3341 3810 12,
3369 3755 3398 3798 6
3432 3749 3543 3799 libri
3581 3764 3717 3813 prm·

505 3816 619 3863 bent
632 3815 807 3873 κάσονς
831 3810 1003 3861 bimbo
1029 3813 1095 3868 X,
1116 3823 1163 3872 p.
1194 3815 1275 3859 481
1306 3831 1317 3859 ι
1342 3811 1547 3871 Κίσσους,
1574 3811 1812 3861 Diodorus
1832 3825 1910 3873 ap.
1931 3814 2139 3874 Syncell.
2162 3827 2210 3876 p.
2231 3821 2340 3876 262,
2362 3817 2400 3864 G
2424 3834 2437 3864 ε
2457 3814 2689 3875 Κισσίου(
2703 3818 2853 3864 Κισοῦ
2868 3815 2975 3865 cod.
3012 3817 3196 3879 Paris.)
3222 3823 3306 3866 τοῦ
3341 3820 3579 3880 Τημένους
3599 3823 3719 3884 Scy·-

505 3896 648 3932 mnus
667 3882 812 3931 Chius
836 3887 916 3929 531
948 3898 960 3926 :
986 3878 1171 3941 Κρίσων
1190 3879 1239 3926 in
1254 3878 1361 3927 coel.
1392 3879 1607 3938 Parisiu.,
1632 3891 1718 3940 pro
1748 3893 1847 3941 quo
1870 3882 2048 3930 Κίσσον
2064 3885 2373 3945 reposuerunt
2398 3883 2620 3945 editores,
2651 3896 2942 3947 quamquam
2962 3887 3252 3947 probabilius
3276 3887 3338 3935 sit
3351 3903 3394 3949 ρι
3420 3890 3584 3936 ortum
3609 3901 3720 3941 esse

504 3967 565 4001 ex
587 3952 824 4013 scriptura
843 3947 1120 4011 diphthongi
1145 3963 1203 3996 ει.
1232 3947 1452 3997 Nicolaus
1475 3952 1692 3998 Damasc.
1723 3948 1756 3997 1.
1790 3949 1822 3998 l.
1850 3951 2091 4013 Κράσσος.
2118 3952 2199 4001 sed
2226 3953 2278 4002 in
2298 3952 2606 4014 sequentibus
2626 3953 2799 4016 legitur
2832 3956 3028 4006 Κίσσον.
3072 3957 3212 4019 Apud
3235 3957 3521 4018 Theognost.
3544 3970 3592 4020 p.
3620 3963 3715 4021 72,

513 4029 567 4076 ιῦ
590 4021 715 4071 inter
731 4019 925 4076 nomina
942 4018 990 4065 in
1006 4022 1106 4072 ῖσος
1123 4016 1292 4078 legitur
1312 4017 1498 4078 Κίνσον,
1518 4031 1603 4080 pro
1622 4032 1720 4081 quo
1745 4023 1887 4068 Κῑσον
1905 4021 1992 4082 leg.
2015 4034 2115 4071 esse
2133 4025 2296 4073 monet
2318 4026 2379 4072 G.
2402 4022 2615 4072 Dindorl.
2639 4024 2689 4072 in
2707 4026 2777 4073 st.
2801 4025 2943 4074 Thes.
2965 4038 3014 4075 v,
3035 4029 3221 4084 Κεῖσος.
3243 4025 3382 4087 Apud
3404 4030 3603 4076 Pausan.
3625 4031 3716 4089 lv,

507 4097 568 4152 3,
591 4100 619 4142 s
639 4104 686 4153 p.
720 4095 806 4140 175
828 4087 906 4138 cd.
943 4086 1101 4139 Didot.
1127 4087 1298 4151 legitur
1330 4107 1343 4137 ι
1370 4089 1575 4151 Ἴσθμιος
1606 4088 1861 4148 (Κίσσιος)
1883 4092 1909 4138 ὁ
1936 4091 2165 4153 Τημένου.
2190 4090 2397 4152 Longius
2412 4090 2474 4139 ab
2497 4091 2571 4139 bis
2587 4092 2810 4141 omnibus
2828 4092 3009 4141 recedit
3038 4094 3355 4155 Apollodorus
3379 4097 3418 4142 11
3440 4130 3454 4153 ,
3480 4102 3537 4155 8,
3566 4102 3623 4151 5.
3658 4104 3715 4156 ³,

505 4162 590 4225 qui
615 4160 812 4212 Temeni
835 4158 958 4210 lilios
980 4160 1192 4207 recenset
1211 4172 1228 4205 .·
1251 4158 1462 4220 Ἀγέλαον
1484 4160 1564 4214 καὶ
1591 4159 1855 4221 Εὐρύπυλον
1880 4162 1958 4208 καὶ
1980 4160 2198 4209 Καλλίαν.
2225 4164 2346 4216 Quae
2363 4173 2425 4210 ex
2442 4162 2714 4211 Temenidis
2735 4163 2970 4226 Euripidis
2994 4163 3144 4225 petita
3165 4176 3268 4213 esse
3293 4165 3564 4225 suspicatur
3585 4167 3716 4214 Μω-

507 4232 635 4283 ierus
654 4234 771 4279 Dor.
791 4233 829 4289 Ι,
846 4241 891 4288 p.
914 4231 991 4276 79.
1014 4226 1089 4275 Cf.
1114 4225 1241 4275 idem
1260 4228 1463 4289 AEginet.
1483 4240 1528 4289 p.
1552 4232 1630 4279 4ο.
1646 4229 1785 4291 Apud
1804 4231 1975 4291 Hygin.
1991 4230 2087 4280 tab.
2112 4233 2197 4278 124
2207 4233 2430 4293 corrupte
2448 4232 2621 4292 legitur
2641 4246 2652 4280 :
2670 4233 2847 4293 caytus
2875 4231 3246 4293 Temenif.—6.
3263 4232 3393 4283 Φάλ
3406 4249 3475 4290 κη
3487 4232 3526 4296 ς]
3538 4236 3716 4295 φαλκῆς

507 4303 586 4355 χαὶ
612 4304 801 4362 κερυνῆς
834 4296 1003 4345 codex.
1041 4298 1224 4345 Nomen
1251 4297 1450 4359 Κερύνης
1473 4296 1618 4349 habet
1643 4299 1788 4358 etiam
1814 4300 2068 4349 Pausanias
2087 4300 2128 4349 11
2143 4335 2157 4361 ,
2178 4305 2236 4350 28
2252 4336 2267 4361 ,
2292 4305 2353 4361 33
2386 4303 2578 4365 κορυνὴς
2599 4301 2707 4350 cod.
2737 4301 2917 4351 Nicolai
2946 4302 2976 4351 l.
2998 4304 3030 4351 l.
3060 4304 3299 4358 Quartum
3325 4303 3476 4353 filium
3502 4304 3716 4366 (Ἁγατον,

509 4375 681 4419 vocant
703 4368 927 4418 nicolaus
944 4369 993 4415 et
1026 4366 1220 4423 Strabo,
1254 4367 1335 4415 ubi
1367 4370 1577 4417 Cramer.
1604 4369 1791 4431 scripsit
1819 4369 2021 4432 Ἀγραῖον
2039 4382 2068 4419 e
2090 4371 2319 4423 Pausania
2348 4375 2419 4431 ll,
2441 4379 2526 4433 28,
2551 4380 2577 4422 3
2595 4389 2609 4432 ;
2628 4373 2841 4434 Ἀγέλαον
2861 4372 3175 4435 Apollodorus
3190 4408 3205 4433 ,
3225 4371 3359 4434 quod
3384 4386 3559 4422 nomeu
3591 4376 3714 4423 hlei·

510 4442 678 4491 ueltius
706 4438 884 4501 recepit
924 4438 973 4486 in
996 4440 1189 4499 Scymn.
1219 4438 1392 4489 Chium
1422 4444 1539 4500 ⁵3³,
1565 4440 1646 4493 ubi
1675 4440 1827 4494 codex
1849 4441 2066 4502 Ἀγανόν)
2098 4454 2193 4493 nou
2227 4441 2441 4489 nominat
2467 4440 2705 4489 Diodorus
2725 4443 2893 4503 utpote
2918 4440 3228 4489 consiliorum
3271 4453 3368 4490 uon
3399 4441 3712 4503 participem,

510 4515 716 4561 testante
740 4510 954 4561 Nicolao.
981 4508 1205 4556 similiter
1222 4508 1284 4557 ab
1304 4509 1385 4557 illo
1408 4508 1644 4569 facinore,
1670 4510 1799 4571 quod
1823 4514 1985 4572 postea
2008 4511 2057 4559 in
2089 4508 2443 4572 Hyrnethonem
2463 4508 2735 4560 '1'emenida2
2758 4510 3125 4568 commiserunt,
3151 4516 3343 4570 Agraeus
3359 4521 3410 4557 se
3427 4509 3718 4559 abstinuisse

510 4582 685 4631 «licitur
711 4595 788 4643 ap.
812 4583 1012 4632 l’ausan.
1041 4581 1115 4637 11,
1139 4585 1196 4628 28
1212 4616 1227 4641 ,
1246 4585 1290 4628 3.
1310 4605 1372 4615 -
1399 4585 1446 4630 7.
1473 4580 1569 4631 διά
1598 4597 1769 4631 τινων
1793 4580 2185 4645 κακούργων]
2215 4577 2513 4628 Confirmant
2538 4578 2645 4627 lioec
2667 4576 3023 4640 quodammodo
3058 4577 3195 4627 Fabri
3222 4577 3606 4627 emendationem
3632 4593 3714 4642 ap.

512 4660 544 4700 Α
552 4651 783 4713 pollodor.
802 4651 834 4699 l.
854 4650 907 4706 1..
933 4649 1011 4697 ubi
1041 4666 1054 4696 ε
1084 4648 1186 4697 ὅθεν
1206 4652 1251 4698 οἱ
1277 4650 1433 4706 παῖδες
1453 4650 1661 4699 πείθουσι
1689 4655 1884 4708 Τιτᾶνας
1905 4653 2058 4713 (τινας
2084 4656 2116 4702 F
2119 4652 2197 4701 ab.
2215 4650 2232 4711 )
2252 4649 2326 4697 ἐπὶ
2346 4650 2498 4711 μισθῷ
2518 4649 2598 4698 τὸν
2615 4650 2792 4711 πατέρα
2813 4649 2965 4698 αὐτῶν
2984 4653 3216 4710 φονεῦσαι.

572 4722 629 4767 v.
664 4719 778 4768 Fal.
811 4722 921 4778 179,
944 4720 1003 4765 ‘28
1035 4728 1084 4765 v.
1114 4742 1177 4753 -
1202 4722 1316 4776 180,
1337 4721 1363 4766 1.
1398 4730 1445 4767 r.
1465 4743 1528 4754 —
1545 4721 1666 4775 Quae
1684 4718 1735 4767 h.
1773 4718 1806 4768 1.
1827 4724 2080 4768 narrantur
2101 4719 2161 4776 de
2187 4719 2375 4781 regione
2401 4717 2663 4777 Arcadibus
2685 4718 2747 4779 (a
2768 4717 3169 4778 Lacedaemoniis)
3198 4717 3419 4780 adempta
3437 4722 3487 4767 et
3526 4718 3716 4780 (quum

508 4787 632 4838 hello
663 4790 831 4836 contra
854 4787 1238 4839 Lacedaemonios
1262 4791 1394 4849 gesto
1420 4789 1469 4836 in
1497 4788 1779 4850 Argivorum
1799 4790 2083 4852 potestatem
2124 4788 2359 4847 venisset)
2389 4787 2610 4837 exulibus
2631 4787 2897 4839 Arcadibus
2942 4787 3160 4836 restituta
3177 4787 3238 4836 ab
3255 4800 3366 4848 rege
3385 4788 3675 4849 Argivorum
3693 4825 3708 4849 ,

507 4857 592 4918 qui
621 4860 870 4920 propterea
896 4858 965 4905 ira
993 4856 1152 4918 populi
1183 4870 1436 4919 oppressus
1460 4861 1664 4920 Tegeam
1700 4859 1917 4921 aufugit,
1954 4859 2147 4909 aliunde
2173 4872 2268 4908 non
2299 4859 2511 4919 constat,
2531 4860 2766 4925 quantum
2792 4856 3014 4919 equidem
3037 4857 3151 4907 acio.
3188 4858 3477 4906 Paucissima
3495 4857 3580 4906 illa
3597 4872 3713 4920 quae

510 4928 763 4984 traduntur
794 4927 853 4978 de
880 4926 1015 4976 bellis
1040 4927 1132 4976 sub
1160 4930 1460 4991 Euryponte,
1484 4928 1690 4987 habeta,
1725 4929 1950 4978 cbarilao
1971 4931 2022 4978 et
2048 4927 2285 4979 Nicandro
2311 4926 2497 4989 regibus
2523 4940 2557 4975 o
2591 4926 2960 4977 lacedaemoniis
2991 4929 3159 4975 contra
3203 4926 3401 4987 argivos
3428 4929 3478 4975 et
3507 4928 3716 4977 Arcades

508 4998 651 5055 gestis
682 4998 793 5047 vide
817 5010 894 5060 ap.
930 4996 1119 5048 Miiller.
1140 5002 1257 5049 Dor.
1290 5002 1344 5058 1,
1366 5011 1415 5061 p.
1447 5002 1531 5048 154
1561 5012 1633 5061 sq.
1662 5002 1876 5050 Fortasse
1898 4999 2042 5048 etiarn
2061 4998 2123 5047 ad
2144 4997 2322 5047 seriora
2341 4999 2556 5056 tempora
2574 5006 2649 5044 res
2667 4995 2700 5043 1.
2723 4994 2754 5043 l.
2773 4999 2966 5044 narrata
2994 4995 3228 5057 pertinet,
3252 5008 3549 5057 quamquam
3583 4995 3713 5048 haud

509 5068 717 5117 multum
741 5068 861 5118 infra
880 5066 1069 5128 olymp.
1090 5068 1291 5130 primam
1306 5067 1589 5118 descendere
1608 5068 1719 5118 licet
1736 5104 1749 5126 ,
1771 5071 1962 5118 vetante
1979 5106 1994 5129 ,
2019 5072 2074 5118 ut
2091 5066 2300 5125 videtur,
2321 5064 2583 5125 fragmento
2600 5067 2685 5113 vl.
2708 5064 2836 5114 Alias
2853 5064 3047 5126 cogitari
3073 5066 3218 5126 possit
3241 5063 3304 5114 de
3321 5065 3468 5114 Melta
3490 5077 3602 5127 rege
3620 5073 3710 5115 Ar·

510 5140 640 5197 givo,
657 5151 801 5199 quem
820 5137 1042 5189 novimus
1066 5149 1126 5186 ex
1148 5138 1377 5187 Pausania
1399 5140 1441 5186 ll
1460 5171 1474 5195 ,
1505 5140 1558 5185 19
1573 5173 1587 5196 ,
1608 5144 1635 5186 2
1656 5156 1666 5184 :
1691 5139 1872 5195 Μέλταν
1891 5138 1937 5185 δὲ
1966 5140 2043 5188 τὸν
2063 5136 2280 5195 Λακήδου
2293 5168 2308 5195 ,
2329 5133 2518 5191 δέκατον
2540 5133 2767 5206 ἀπόγονον
2788 5135 3007 5191 Μήδωνος
3032 5134 3145 5196 (qui
3166 5146 3312 5197 nepos
3332 5137 3437 5184 erat
3454 5135 3682 5197 Temeni)
3695 5172 3712 5199 a

512 5224 563 5257 το
590 5208 802 5270 παράπαν
824 5209 1022 5257 ἔπαυσεν
1050 5208 1189 5273 ἀρχῆς
1224 5211 1478 5270 καταγνοὺς
1500 5212 1525 5258 ό
1545 5212 1703 5273 δῆμος.
3237 5202 3242 5207 ’

3651 13 3891 359 Ἶ
