<?xml version="1.0" encoding="UTF-8"?>
<!DOCTYPE html PUBLIC "-//W3C//DTD XHTML 1.0 Transitional//EN"
    "http://www.w3.org/TR/xhtml1/DTD/xhtml1-transitional.dtd">
<html xmlns="http://www.w3.org/1999/xhtml" xml:lang="en" lang="en">
 <head>
  <title>
</title>
<meta http-equiv="Content-Type" content="text/html;charset=utf-8" />
  <meta name='ocr-system' content='tesseract 3.04.00' />
  <meta name='ocr-capabilities' content='ocr_page ocr_carea ocr_par ocr_line ocrx_word'/>
</head>
<body>
  <div class='ocr_page' id='page_1' title='image "./fragmentahistor03unkngoog_0282.png"; bbox 0 0 3900 6042; ppageno 0'>
   <div class='ocr_carea' id='block_1_1' title="bbox 1481 464 1916 523">
    <p class='ocr_par' dir='ltr' id='par_1_1' title="bbox 1481 464 1916 523">
     <span class='ocr_line' id='line_1_1' title="bbox 1481 464 1916 523; baseline 0 0"><span class='ocrx_word' id='word_1_1' title='bbox 1481 464 1769 523; x_wconf 63' lang='lat' dir='ltr'>Massi-:N</span> <span class='ocrx_word' id='word_1_2' title='bbox 1781 464 1916 523; x_wconf 84' lang='lat' dir='ltr'>lUS.</span> 
     </span>
    </p>
   </div>
   <div class='ocr_carea' id='block_1_2' title="bbox 123 599 1683 5161">
    <p class='ocr_par' dir='ltr' id='par_1_2' title="bbox 123 599 1661 1709">
     <span class='ocr_line' id='line_1_2' title="bbox 123 599 1649 681; baseline -0.008 -20"><span class='ocrx_word' id='word_1_3' title='bbox 123 607 330 681; x_wconf 79' lang='lat' dir='ltr'>ingenio</span> <span class='ocrx_word' id='word_1_4' title='bbox 365 621 468 659; x_wconf 87' lang='lat' dir='ltr'>suo</span> <span class='ocrx_word' id='word_1_5' title='bbox 500 602 630 657; x_wconf 83' lang='lat' dir='ltr'>novi</span> <span class='ocrx_word' id='word_1_6' title='bbox 658 618 845 656; x_wconf 88' lang='lat' dir='ltr'>rerum</span> <span class='ocrx_word' id='word_1_7' title='bbox 868 617 968 673; x_wconf 89' lang='lat' dir='ltr'>per</span> <span class='ocrx_word' id='word_1_8' title='bbox 1009 599 1208 652; x_wconf 87' lang='lat' dir='ltr'>orbem</span> <span class='ocrx_word' id='word_1_9' title='bbox 1238 608 1515 653; x_wconf 88' lang='lat' dir='ltr'>terrarum</span> <span class='ocrx_word' id='word_1_10' title='bbox 1546 615 1649 650; x_wconf 91' lang='lat' dir='ltr'>or·-</span> 
     </span>
     <span class='ocr_line' id='line_1_3' title="bbox 124 683 1650 758; baseline -0.009 -11"><span class='ocrx_word' id='word_1_11' title='bbox 124 693 256 747; x_wconf 90' lang='lat' dir='ltr'>dinis</span> <span class='ocrx_word' id='word_1_12' title='bbox 297 699 499 745; x_wconf 79' lang='lat' dir='ltr'>auctor</span> <span class='ocrx_word' id='word_1_13' title='bbox 542 689 766 743; x_wconf 81' lang='lat' dir='ltr'>exstitit.</span> <span class='ocrx_word' id='word_1_14' title='bbox 804 686 1064 741; x_wconf 86' lang='lat' dir='ltr'>Ceterum</span> <span class='ocrx_word' id='word_1_15' title='bbox 1116 702 1287 757; x_wconf 90' lang='lat' dir='ltr'>quum</span> <span class='ocrx_word' id='word_1_16' title='bbox 1339 683 1650 758; x_wconf 86' lang='lat' dir='ltr'>argumenti</span> 
     </span>
     <span class='ocr_line' id='line_1_4' title="bbox 123 769 1652 850; baseline -0.009 -16"><span class='ocrx_word' id='word_1_17' title='bbox 123 778 271 850; x_wconf 81' lang='lat' dir='ltr'>hujus</span> <span class='ocrx_word' id='word_1_18' title='bbox 300 774 747 850; x_wconf 74' lang='lat' dir='ltr'><strong>magnitudinem</strong></span> <span class='ocrx_word' id='word_1_19' title='bbox 772 773 943 825; x_wconf 89' lang='lat' dir='ltr'>trium</span> <span class='ocrx_word' id='word_1_20' title='bbox 971 771 1249 825; x_wconf 90' lang='lat' dir='ltr'>librorum</span> <span class='ocrx_word' id='word_1_21' title='bbox 1277 770 1538 843; x_wconf 84' lang='lat' dir='ltr'>angustiis</span> <span class='ocrx_word' id='word_1_22' title='bbox 1563 769 1652 821; x_wconf 87' lang='lat' dir='ltr'>in-</span> 
     </span>
     <span class='ocr_line' id='line_1_5' title="bbox 127 854 1650 931; baseline -0.008 -12"><span class='ocrx_word' id='word_1_23' title='bbox 127 866 313 920; x_wconf 79' lang='lat' dir='ltr'>clusam</span> <span class='ocrx_word' id='word_1_24' title='bbox 356 859 675 927; x_wconf 80' lang='lat' dir='ltr'>videamus,</span> <span class='ocrx_word' id='word_1_25' title='bbox 711 859 863 912; x_wconf 89' lang='lat' dir='ltr'>ultro</span> <span class='ocrx_word' id='word_1_26' title='bbox 905 858 1233 931; x_wconf 78' lang='lat' dir='ltr'>intelligitur</span> <span class='ocrx_word' id='word_1_27' title='bbox 1273 874 1390 910; x_wconf 88' lang='lat' dir='ltr'>non</span> <span class='ocrx_word' id='word_1_28' title='bbox 1426 854 1485 909; x_wconf 89' lang='lat' dir='ltr'>id</span> <span class='ocrx_word' id='word_1_29' title='bbox 1520 854 1650 926; x_wconf 90' lang='lat' dir='ltr'>phi-</span> 
     </span>
     <span class='ocr_line' id='line_1_6' title="bbox 126 935 1655 1023; baseline -0.009 -18"><span class='ocrx_word' id='word_1_30' title='bbox 126 949 407 1023; x_wconf 83' lang='lat' dir='ltr'>losophum</span> <span class='ocrx_word' id='word_1_31' title='bbox 448 957 704 1000; x_wconf 83' lang='lat' dir='ltr'>nostrum</span> <span class='ocrx_word' id='word_1_32' title='bbox 748 945 949 1018; x_wconf 83' lang='lat' dir='ltr'>egisse,</span> <span class='ocrx_word' id='word_1_33' title='bbox 996 935 1060 995; x_wconf 80' lang='lat' dir='ltr'>ut</span> <span class='ocrx_word' id='word_1_34' title='bbox 1115 943 1330 1015; x_wconf 86' lang='lat' dir='ltr'>singula</span> <span class='ocrx_word' id='word_1_35' title='bbox 1372 944 1560 997; x_wconf 88' lang='lat' dir='ltr'>omnia</span> <span class='ocrx_word' id='word_1_36' title='bbox 1600 950 1655 996; x_wconf 90' lang='lat' dir='ltr'>et</span> 
     </span>
     <span class='ocr_line' id='line_1_7' title="bbox 128 1028 1651 1105; baseline -0.007 -13"><span class='ocrx_word' id='word_1_37' title='bbox 128 1036 471 1093; x_wconf 81' lang='lat' dir='ltr'>minutissima</span> <span class='ocrx_word' id='word_1_38' title='bbox 508 1048 744 1105; x_wconf 82' lang='lat' dir='ltr'>quaeque</span> <span class='ocrx_word' id='word_1_39' title='bbox 762 1039 1140 1104; x_wconf 83' lang='lat' dir='ltr'><strong>percenseret,</strong></span> <span class='ocrx_word' id='word_1_40' title='bbox 1168 1029 1267 1082; x_wconf 86' lang='lat' dir='ltr'>sed</span> <span class='ocrx_word' id='word_1_41' title='bbox 1301 1028 1523 1083; x_wconf 87' lang='lat' dir='ltr'>delectu</span> <span class='ocrx_word' id='word_1_42' title='bbox 1552 1028 1651 1082; x_wconf 83' lang='lat' dir='ltr'>ha-</span> 
     </span>
     <span class='ocr_line' id='line_1_8' title="bbox 129 1115 1653 1191; baseline -0.007 -13"><span class='ocrx_word' id='word_1_43' title='bbox 129 1125 262 1191; x_wconf 87' lang='lat' dir='ltr'>bito,</span> <span class='ocrx_word' id='word_1_44' title='bbox 304 1122 530 1176; x_wconf 90' lang='lat' dir='ltr'>nonnisi</span> <span class='ocrx_word' id='word_1_45' title='bbox 567 1119 791 1174; x_wconf 88' lang='lat' dir='ltr'>summis</span> <span class='ocrx_word' id='word_1_46' title='bbox 824 1132 1011 1171; x_wconf 88' lang='lat' dir='ltr'>rerum</span> <span class='ocrx_word' id='word_1_47' title='bbox 1051 1117 1348 1169; x_wconf 87' lang='lat' dir='ltr'>momentis</span> <span class='ocrx_word' id='word_1_48' title='bbox 1391 1115 1653 1169; x_wconf 91' lang='lat' dir='ltr'>immora-</span> 
     </span>
     <span class='ocr_line' id='line_1_9' title="bbox 134 1200 1653 1277; baseline -0.007 -13"><span class='ocrx_word' id='word_1_49' title='bbox 134 1224 234 1264; x_wconf 84' lang='lat' dir='ltr'>tum</span> <span class='ocrx_word' id='word_1_50' title='bbox 258 1226 368 1263; x_wconf 69' lang='lat' dir='ltr'>csse</span> <span class='ocrx_word' id='word_1_51' title='bbox 382 1249 398 1275; x_wconf 89' lang='lat'>,</span> <span class='ocrx_word' id='word_1_52' title='bbox 422 1204 645 1277; x_wconf 87' lang='lat' dir='ltr'>reliqua</span> <span class='ocrx_word' id='word_1_53' title='bbox 664 1205 848 1258; x_wconf 86' lang='lat' dir='ltr'>obiter</span> <span class='ocrx_word' id='word_1_54' title='bbox 867 1202 1283 1275; x_wconf 70' lang='lat' dir='ltr'>perstrinxisset,</span> <span class='ocrx_word' id='word_1_55' title='bbox 1305 1201 1391 1254; x_wconf 88' lang='lat' dir='ltr'>his</span> <span class='ocrx_word' id='word_1_56' title='bbox 1408 1200 1653 1272; x_wconf 86' lang='lat' dir='ltr'>denique</span> 
     </span>
     <span class='ocr_line' id='line_1_10' title="bbox 133 1288 1652 1358; baseline -0.007 -8"><span class='ocrx_word' id='word_1_57' title='bbox 133 1298 281 1350; x_wconf 86' lang='lat' dir='ltr'>etiam</span> <span class='ocrx_word' id='word_1_58' title='bbox 304 1294 623 1347; x_wconf 85' lang='lat' dir='ltr'>orationem</span> <span class='ocrx_word' id='word_1_59' title='bbox 645 1288 1091 1345; x_wconf 81' lang='lat' dir='ltr'>accommodasse</span> <span class='ocrx_word' id='word_1_60' title='bbox 1114 1288 1451 1342; x_wconf 82' lang='lat' dir='ltr'>succinctam</span> <span class='ocrx_word' id='word_1_61' title='bbox 1465 1327 1481 1354; x_wconf 89' lang='lat'>‚</span> <span class='ocrx_word' id='word_1_62' title='bbox 1503 1304 1652 1358; x_wconf 78' lang='lat' dir='ltr'>pres·</span> 
     </span>
     <span class='ocr_line' id='line_1_11' title="bbox 133 1372 1650 1453; baseline -0.004 -21"><span class='ocrx_word' id='word_1_63' title='bbox 133 1400 249 1449; x_wconf 79' lang='lat' dir='ltr'>sam,</span> <span class='ocrx_word' id='word_1_64' title='bbox 269 1380 662 1453; x_wconf 57' lang='lat' dir='ltr'>perspicuam„</span> <span class='ocrx_word' id='word_1_65' title='bbox 673 1377 855 1430; x_wconf 87' lang='lat' dir='ltr'>Testis.</span> <span class='ocrx_word' id='word_1_66' title='bbox 868 1392 1017 1429; x_wconf 71' lang='lat' dir='ltr'>vero.</span> <span class='ocrx_word' id='word_1_67' title='bbox 1042 1373 1211 1444; x_wconf 82' lang='lat' dir='ltr'>hujus</span> <span class='ocrx_word' id='word_1_68' title='bbox 1230 1374 1313 1428; x_wconf 90' lang='lat' dir='ltr'>rei</span> <span class='ocrx_word' id='word_1_69' title='bbox 1336 1372 1492 1428; x_wconf 86' lang='lat' dir='ltr'>adest</span> <span class='ocrx_word' id='word_1_70' title='bbox 1515 1374 1650 1427; x_wconf 86' lang='lat' dir='ltr'>Por·</span> 
     </span>
     <span class='ocr_line' id='line_1_12' title="bbox 135 1459 1661 1541; baseline -0.006 -19"><span class='ocrx_word' id='word_1_71' title='bbox 135 1469 345 1541; x_wconf 74' lang='lat' dir='ltr'>phyrius</span> <span class='ocrx_word' id='word_1_72' title='bbox 388 1463 498 1541; x_wconf 89' lang='lat' dir='ltr'>(fr.</span> <span class='ocrx_word' id='word_1_73' title='bbox 550 1481 571 1516; x_wconf 85' lang='grc' dir='ltr'>ι</span> <span class='ocrx_word' id='word_1_74' title='bbox 594 1461 611 1537; x_wconf 80' lang='lat'>)</span> <span class='ocrx_word' id='word_1_75' title='bbox 657 1461 1037 1520; x_wconf 69' lang='lat' dir='ltr'>Dicaearchum</span> <span class='ocrx_word' id='word_1_76' title='bbox 1082 1459 1274 1514; x_wconf 88' lang='lat' dir='ltr'>dicens</span> <span class='ocrx_word' id='word_1_77' title='bbox 1314 1476 1383 1514; x_wconf 86' lang='lat' dir='ltr'>ex</span> <span class='ocrx_word' id='word_1_78' title='bbox 1423 1477 1661 1514; x_wconf 89' lang='lat' dir='ltr'>numero</span> 
     </span>
     <span class='ocr_line' id='line_1_13' title="bbox 136 1541 1661 1622; baseline -0.005 -15"><span class='ocrx_word' id='word_1_79' title='bbox 136 1571 231 1607; x_wconf 81' lang='lat' dir='ltr'>esse</span> <span class='ocrx_word' id='word_1_80' title='bbox 255 1563 555 1609; x_wconf 86' lang='lat' dir='ltr'>auctorum</span> <span class='ocrx_word' id='word_1_81' title='bbox 577 1548 680 1604; x_wconf 83' lang='grc' dir='ltr'>τῶν</span> <span class='ocrx_word' id='word_1_82' title='bbox 709 1544 977 1620; x_wconf 79' lang='grc' dir='ltr'>συντόμως</span> <span class='ocrx_word' id='word_1_83' title='bbox 1000 1566 1055 1602; x_wconf 74' lang='grc' dir='ltr'>τι</span> <span class='ocrx_word' id='word_1_84' title='bbox 1073 1547 1203 1620; x_wconf 79' lang='grc' dir='ltr'>ὁμοῦ</span> <span class='ocrx_word' id='word_1_85' title='bbox 1229 1541 1319 1600; x_wconf 72' lang='grc' dir='ltr'>καὶ</span> <span class='ocrx_word' id='word_1_86' title='bbox 1348 1541 1573 1622; x_wconf 56' lang='lat' dir='ltr'>sapim&lt;</span> <span class='ocrx_word' id='word_1_87' title='bbox 1594 1542 1661 1600; x_wconf 72' lang='grc' dir='ltr'>τὰ</span> 
     </span>
     <span class='ocr_line' id='line_1_14' title="bbox 138 1631 847 1709; baseline -0.004 -16"><span class='ocrx_word' id='word_1_88' title='bbox 138 1631 396 1705; x_wconf 74' lang='grc' dir='ltr'>Ἑλληνικὰ</span> <span class='ocrx_word' id='word_1_89' title='bbox 425 1631 847 1709; x_wconf 75' lang='grc' dir='ltr'>συναγαγόντων.</span> 
     </span>
    </p>

    <p class='ocr_par' dir='ltr' id='par_1_3' title="bbox 140 1718 1683 5161">
     <span class='ocr_line' id='line_1_15' title="bbox 206 1718 1663 1798; baseline -0.004 -19"><span class='ocrx_word' id='word_1_90' title='bbox 206 1727 387 1798; x_wconf 81' lang='lat' dir='ltr'>Longe</span> <span class='ocrx_word' id='word_1_91' title='bbox 414 1723 579 1778; x_wconf 88' lang='lat' dir='ltr'>aliter</span> <span class='ocrx_word' id='word_1_92' title='bbox 602 1721 674 1775; x_wconf 92' lang='lat' dir='ltr'>de</span> <span class='ocrx_word' id='word_1_93' title='bbox 700 1721 886 1793; x_wconf 89' lang='lat' dir='ltr'>operis</span> <span class='ocrx_word' id='word_1_94' title='bbox 911 1718 1089 1774; x_wconf 83' lang='lat' dir='ltr'>nostri</span> <span class='ocrx_word' id='word_1_95' title='bbox 1110 1720 1424 1774; x_wconf 86' lang='lat' dir='ltr'>oeconomia</span> <span class='ocrx_word' id='word_1_96' title='bbox 1450 1728 1663 1774; x_wconf 86' lang='lat' dir='ltr'>statue-</span> 
     </span>
     <span class='ocr_line' id='line_1_16' title="bbox 140 1804 1657 1879; baseline -0.003 -15"><span class='ocrx_word' id='word_1_97' title='bbox 140 1822 253 1864; x_wconf 82' lang='lat' dir='ltr'>runt</span> <span class='ocrx_word' id='word_1_98' title='bbox 274 1810 544 1876; x_wconf 77' lang='lat' dir='ltr'>MarxiuS,</span> <span class='ocrx_word' id='word_1_99' title='bbox 578 1810 944 1863; x_wconf 88' lang='lat' dir='ltr'>Buttmannus</span> <span class='ocrx_word' id='word_1_100' title='bbox 962 1847 977 1873; x_wconf 92' lang='lat'>,</span> <span class='ocrx_word' id='word_1_101' title='bbox 1010 1805 1232 1860; x_wconf 78' lang='lat' dir='ltr'>Naekius</span> <span class='ocrx_word' id='word_1_102' title='bbox 1263 1804 1443 1879; x_wconf 86' lang='lat' dir='ltr'>(Mus.</span> <span class='ocrx_word' id='word_1_103' title='bbox 1472 1805 1657 1860; x_wconf 81' lang='lat' dir='ltr'>Rhen.</span> 
     </span>
     <span class='ocr_line' id='line_1_17' title="bbox 149 1889 1663 1969; baseline -0.003 -20"><span class='ocrx_word' id='word_1_104' title='bbox 149 1895 293 1964; x_wconf 75' lang='lat'>1832,</span> <span class='ocrx_word' id='word_1_105' title='bbox 320 1896 446 1950; x_wconf 88' lang='lat' dir='ltr'>fasc.</span> <span class='ocrx_word' id='word_1_106' title='bbox 480 1913 503 1949; x_wconf 85' lang='lat'>1</span> <span class='ocrx_word' id='word_1_107' title='bbox 531 1893 581 1969; x_wconf 91' lang='lat'>)‚</span> <span class='ocrx_word' id='word_1_108' title='bbox 602 1895 872 1951; x_wconf 84' lang='lat' dir='ltr'>Osannus.</span> <span class='ocrx_word' id='word_1_109' title='bbox 895 1918 917 1941; x_wconf 73' lang='grc' dir='ltr'><em>α</em></span> <span class='ocrx_word' id='word_1_110' title='bbox 939 1893 1181 1947; x_wconf 84' lang='lat' dir='ltr'>Primam</span> <span class='ocrx_word' id='word_1_111' title='bbox 1196 1891 1310 1961; x_wconf 87' lang='lat' dir='ltr'>ejus</span> <span class='ocrx_word' id='word_1_112' title='bbox 1330 1893 1413 1946; x_wconf 90' lang='lat' dir='ltr'>rei</span> <span class='ocrx_word' id='word_1_113' title='bbox 1440 1889 1663 1968; x_wconf 86' lang='lat' dir='ltr'>(Fubrii</span> 
     </span>
     <span class='ocr_line' id='line_1_18' title="bbox 143 1978 1664 2056; baseline -0.002 -20"><span class='ocrx_word' id='word_1_114' title='bbox 143 2002 191 2054; x_wconf 85' lang='lat' dir='ltr'>p.</span> <span class='ocrx_word' id='word_1_115' title='bbox 214 2001 275 2056; x_wconf 82' lang='lat'>9¹</span> <span class='ocrx_word' id='word_1_116' title='bbox 306 1982 474 2037; x_wconf 81' lang='lat' dir='ltr'>verba</span> <span class='ocrx_word' id='word_1_117' title='bbox 502 1979 675 2056; x_wconf 87' lang='lat' dir='ltr'>sunt)</span> <span class='ocrx_word' id='word_1_118' title='bbox 717 1980 1059 2033; x_wconf 87' lang='lat' dir='ltr'>mentionem</span> <span class='ocrx_word' id='word_1_119' title='bbox 1100 1978 1348 2033; x_wconf 84' lang='lat' dir='ltr'>Marxius</span> <span class='ocrx_word' id='word_1_120' title='bbox 1373 1979 1533 2047; x_wconf 83' lang='lat' dir='ltr'>fecit,</span> <span class='ocrx_word' id='word_1_121' title='bbox 1573 1996 1664 2033; x_wconf 86' lang='lat' dir='ltr'>ac·</span> 
     </span>
     <span class='ocr_line' id='line_1_19' title="bbox 144 2065 1666 2139; baseline 0 -20"><span class='ocrx_word' id='word_1_122' title='bbox 144 2069 452 2122; x_wconf 80' lang='lat' dir='ltr'>curatiorem</span> <span class='ocrx_word' id='word_1_123' title='bbox 502 2065 719 2121; x_wconf 89' lang='lat' dir='ltr'>deinde</span> <span class='ocrx_word' id='word_1_124' title='bbox 770 2067 1176 2139; x_wconf 84' lang='lat' dir='ltr'>expositionem</span> <span class='ocrx_word' id='word_1_125' title='bbox 1222 2066 1561 2119; x_wconf 85' lang='lat' dir='ltr'>Buttmanno</span> <span class='ocrx_word' id='word_1_126' title='bbox 1610 2076 1666 2119; x_wconf 90' lang='lat' dir='ltr'>et</span> 
     </span>
     <span class='ocr_line' id='line_1_20' title="bbox 144 2150 1665 2225; baseline -0.002 -17"><span class='ocrx_word' id='word_1_127' title='bbox 144 2172 240 2225; x_wconf 67' lang='lat' dir='ltr'>pra·</span> <span class='ocrx_word' id='word_1_128' title='bbox 274 2154 527 2208; x_wconf 88' lang='lat' dir='ltr'>omnibus</span> <span class='ocrx_word' id='word_1_129' title='bbox 565 2152 764 2207; x_wconf 70' lang='lat' dir='ltr'>Naekio</span> <span class='ocrx_word' id='word_1_130' title='bbox 800 2152 1101 2219; x_wconf 88' lang='lat' dir='ltr'>debemus,</span> <span class='ocrx_word' id='word_1_131' title='bbox 1133 2170 1256 2223; x_wconf 82' lang='lat' dir='ltr'>quae</span> <span class='ocrx_word' id='word_1_132' title='bbox 1283 2150 1478 2206; x_wconf 88' lang='lat' dir='ltr'>eadem</span> <span class='ocrx_word' id='word_1_133' title='bbox 1521 2169 1665 2205; x_wconf 92' lang='lat' dir='ltr'>non-</span> 
     </span>
     <span class='ocr_line' id='line_1_21' title="bbox 146 2237 1665 2293; baseline 0 -2"><span class='ocrx_word' id='word_1_134' title='bbox 146 2240 288 2293; x_wconf 88' lang='lat' dir='ltr'>nullis</span> <span class='ocrx_word' id='word_1_135' title='bbox 318 2250 507 2292; x_wconf 85' lang='lat' dir='ltr'>tamen</span> <span class='ocrx_word' id='word_1_136' title='bbox 533 2238 848 2292; x_wconf 87' lang='lat' dir='ltr'>rationibus</span> <span class='ocrx_word' id='word_1_137' title='bbox 896 2239 1191 2292; x_wconf 90' lang='lat' dir='ltr'>immutata</span> <span class='ocrx_word' id='word_1_138' title='bbox 1217 2237 1287 2292; x_wconf 89' lang='lat' dir='ltr'>ab</span> <span class='ocrx_word' id='word_1_139' title='bbox 1337 2238 1553 2293; x_wconf 63' lang='lat' dir='ltr'>(hanno</span> <span class='ocrx_word' id='word_1_140' title='bbox 1589 2238 1665 2291; x_wconf 86' lang='lat' dir='ltr'>ita</span> 
     </span>
     <span class='ocr_line' id='line_1_22' title="bbox 147 2324 1667 2381; baseline 0.001 -3"><span class='ocrx_word' id='word_1_141' title='bbox 147 2325 357 2381; x_wconf 88' lang='lat' dir='ltr'>indicata</span> <span class='ocrx_word' id='word_1_142' title='bbox 396 2336 476 2380; x_wconf 83' lang='lat' dir='ltr'>est</span> <span class='ocrx_word' id='word_1_143' title='bbox 530 2343 544 2378; x_wconf 71' lang='grc' dir='ltr'>ε</span> <span class='ocrx_word' id='word_1_144' title='bbox 595 2326 844 2379; x_wconf 89' lang='lat' dir='ltr'>Primum</span> <span class='ocrx_word' id='word_1_145' title='bbox 872 2324 1079 2379; x_wconf 91' lang='lat' dir='ltr'>librum</span> <span class='ocrx_word' id='word_1_146' title='bbox 1117 2324 1405 2379; x_wconf 81' lang='lat' dir='ltr'>historiam</span> <span class='ocrx_word' id='word_1_147' title='bbox 1443 2324 1667 2380; x_wconf 83' lang='lat' dir='ltr'>Graeciae</span> 
     </span>
     <span class='ocr_line' id='line_1_23' title="bbox 150 2409 1669 2483; baseline 0 -19"><span class='ocrx_word' id='word_1_148' title='bbox 150 2412 451 2467; x_wconf 82' lang='lat' dir='ltr'>continuisse</span> <span class='ocrx_word' id='word_1_149' title='bbox 484 2409 838 2481; x_wconf 80' lang='lat' dir='ltr'>conjiciunt,</span> <span class='ocrx_word' id='word_1_150' title='bbox 887 2420 953 2465; x_wconf 91' lang='lat' dir='ltr'>ut</span> <span class='ocrx_word' id='word_1_151' title='bbox 982 2421 1200 2483; x_wconf 87' lang='lat' dir='ltr'>partem</span> <span class='ocrx_word' id='word_1_152' title='bbox 1229 2412 1289 2465; x_wconf 90' lang='lat' dir='ltr'>in</span> <span class='ocrx_word' id='word_1_153' title='bbox 1311 2421 1491 2465; x_wconf 89' lang='lat' dir='ltr'>totum</span> <span class='ocrx_word' id='word_1_154' title='bbox 1526 2428 1669 2483; x_wconf 86' lang='lat' dir='ltr'>opus</span> 
     </span>
     <span class='ocr_line' id='line_1_24' title="bbox 150 2497 1669 2570; baseline -0.001 -19"><span class='ocrx_word' id='word_1_155' title='bbox 150 2497 604 2564; x_wconf 85' lang='lat' dir='ltr'>introducentem,</span> <span class='ocrx_word' id='word_1_156' title='bbox 665 2498 827 2568; x_wconf 86' lang='lat' dir='ltr'>eique</span> <span class='ocrx_word' id='word_1_157' title='bbox 865 2498 1146 2551; x_wconf 83' lang='lat' dir='ltr'>universas</span> <span class='ocrx_word' id='word_1_158' title='bbox 1180 2497 1539 2570; x_wconf 82' lang='lat' dir='ltr'>geographici</span> <span class='ocrx_word' id='word_1_159' title='bbox 1576 2515 1669 2551; x_wconf 91' lang='lat' dir='ltr'>ar-</span> 
     </span>
     <span class='ocr_line' id='line_1_25' title="bbox 150 2582 1667 2657; baseline -0.002 -18"><span class='ocrx_word' id='word_1_160' title='bbox 150 2585 365 2656; x_wconf 77' lang='lat' dir='ltr'>gumenti</span> <span class='ocrx_word' id='word_1_161' title='bbox 391 2584 801 2657; x_wconf 82' lang='lat' dir='ltr'>expositiones,</span> <span class='ocrx_word' id='word_1_162' title='bbox 828 2584 974 2638; x_wconf 87' lang='lat' dir='ltr'>sicut</span> <span class='ocrx_word' id='word_1_163' title='bbox 995 2582 1066 2638; x_wconf 89' lang='lat' dir='ltr'>de</span> <span class='ocrx_word' id='word_1_164' title='bbox 1092 2585 1313 2637; x_wconf 90' lang='lat' dir='ltr'>ratione</span> <span class='ocrx_word' id='word_1_165' title='bbox 1340 2585 1486 2637; x_wconf 89' lang='lat' dir='ltr'>inter</span> <span class='ocrx_word' id='word_1_166' title='bbox 1510 2583 1667 2638; x_wconf 78' lang='lat' dir='ltr'>Grae-</span> 
     </span>
     <span class='ocr_line' id='line_1_26' title="bbox 151 2668 1671 2740; baseline 0.001 -17"><span class='ocrx_word' id='word_1_167' title='bbox 151 2670 269 2723; x_wconf 79' lang='lat' dir='ltr'>eiam</span> <span class='ocrx_word' id='word_1_168' title='bbox 314 2680 364 2723; x_wconf 92' lang='lat' dir='ltr'>et</span> <span class='ocrx_word' id='word_1_169' title='bbox 409 2682 660 2724; x_wconf 82' lang='lat' dir='ltr'>ceteram</span> <span class='ocrx_word' id='word_1_170' title='bbox 698 2680 900 2727; x_wconf 86' lang='lat' dir='ltr'>terram</span> <span class='ocrx_word' id='word_1_171' title='bbox 939 2669 1345 2737; x_wconf 86' lang='lat' dir='ltr'>intercedente,</span> <span class='ocrx_word' id='word_1_172' title='bbox 1384 2668 1671 2740; x_wconf 77' lang='lat' dir='ltr'>adjunctas</span> 
     </span>
     <span class='ocr_line' id='line_1_27' title="bbox 154 2754 1669 2827; baseline -0.001 -19"><span class='ocrx_word' id='word_1_173' title='bbox 154 2756 304 2812; x_wconf 69' lang='lat' dir='ltr'>fuisse.</span> <span class='ocrx_word' id='word_1_174' title='bbox 336 2760 403 2812; x_wconf 86' lang='lat' dir='ltr'>In.</span> <span class='ocrx_word' id='word_1_175' title='bbox 423 2755 678 2811; x_wconf 81' lang='lat' dir='ltr'>secundo</span> <span class='ocrx_word' id='word_1_176' title='bbox 707 2754 912 2810; x_wconf 85' lang='lat' dir='ltr'>deinde</span> <span class='ocrx_word' id='word_1_177' title='bbox 945 2755 1096 2809; x_wconf 85' lang='lat' dir='ltr'>libro</span> <span class='ocrx_word' id='word_1_178' title='bbox 1128 2755 1560 2827; x_wconf 85' lang='lat' dir='ltr'>descriptionem</span> <span class='ocrx_word' id='word_1_179' title='bbox 1582 2755 1669 2809; x_wconf 91' lang='lat' dir='ltr'>ci-</span> 
     </span>
     <span class='ocr_line' id='line_1_28' title="bbox 153 2843 1675 2914; baseline 0.002 -19"><span class='ocrx_word' id='word_1_180' title='bbox 153 2843 351 2897; x_wconf 83' lang='lat' dir='ltr'>vitatum</span> <span class='ocrx_word' id='word_1_181' title='bbox 388 2844 711 2899; x_wconf 63' lang='lat' dir='ltr'>Graecarum</span> <span class='ocrx_word' id='word_1_182' title='bbox 728 2883 746 2910; x_wconf 88' lang='lat'>,</span> <span class='ocrx_word' id='word_1_183' title='bbox 775 2843 968 2914; x_wconf 88' lang='lat' dir='ltr'>quales</span> <span class='ocrx_word' id='word_1_184' title='bbox 992 2844 1234 2897; x_wconf 88' lang='lat' dir='ltr'>auctoris</span> <span class='ocrx_word' id='word_1_185' title='bbox 1260 2853 1415 2898; x_wconf 82' lang='lat' dir='ltr'>aetate</span> <span class='ocrx_word' id='word_1_186' title='bbox 1446 2843 1675 2898; x_wconf 81' lang='lat' dir='ltr'>exstitis-</span> 
     </span>
     <span class='ocr_line' id='line_1_29' title="bbox 152 2927 1669 3003; baseline 0.001 -19"><span class='ocrx_word' id='word_1_187' title='bbox 152 2940 282 2998; x_wconf 80' lang='lat' dir='ltr'>sent,</span> <span class='ocrx_word' id='word_1_188' title='bbox 304 2930 764 3003; x_wconf 83' lang='lat' dir='ltr'>comprehensam</span> <span class='ocrx_word' id='word_1_189' title='bbox 789 2927 953 2983; x_wconf 78' lang='lat' dir='ltr'>fuisse</span> <span class='ocrx_word' id='word_1_190' title='bbox 976 2930 1035 2982; x_wconf 91' lang='lat' dir='ltr'>in</span> <span class='ocrx_word' id='word_1_191' title='bbox 1057 2947 1239 3000; x_wconf 89' lang='lat' dir='ltr'>eoque</span> <span class='ocrx_word' id='word_1_192' title='bbox 1254 2930 1496 3003; x_wconf 85' lang='lat' dir='ltr'>singulas</span> <span class='ocrx_word' id='word_1_193' title='bbox 1521 2929 1669 2985; x_wconf 81' lang='grc' dir='ltr'>πολι·</span> 
     </span>
     <span class='ocr_line' id='line_1_30' title="bbox 154 3011 1671 3088; baseline 0.001 -19"><span class='ocrx_word' id='word_1_194' title='bbox 154 3011 267 3077; x_wconf 75' lang='grc' dir='ltr'>τείας</span> <span class='ocrx_word' id='word_1_195' title='bbox 286 3019 497 3071; x_wconf 88' lang='lat' dir='ltr'>ratione</span> <span class='ocrx_word' id='word_1_196' title='bbox 527 3033 701 3088; x_wconf 83' lang='lat' dir='ltr'>quam</span> <span class='ocrx_word' id='word_1_197' title='bbox 731 3016 1057 3088; x_wconf 81' lang='lat' dir='ltr'>investigare</span> <span class='ocrx_word' id='word_1_198' title='bbox 1078 3016 1193 3085; x_wconf 83' lang='lat' dir='ltr'>jam</span> <span class='ocrx_word' id='word_1_199' title='bbox 1216 3033 1337 3070; x_wconf 89' lang='lat' dir='ltr'>non</span> <span class='ocrx_word' id='word_1_200' title='bbox 1355 3017 1545 3071; x_wconf 90' lang='lat' dir='ltr'>liceret</span> <span class='ocrx_word' id='word_1_201' title='bbox 1567 3017 1671 3071; x_wconf 90' lang='lat' dir='ltr'>ob·</span> 
     </span>
     <span class='ocr_line' id='line_1_31' title="bbox 155 3102 1671 3175; baseline 0.001 -19"><span class='ocrx_word' id='word_1_202' title='bbox 155 3114 406 3159; x_wconf 78' lang='lat' dir='ltr'>servatase</span> <span class='ocrx_word' id='word_1_203' title='bbox 433 3102 703 3175; x_wconf 86' lang='lat' dir='ltr'>deinceps</span> <span class='ocrx_word' id='word_1_204' title='bbox 715 3103 1009 3175; x_wconf 79' lang='lat' dir='ltr'>excepisse.</span> <span class='ocrx_word' id='word_1_205' title='bbox 1034 3103 1282 3157; x_wconf 88' lang='lat' dir='ltr'>Tertium</span> <span class='ocrx_word' id='word_1_206' title='bbox 1308 3119 1446 3159; x_wconf 77' lang='lat' dir='ltr'>vero</span> <span class='ocrx_word' id='word_1_207' title='bbox 1462 3103 1671 3158; x_wconf 90' lang='lat' dir='ltr'>librum</span> 
     </span>
     <span class='ocr_line' id='line_1_32' title="bbox 156 3188 1675 3247; baseline 0.003 -6"><span class='ocrx_word' id='word_1_208' title='bbox 156 3189 299 3242; x_wconf 78' lang='lat' dir='ltr'>vitam</span> <span class='ocrx_word' id='word_1_209' title='bbox 321 3189 681 3247; x_wconf 86' lang='lat' dir='ltr'>domesticam</span> <span class='ocrx_word' id='word_1_210' title='bbox 717 3189 1039 3244; x_wconf 75' lang='lat' dir='ltr'>Graecorum</span> <span class='ocrx_word' id='word_1_211' title='bbox 1063 3207 1192 3243; x_wconf 89' lang='lat' dir='ltr'>cum</span> <span class='ocrx_word' id='word_1_212' title='bbox 1232 3190 1452 3244; x_wconf 85' lang='lat' dir='ltr'>theatro</span> <span class='ocrx_word' id='word_1_213' title='bbox 1485 3188 1675 3246; x_wconf 84' lang='lat' dir='ltr'>omni-</span> 
     </span>
     <span class='ocr_line' id='line_1_33' title="bbox 155 3272 1674 3348; baseline 0.003 -22"><span class='ocrx_word' id='word_1_214' title='bbox 155 3272 340 3347; x_wconf 85' lang='lat' dir='ltr'>busque</span> <span class='ocrx_word' id='word_1_215' title='bbox 366 3276 533 3331; x_wconf 89' lang='lat' dir='ltr'>rebus</span> <span class='ocrx_word' id='word_1_216' title='bbox 564 3273 643 3330; x_wconf 89' lang='lat' dir='ltr'>ad</span> <span class='ocrx_word' id='word_1_217' title='bbox 680 3274 740 3329; x_wconf 91' lang='lat' dir='ltr'>id</span> <span class='ocrx_word' id='word_1_218' title='bbox 764 3275 1205 3348; x_wconf 85' lang='lat' dir='ltr'>pertinentibus,</span> <span class='ocrx_word' id='word_1_219' title='bbox 1251 3274 1397 3331; x_wconf 84' lang='lat' dir='ltr'>ludis</span> <span class='ocrx_word' id='word_1_220' title='bbox 1433 3276 1674 3348; x_wconf 86' lang='lat' dir='ltr'>publicis</span> 
     </span>
     <span class='ocr_line' id='line_1_34' title="bbox 157 3359 1674 3435; baseline 0.003 -23"><span class='ocrx_word' id='word_1_221' title='bbox 157 3361 517 3435; x_wconf 82' lang='lat' dir='ltr'>religionisque</span> <span class='ocrx_word' id='word_1_222' title='bbox 547 3361 704 3415; x_wconf 89' lang='lat' dir='ltr'>cultu</span> <span class='ocrx_word' id='word_1_223' title='bbox 724 3359 1072 3434; x_wconf 82' lang='lat' dir='ltr'>descripsisse</span> <span class='ocrx_word' id='word_1_224' title='bbox 1098 3371 1154 3415; x_wconf 90' lang='lat' dir='ltr'>et</span> <span class='ocrx_word' id='word_1_225' title='bbox 1180 3362 1239 3414; x_wconf 91' lang='lat' dir='ltr'>in</span> <span class='ocrx_word' id='word_1_226' title='bbox 1257 3362 1554 3435; x_wconf 84' lang='lat' dir='ltr'>singularia</span> <span class='ocrx_word' id='word_1_227' title='bbox 1574 3364 1674 3417; x_wconf 87' lang='lat' dir='ltr'>ite·</span> 
     </span>
     <span class='ocr_line' id='line_1_35' title="bbox 157 3447 1674 3521; baseline 0.003 -22"><span class='ocrx_word' id='word_1_228' title='bbox 157 3462 260 3499; x_wconf 84' lang='lat' dir='ltr'>mm</span> <span class='ocrx_word' id='word_1_229' title='bbox 302 3451 476 3521; x_wconf 86' lang='lat' dir='ltr'>capita</span> <span class='ocrx_word' id='word_1_230' title='bbox 531 3447 909 3521; x_wconf 82' lang='lat' dir='ltr'>singularibus</span> <span class='ocrx_word' id='word_1_231' title='bbox 952 3448 1127 3502; x_wconf 87' lang='lat' dir='ltr'>titulis</span> <span class='ocrx_word' id='word_1_232' title='bbox 1168 3448 1402 3521; x_wconf 75' lang='lat' dir='ltr'>praedita</span> <span class='ocrx_word' id='word_1_233' title='bbox 1437 3448 1674 3505; x_wconf 75' lang='lat' dir='ltr'>divisum</span> 
     </span>
     <span class='ocr_line' id='line_1_36' title="bbox 158 3530 1678 3612; baseline 0.005 -28"><span class='ocrx_word' id='word_1_234' title='bbox 158 3530 307 3589; x_wconf 71' lang='lat' dir='ltr'>fixisse.</span> <span class='ocrx_word' id='word_1_235' title='bbox 330 3560 350 3582; x_wconf 72' lang='grc' dir='ltr'>ι</span> <span class='ocrx_word' id='word_1_236' title='bbox 370 3537 440 3591; x_wconf 84' lang='lat' dir='ltr'>Hi</span> <span class='ocrx_word' id='word_1_237' title='bbox 463 3536 638 3609; x_wconf 88' lang='lat' dir='ltr'>igitur</span> <span class='ocrx_word' id='word_1_238' title='bbox 657 3544 713 3588; x_wconf 91' lang='lat' dir='ltr'>et</span> <span class='ocrx_word' id='word_1_239' title='bbox 740 3531 1017 3597; x_wconf 80' lang='grc' dir='ltr'>Πολιτείας</span> <span class='ocrx_word' id='word_1_240' title='bbox 1037 3546 1093 3589; x_wconf 92' lang='lat' dir='ltr'>et</span> <span class='ocrx_word' id='word_1_241' title='bbox 1106 3553 1251 3607; x_wconf 85' lang='lat' dir='ltr'>opus</span> <span class='ocrx_word' id='word_1_242' title='bbox 1278 3532 1408 3612; x_wconf 73' lang='grc' dir='ltr'>Περὶ</span> <span class='ocrx_word' id='word_1_243' title='bbox 1428 3537 1678 3608; x_wconf 78' lang='grc' dir='ltr'><strong>μουσικῆς</strong></span> 
     </span>
     <span class='ocr_line' id='line_1_37' title="bbox 163 3614 1676 3695; baseline 0.001 -21"><span class='ocrx_word' id='word_1_244' title='bbox 163 3614 321 3689; x_wconf 85' lang='lat' dir='ltr'>(quod</span> <span class='ocrx_word' id='word_1_245' title='bbox 339 3632 518 3677; x_wconf 88' lang='lat' dir='ltr'>tamen</span> <span class='ocrx_word' id='word_1_246' title='bbox 541 3621 763 3677; x_wconf 87' lang='lat' dir='ltr'>nullum</span> <span class='ocrx_word' id='word_1_247' title='bbox 780 3620 914 3694; x_wconf 84' lang='lat' dir='ltr'>fuit)</span> <span class='ocrx_word' id='word_1_248' title='bbox 933 3630 988 3675; x_wconf 91' lang='lat' dir='ltr'>et</span> <span class='ocrx_word' id='word_1_249' title='bbox 1010 3619 1142 3695; x_wconf 72' lang='grc' dir='ltr'>Περὶ</span> <span class='ocrx_word' id='word_1_250' title='bbox 1162 3622 1421 3693; x_wconf 81' lang='grc' dir='ltr'>μουσικῶν</span> <span class='ocrx_word' id='word_1_251' title='bbox 1443 3619 1676 3695; x_wconf 80' lang='grc' dir='ltr'>ἀγώνων,</span> 
     </span>
     <span class='ocr_line' id='line_1_38' title="bbox 161 3700 1678 3780; baseline 0.005 -25"><span class='ocrx_word' id='word_1_252' title='bbox 161 3700 397 3777; x_wconf 88' lang='lat' dir='ltr'>denique,</span> <span class='ocrx_word' id='word_1_253' title='bbox 435 3708 707 3780; x_wconf 85' lang='lat' dir='ltr'>quoniam</span> <span class='ocrx_word' id='word_1_254' title='bbox 725 3708 784 3760; x_wconf 86' lang='lat' dir='ltr'>in</span> <span class='ocrx_word' id='word_1_255' title='bbox 814 3709 938 3762; x_wconf 85' lang='lat' dir='ltr'>Vita</span> <span class='ocrx_word' id='word_1_256' title='bbox 955 3708 1178 3762; x_wconf 80' lang='lat' dir='ltr'>Graeciae</span> <span class='ocrx_word' id='word_1_257' title='bbox 1202 3707 1487 3780; x_wconf 82' lang='lat' dir='ltr'>Euripidis</span> <span class='ocrx_word' id='word_1_258' title='bbox 1512 3726 1678 3762; x_wconf 83' lang='lat' dir='ltr'>men-</span> 
     </span>
     <span class='ocr_line' id='line_1_39' title="bbox 161 3782 1681 3868; baseline 0.006 -27"><span class='ocrx_word' id='word_1_259' title='bbox 161 3790 227 3841; x_wconf 82' lang='lat' dir='ltr'>tio</span> <span class='ocrx_word' id='word_1_260' title='bbox 257 3782 344 3861; x_wconf 78' lang='lat' dir='ltr'>fit,</span> <span class='ocrx_word' id='word_1_261' title='bbox 372 3795 535 3848; x_wconf 89' lang='lat' dir='ltr'>etiam</span> <span class='ocrx_word' id='word_1_262' title='bbox 563 3792 903 3849; x_wconf 88' lang='lat' dir='ltr'>Didascalias</span> <span class='ocrx_word' id='word_1_263' title='bbox 928 3795 987 3848; x_wconf 91' lang='lat' dir='ltr'>in</span> <span class='ocrx_word' id='word_1_264' title='bbox 1006 3805 1200 3867; x_wconf 89' lang='lat' dir='ltr'>poetas</span> <span class='ocrx_word' id='word_1_265' title='bbox 1227 3796 1466 3868; x_wconf 84' lang='lat' dir='ltr'>tragicos</span> <span class='ocrx_word' id='word_1_266' title='bbox 1495 3805 1551 3849; x_wconf 91' lang='lat' dir='ltr'>et</span> <span class='ocrx_word' id='word_1_267' title='bbox 1578 3814 1681 3850; x_wconf 89' lang='lat' dir='ltr'>co-</span> 
     </span>
     <span class='ocr_line' id='line_1_40' title="bbox 164 3878 1679 3954; baseline 0.002 -19"><span class='ocrx_word' id='word_1_268' title='bbox 164 3878 309 3935; x_wconf 75' lang='lat' dir='ltr'>micos</span> <span class='ocrx_word' id='word_1_269' title='bbox 333 3880 388 3933; x_wconf 88' lang='lat' dir='ltr'>in</span> <span class='ocrx_word' id='word_1_270' title='bbox 408 3881 545 3943; x_wconf 81' lang='lat' dir='ltr'>Vitae</span> <span class='ocrx_word' id='word_1_271' title='bbox 579 3879 759 3934; x_wconf 88' lang='lat' dir='ltr'>libros</span> <span class='ocrx_word' id='word_1_272' title='bbox 799 3891 908 3936; x_wconf 89' lang='lat' dir='ltr'>tres</span> <span class='ocrx_word' id='word_1_273' title='bbox 946 3881 1264 3937; x_wconf 81' lang='lat' dir='ltr'>inferciunt.</span> <span class='ocrx_word' id='word_1_274' title='bbox 1294 3881 1465 3951; x_wconf 90' lang='lat' dir='ltr'>Quod</span> <span class='ocrx_word' id='word_1_275' title='bbox 1509 3901 1679 3954; x_wconf 88' lang='lat' dir='ltr'>quam</span> 
     </span>
     <span class='ocr_line' id='line_1_41' title="bbox 162 3963 1681 4044; baseline 0.009 -32"><span class='ocrx_word' id='word_1_276' title='bbox 162 3963 219 4014; x_wconf 80' lang='lat' dir='ltr'>sit</span> <span class='ocrx_word' id='word_1_277' title='bbox 236 3966 561 4038; x_wconf 81' lang='lat' dir='ltr'>violentum,</span> <span class='ocrx_word' id='word_1_278' title='bbox 599 3966 994 4039; x_wconf 85' lang='lat' dir='ltr'>arbitrarium,</span> <span class='ocrx_word' id='word_1_279' title='bbox 1035 3979 1091 4023; x_wconf 90' lang='lat' dir='ltr'>et</span> <span class='ocrx_word' id='word_1_280' title='bbox 1122 3986 1192 4022; x_wconf 91' lang='lat' dir='ltr'>ne</span> <span class='ocrx_word' id='word_1_281' title='bbox 1219 3968 1513 4041; x_wconf 85' lang='lat' dir='ltr'>probabile</span> <span class='ocrx_word' id='word_1_282' title='bbox 1554 3973 1681 4044; x_wconf 88' lang='lat' dir='ltr'>qui·</span> 
     </span>
     <span class='ocr_line' id='line_1_42' title="bbox 164 4047 1679 4119; baseline 0.006 -16"><span class='ocrx_word' id='word_1_283' title='bbox 164 4047 297 4119; x_wconf 77' lang='lat' dir='ltr'>dero,</span> <span class='ocrx_word' id='word_1_284' title='bbox 323 4055 617 4108; x_wconf 83' lang='lat' dir='ltr'>rectissime</span> <span class='ocrx_word' id='word_1_285' title='bbox 644 4065 986 4111; x_wconf 81' lang='lat' dir='ltr'>monuerunt</span> <span class='ocrx_word' id='word_1_286' title='bbox 1003 4073 1201 4113; x_wconf 83' lang='lat' dir='ltr'>censor</span> <span class='ocrx_word' id='word_1_287' title='bbox 1219 4056 1393 4111; x_wconf 83' lang='lat' dir='ltr'>Musei</span> <span class='ocrx_word' id='word_1_288' title='bbox 1422 4056 1679 4112; x_wconf 84' lang='lat' dir='ltr'>Rhenani</span> 
     </span>
     <span class='ocr_line' id='line_1_43' title="bbox 170 4135 1678 4215; baseline 0.009 -29"><span class='ocrx_word' id='word_1_289' title='bbox 170 4135 292 4190; x_wconf 84' lang='lat'>1832</span> <span class='ocrx_word' id='word_1_290' title='bbox 308 4180 322 4203; x_wconf 87' lang='lat'>,</span> <span class='ocrx_word' id='word_1_291' title='bbox 346 4139 593 4197; x_wconf 76' lang='lat' dir='ltr'>Rankius</span> <span class='ocrx_word' id='word_1_292' title='bbox 610 4141 671 4193; x_wconf 91' lang='lat' dir='ltr'>in</span> <span class='ocrx_word' id='word_1_293' title='bbox 686 4140 792 4194; x_wconf 89' lang='lat' dir='ltr'>Vit.</span> <span class='ocrx_word' id='word_1_294' title='bbox 825 4142 1229 4215; x_wconf 78' lang='lat' dir='ltr'>Aristophanis,</span> <span class='ocrx_word' id='word_1_295' title='bbox 1253 4142 1382 4198; x_wconf 91' lang='lat' dir='ltr'>coll.</span> <span class='ocrx_word' id='word_1_296' title='bbox 1408 4142 1678 4214; x_wconf 86' lang='lat' dir='ltr'>Epheme-</span> 
     </span>
     <span class='ocr_line' id='line_1_44' title="bbox 166 4221 1679 4305; baseline 0.005 -31"><span class='ocrx_word' id='word_1_297' title='bbox 166 4221 261 4280; x_wconf 85' lang='lat' dir='ltr'>rid.</span> <span class='ocrx_word' id='word_1_298' title='bbox 282 4224 439 4280; x_wconf 86' lang='lat' dir='ltr'>schol.</span> <span class='ocrx_word' id='word_1_299' title='bbox 467 4225 709 4299; x_wconf 76' lang='lat' dir='ltr'>1832,p.</span> <span class='ocrx_word' id='word_1_300' title='bbox 736 4225 870 4295; x_wconf 84' lang='lat'>713,</span> <span class='ocrx_word' id='word_1_301' title='bbox 893 4239 948 4282; x_wconf 93' lang='lat' dir='ltr'>et</span> <span class='ocrx_word' id='word_1_302' title='bbox 962 4229 1202 4284; x_wconf 89' lang='lat' dir='ltr'>Fubrius</span> <span class='ocrx_word' id='word_1_303' title='bbox 1218 4248 1278 4301; x_wconf 89' lang='lat' dir='ltr'>p.</span> <span class='ocrx_word' id='word_1_304' title='bbox 1305 4227 1377 4283; x_wconf 81' lang='lat'>85</span> <span class='ocrx_word' id='word_1_305' title='bbox 1403 4247 1554 4303; x_wconf 71' lang='lat' dir='ltr'>sqq„</span> <span class='ocrx_word' id='word_1_306' title='bbox 1581 4234 1679 4305; x_wconf 84' lang='lat' dir='ltr'>qui</span> 
     </span>
     <span class='ocr_line' id='line_1_45' title="bbox 170 4311 1678 4392; baseline 0.009 -31"><span class='ocrx_word' id='word_1_307' title='bbox 170 4311 432 4366; x_wconf 80' lang='lat' dir='ltr'>rectissime</span> <span class='ocrx_word' id='word_1_308' title='bbox 472 4311 545 4367; x_wconf 87' lang='lat' dir='ltr'>de</span> <span class='ocrx_word' id='word_1_309' title='bbox 586 4313 678 4370; x_wconf 86' lang='lat' dir='ltr'>his</span> <span class='ocrx_word' id='word_1_310' title='bbox 715 4316 974 4386; x_wconf 83' lang='lat' dir='ltr'>exponit,</span> <span class='ocrx_word' id='word_1_311' title='bbox 1016 4334 1355 4389; x_wconf 84' lang='lat' dir='ltr'>quamquam</span> <span class='ocrx_word' id='word_1_312' title='bbox 1394 4318 1511 4390; x_wconf 81' lang='lat' dir='ltr'>ipse</span> <span class='ocrx_word' id='word_1_313' title='bbox 1555 4335 1678 4392; x_wconf 82' lang='lat' dir='ltr'>quae</span> 
     </span>
     <span class='ocr_line' id='line_1_46' title="bbox 166 4391 1678 4478; baseline 0.012 -35"><span class='ocrx_word' id='word_1_314' title='bbox 166 4391 308 4477; x_wconf 72' lang='lat' dir='ltr'>suerit</span> <span class='ocrx_word' id='word_1_315' title='bbox 347 4398 529 4468; x_wconf 84' lang='lat' dir='ltr'>operis</span> <span class='ocrx_word' id='word_1_316' title='bbox 549 4398 847 4453; x_wconf 88' lang='lat' dir='ltr'>adornatio</span> <span class='ocrx_word' id='word_1_317' title='bbox 875 4402 935 4454; x_wconf 90' lang='lat' dir='ltr'>in</span> <span class='ocrx_word' id='word_1_318' title='bbox 974 4401 1166 4478; x_wconf 84' lang='lat' dir='ltr'>medio</span> <span class='ocrx_word' id='word_1_319' title='bbox 1194 4402 1481 4474; x_wconf 87' lang='lat' dir='ltr'>relinquit.</span> <span class='ocrx_word' id='word_1_320' title='bbox 1530 4405 1678 4462; x_wconf 87' lang='lat' dir='ltr'>Nolo</span> 
     </span>
     <span class='ocr_line' id='line_1_47' title="bbox 169 4481 1679 4569; baseline 0.011 -38"><span class='ocrx_word' id='word_1_321' title='bbox 169 4495 256 4550; x_wconf 77' lang='lat' dir='ltr'>ego</span> <span class='ocrx_word' id='word_1_322' title='bbox 272 4481 378 4538; x_wconf 67' lang='lat' dir='ltr'>haec</span> <span class='ocrx_word' id='word_1_323' title='bbox 392 4503 540 4540; x_wconf 89' lang='lat' dir='ltr'>nunc</span> <span class='ocrx_word' id='word_1_324' title='bbox 561 4496 848 4560; x_wconf 81' lang='lat' dir='ltr'>repetere3</span> <span class='ocrx_word' id='word_1_325' title='bbox 877 4487 1075 4543; x_wconf 86' lang='lat' dir='ltr'>inutile</span> <span class='ocrx_word' id='word_1_326' title='bbox 1106 4489 1253 4542; x_wconf 88' lang='lat' dir='ltr'>enim</span> <span class='ocrx_word' id='word_1_327' title='bbox 1277 4488 1441 4545; x_wconf 83' lang='lat' dir='ltr'>foret.</span> <span class='ocrx_word' id='word_1_328' title='bbox 1471 4492 1679 4569; x_wconf 76' lang='lat' dir='ltr'>Verum</span> 
     </span>
     <span class='ocr_line' id='line_1_48' title="bbox 169 4572 1678 4650; baseline 0.01 -30"><span class='ocrx_word' id='word_1_329' title='bbox 169 4582 354 4623; x_wconf 81' lang='lat' dir='ltr'>causam</span> <span class='ocrx_word' id='word_1_330' title='bbox 389 4588 670 4644; x_wconf 87' lang='lat' dir='ltr'>exponere</span> <span class='ocrx_word' id='word_1_331' title='bbox 704 4572 902 4642; x_wconf 79' lang='lat' dir='ltr'>refert,</span> <span class='ocrx_word' id='word_1_332' title='bbox 931 4594 1033 4631; x_wconf 88' lang='lat' dir='ltr'>cur</span> <span class='ocrx_word' id='word_1_333' title='bbox 1058 4577 1165 4630; x_wconf 77' lang='lat' dir='ltr'>viri</span> <span class='ocrx_word' id='word_1_334' title='bbox 1209 4578 1395 4631; x_wconf 77' lang='lat' dir='ltr'>eximii</span> <span class='ocrx_word' id='word_1_335' title='bbox 1434 4579 1495 4632; x_wconf 89' lang='lat' dir='ltr'>iu</span> <span class='ocrx_word' id='word_1_336' title='bbox 1529 4579 1678 4650; x_wconf 79' lang='lat' dir='ltr'>ejus-</span> 
     </span>
     <span class='ocr_line' id='line_1_49' title="bbox 169 4652 1683 4735; baseline 0.011 -31"><span class='ocrx_word' id='word_1_337' title='bbox 169 4652 299 4707; x_wconf 82' lang='lat' dir='ltr'>modi</span> <span class='ocrx_word' id='word_1_338' title='bbox 311 4660 633 4714; x_wconf 86' lang='lat' dir='ltr'>sententiam</span> <span class='ocrx_word' id='word_1_339' title='bbox 651 4662 1142 4735; x_wconf 85' lang='lat' dir='ltr'>compellerentur,</span> <span class='ocrx_word' id='word_1_340' title='bbox 1154 4664 1393 4718; x_wconf 84' lang='lat' dir='ltr'>Fubrius</span> <span class='ocrx_word' id='word_1_341' title='bbox 1409 4683 1566 4733; x_wconf 80' lang='lat' dir='ltr'>vero,</span> <span class='ocrx_word' id='word_1_342' title='bbox 1580 4654 1683 4722; x_wconf 81' lang='lat' dir='ltr'>etsi</span> 
     </span>
     <span class='ocr_line' id='line_1_50' title="bbox 168 4736 1683 4821; baseline 0.012 -31"><span class='ocrx_word' id='word_1_343' title='bbox 168 4736 353 4795; x_wconf 82' lang='lat' dir='ltr'>admitti</span> <span class='ocrx_word' id='word_1_344' title='bbox 368 4760 487 4798; x_wconf 83' lang='lat' dir='ltr'>eam</span> <span class='ocrx_word' id='word_1_345' title='bbox 514 4763 631 4800; x_wconf 90' lang='lat' dir='ltr'>non</span> <span class='ocrx_word' id='word_1_346' title='bbox 647 4751 1203 4821; x_wconf 64' lang='lat' dir='ltr'>pompei-spuisset,</span> <span class='ocrx_word' id='word_1_347' title='bbox 1227 4760 1412 4806; x_wconf 86' lang='lat' dir='ltr'>tamen</span> <span class='ocrx_word' id='word_1_348' title='bbox 1430 4751 1502 4806; x_wconf 91' lang='lat' dir='ltr'>de</span> <span class='ocrx_word' id='word_1_349' title='bbox 1516 4750 1683 4808; x_wconf 83' lang='lat' dir='ltr'>refin-</span> 
     </span>
     <span class='ocr_line' id='line_1_51' title="bbox 169 4825 1680 4908; baseline 0.009 -28"><span class='ocrx_word' id='word_1_350' title='bbox 169 4825 324 4894; x_wconf 72' lang='lat' dir='ltr'>gruda</span> <span class='ocrx_word' id='word_1_351' title='bbox 351 4832 533 4902; x_wconf 88' lang='lat' dir='ltr'>operis</span> <span class='ocrx_word' id='word_1_352' title='bbox 559 4831 927 4889; x_wconf 85' lang='lat' dir='ltr'>adornatione</span> <span class='ocrx_word' id='word_1_353' title='bbox 951 4834 1293 4908; x_wconf 84' lang='lat' dir='ltr'>desperaret.</span> <span class='ocrx_word' id='word_1_354' title='bbox 1323 4837 1599 4892; x_wconf 85' lang='lat' dir='ltr'>Nimirum</span> <span class='ocrx_word' id='word_1_355' title='bbox 1621 4840 1680 4893; x_wconf 90' lang='lat' dir='ltr'>in</span> 
     </span>
     <span class='ocr_line' id='line_1_52' title="bbox 169 4908 1680 4997; baseline 0.011 -35"><span class='ocrx_word' id='word_1_356' title='bbox 169 4908 479 4970; x_wconf 84' lang='lat' dir='ltr'>editionibus</span> <span class='ocrx_word' id='word_1_357' title='bbox 507 4917 969 4992; x_wconf 82' lang='lat' dir='ltr'>Geographorum</span> <span class='ocrx_word' id='word_1_358' title='bbox 1005 4923 1291 4979; x_wconf 87' lang='lat' dir='ltr'>minorum</span> <span class='ocrx_word' id='word_1_359' title='bbox 1320 4933 1605 4997; x_wconf 81' lang='lat' dir='ltr'>tamquam</span> <span class='ocrx_word' id='word_1_360' title='bbox 1648 4942 1680 4979; x_wconf 92' lang='lat' dir='ltr'>e</span> 
     </span>
     <span class='ocr_line' id='line_1_53' title="bbox 168 4992 1677 5083; baseline 0.012 -35"><span class='ocrx_word' id='word_1_361' title='bbox 168 4992 439 5054; x_wconf 70' lang='lat' dir='ltr'>Dicaearchi</span> <span class='ocrx_word' id='word_1_362' title='bbox 456 5004 580 5058; x_wconf 83' lang='lat' dir='ltr'>vita</span> <span class='ocrx_word' id='word_1_363' title='bbox 605 5005 829 5060; x_wconf 80' lang='lat' dir='ltr'>Graeciae</span> <span class='ocrx_word' id='word_1_364' title='bbox 855 5007 1190 5063; x_wconf 82' lang='lat' dir='ltr'>exhibentur</span> <span class='ocrx_word' id='word_1_365' title='bbox 1222 5009 1335 5064; x_wconf 88' lang='lat' dir='ltr'>loci</span> <span class='ocrx_word' id='word_1_366' title='bbox 1362 5008 1509 5082; x_wconf 87' lang='lat' dir='ltr'>duo,</span> <span class='ocrx_word' id='word_1_367' title='bbox 1534 5028 1677 5083; x_wconf 87' lang='lat' dir='ltr'>quo·</span> 
     </span>
     <span class='ocr_line' id='line_1_54' title="bbox 170 5086 1683 5161; baseline 0.012 -27"><span class='ocrx_word' id='word_1_368' title='bbox 170 5096 276 5137; x_wconf 70' lang='lat' dir='ltr'>rum</span> <span class='ocrx_word' id='word_1_369' title='bbox 300 5086 467 5142; x_wconf 88' lang='lat' dir='ltr'>altero</span> <span class='ocrx_word' id='word_1_370' title='bbox 496 5088 882 5147; x_wconf 84' lang='lat' dir='ltr'>describuntur</span> <span class='ocrx_word' id='word_1_371' title='bbox 900 5094 1151 5161; x_wconf 75' lang='lat' dir='ltr'>Athenae,</span> <span class='ocrx_word' id='word_1_372' title='bbox 1171 5094 1340 5150; x_wconf 86' lang='lat' dir='ltr'>urbes</span> <span class='ocrx_word' id='word_1_373' title='bbox 1362 5095 1589 5152; x_wconf 70' lang='lat' dir='ltr'>Boeotioe</span> <span class='ocrx_word' id='word_1_374' title='bbox 1625 5112 1683 5152; x_wconf 85' lang='lat' dir='ltr'>et</span> 
     </span>
    </p>
   </div>
   <div class='ocr_carea' id='block_1_3' title="bbox 3172 467 3296 517">
    <p class='ocr_par' dir='ltr' id='par_1_4' title="bbox 3172 467 3296 517">
     <span class='ocr_line' id='line_1_55' title="bbox 3172 467 3296 517; baseline 0 0"><span class='ocrx_word' id='word_1_375' title='bbox 3172 467 3296 517; x_wconf 68' lang='lat'>22⁹.</span> 
     </span>
    </p>
   </div>
   <div class='ocr_carea' id='block_1_4' title="bbox 1738 588 3341 5170">
    <p class='ocr_par' dir='ltr' id='par_1_5' title="bbox 1738 588 3341 1793">
     <span class='ocr_line' id='line_1_56' title="bbox 1741 588 3297 668; baseline -0.006 -19"><span class='ocrx_word' id='word_1_376' title='bbox 1741 596 1896 668; x_wconf 90' lang='lat' dir='ltr'>quod</span> <span class='ocrx_word' id='word_1_377' title='bbox 1915 597 1974 649; x_wconf 88' lang='lat' dir='ltr'>in</span> <span class='ocrx_word' id='word_1_378' title='bbox 2002 595 2210 651; x_wconf 80' lang='lat' dir='ltr'>Graecia</span> <span class='ocrx_word' id='word_1_379' title='bbox 2228 588 2591 647; x_wconf 78' lang='lat' dir='ltr'>describenda</span> <span class='ocrx_word' id='word_1_380' title='bbox 2615 610 2790 664; x_wconf 84' lang='lat' dir='ltr'>usque</span> <span class='ocrx_word' id='word_1_381' title='bbox 2814 589 2886 646; x_wconf 85' lang='lat' dir='ltr'>ad</span> <span class='ocrx_word' id='word_1_382' title='bbox 2913 592 3156 666; x_wconf 69' lang='lat' dir='ltr'>Peneum</span> <span class='ocrx_word' id='word_1_383' title='bbox 3189 589 3297 644; x_wconf 83' lang='lat' dir='ltr'>flu-.</span> 
     </span>
     <span class='ocr_line' id='line_1_57' title="bbox 1743 677 3292 755; baseline -0.005 -20"><span class='ocrx_word' id='word_1_384' title='bbox 1743 684 1897 737; x_wconf 71' lang='lat' dir='ltr'>vium</span> <span class='ocrx_word' id='word_1_385' title='bbox 1925 684 1994 737; x_wconf 87' lang='lat' dir='ltr'>sit</span> <span class='ocrx_word' id='word_1_386' title='bbox 2019 698 2362 755; x_wconf 85' lang='lat' dir='ltr'>progressus.</span> <span class='ocrx_word' id='word_1_387' title='bbox 2387 681 2544 734; x_wconf 90' lang='lat' dir='ltr'>Patet</span> <span class='ocrx_word' id='word_1_388' title='bbox 2571 679 2879 752; x_wconf 85' lang='lat' dir='ltr'>fragmenta</span> <span class='ocrx_word' id='word_1_389' title='bbox 2904 695 3015 731; x_wconf 86' lang='lat' dir='ltr'>esse</span> <span class='ocrx_word' id='word_1_390' title='bbox 3043 677 3170 729; x_wconf 90' lang='lat' dir='ltr'>libri</span> <span class='ocrx_word' id='word_1_391' title='bbox 3197 679 3292 747; x_wconf 76' lang='lat' dir='ltr'>qui</span> 
     </span>
     <span class='ocr_line' id='line_1_58' title="bbox 1743 765 3297 841; baseline -0.003 -19"><span class='ocrx_word' id='word_1_392' title='bbox 1743 770 1914 824; x_wconf 85' lang='lat' dir='ltr'>totius</span> <span class='ocrx_word' id='word_1_393' title='bbox 1925 768 2148 825; x_wconf 83' lang='lat' dir='ltr'>Graeciae</span> <span class='ocrx_word' id='word_1_394' title='bbox 2162 766 2594 841; x_wconf 87' lang='lat' dir='ltr'>descriptionem</span> <span class='ocrx_word' id='word_1_395' title='bbox 2606 765 3036 839; x_wconf 82' lang='lat' dir='ltr'>geographicam</span> <span class='ocrx_word' id='word_1_396' title='bbox 3051 765 3297 817; x_wconf 82' lang='lat' dir='ltr'>contine-</span> 
     </span>
     <span class='ocr_line' id='line_1_59' title="bbox 1743 849 3294 920; baseline -0.004 -12"><span class='ocrx_word' id='word_1_397' title='bbox 1743 854 1859 912; x_wconf 85' lang='lat' dir='ltr'>bat.</span> <span class='ocrx_word' id='word_1_398' title='bbox 1876 857 1999 910; x_wconf 86' lang='lat' dir='ltr'>Jam</span> <span class='ocrx_word' id='word_1_399' title='bbox 2021 872 2157 908; x_wconf 78' lang='lat' dir='ltr'>vero</span> <span class='ocrx_word' id='word_1_400' title='bbox 2180 855 2226 907; x_wconf 89' lang='lat' dir='ltr'>si</span> <span class='ocrx_word' id='word_1_401' title='bbox 2243 870 2374 906; x_wconf 82' lang='lat' dir='ltr'>vere</span> <span class='ocrx_word' id='word_1_402' title='bbox 2387 851 2504 904; x_wconf 82' lang='lat' dir='ltr'>haec</span> <span class='ocrx_word' id='word_1_403' title='bbox 2524 870 2555 906; x_wconf 94' lang='lat' dir='ltr'>e</span> <span class='ocrx_word' id='word_1_404' title='bbox 2575 853 2699 905; x_wconf 91' lang='lat' dir='ltr'>Vita</span> <span class='ocrx_word' id='word_1_405' title='bbox 2719 850 2942 906; x_wconf 83' lang='lat' dir='ltr'>Graeciae</span> <span class='ocrx_word' id='word_1_406' title='bbox 2961 849 3294 920; x_wconf 87' lang='lat' dir='ltr'>deprompta</span> 
     </span>
     <span class='ocr_line' id='line_1_60' title="bbox 1743 939 3297 1010; baseline -0.003 -15"><span class='ocrx_word' id='word_1_407' title='bbox 1743 952 1899 1009; x_wconf 86' lang='lat' dir='ltr'>sunt,</span> <span class='ocrx_word' id='word_1_408' title='bbox 1933 939 2058 995; x_wconf 86' lang='lat' dir='ltr'>fieri</span> <span class='ocrx_word' id='word_1_409' title='bbox 2084 941 2316 994; x_wconf 85' lang='lat' dir='ltr'>omnino</span> <span class='ocrx_word' id='word_1_410' title='bbox 2348 956 2465 993; x_wconf 91' lang='lat' dir='ltr'>non</span> <span class='ocrx_word' id='word_1_411' title='bbox 2498 939 2685 1010; x_wconf 85' lang='lat' dir='ltr'>potuit</span> <span class='ocrx_word' id='word_1_412' title='bbox 2720 948 2784 991; x_wconf 90' lang='lat' dir='ltr'>ut</span> <span class='ocrx_word' id='word_1_413' title='bbox 2820 954 2922 1009; x_wconf 87' lang='lat' dir='ltr'>per</span> <span class='ocrx_word' id='word_1_414' title='bbox 2958 954 3150 989; x_wconf 90' lang='lat' dir='ltr'>omnes</span> <span class='ocrx_word' id='word_1_415' title='bbox 3188 945 3297 990; x_wconf 83' lang='lat' dir='ltr'>tres</span> 
     </span>
     <span class='ocr_line' id='line_1_61' title="bbox 1746 1022 3299 1100; baseline -0.003 -20"><span class='ocrx_word' id='word_1_416' title='bbox 1746 1028 1922 1083; x_wconf 87' lang='lat' dir='ltr'>libros</span> <span class='ocrx_word' id='word_1_417' title='bbox 1949 1028 2122 1082; x_wconf 77' lang='lat' dir='ltr'>vitam</span> <span class='ocrx_word' id='word_1_418' title='bbox 2151 1026 2474 1082; x_wconf 79' lang='lat' dir='ltr'>Graecorum</span> <span class='ocrx_word' id='word_1_419' title='bbox 2503 1023 2808 1079; x_wconf 87' lang='lat' dir='ltr'>secundum</span> <span class='ocrx_word' id='word_1_420' title='bbox 2831 1022 3160 1100; x_wconf 84' lang='lat' dir='ltr'>historicum</span> <span class='ocrx_word' id='word_1_421' title='bbox 3183 1022 3299 1092; x_wconf 88' lang='lat' dir='ltr'>ejus</span> 
     </span>
     <span class='ocr_line' id='line_1_62' title="bbox 1750 1109 3341 1189; baseline -0.005 -20"><span class='ocrx_word' id='word_1_422' title='bbox 1750 1132 2102 1189; x_wconf 89' lang='lat' dir='ltr'>progressum</span> <span class='ocrx_word' id='word_1_423' title='bbox 2127 1112 2479 1169; x_wconf 81' lang='lat' dir='ltr'>Dicaearchus</span> <span class='ocrx_word' id='word_1_424' title='bbox 2502 1111 2888 1184; x_wconf 81' lang='lat' dir='ltr'>explicaverit,</span> <span class='ocrx_word' id='word_1_425' title='bbox 2916 1126 3098 1181; x_wconf 90' lang='lat' dir='ltr'>neque</span> <span class='ocrx_word' id='word_1_426' title='bbox 3121 1109 3296 1181; x_wconf 85' lang='lat' dir='ltr'>quid--</span> <span class='ocrx_word' id='word_1_427' title='bbox 3330 1116 3341 1126; x_wconf 86' lang='grc'><em>·</em></span> 
     </span>
     <span class='ocr_line' id='line_1_63' title="bbox 1750 1196 3289 1273; baseline -0.003 -20"><span class='ocrx_word' id='word_1_428' title='bbox 1750 1219 1918 1273; x_wconf 82' lang='lat' dir='ltr'>quam</span> <span class='ocrx_word' id='word_1_429' title='bbox 1944 1201 2202 1255; x_wconf 85' lang='lat' dir='ltr'>relictum</span> <span class='ocrx_word' id='word_1_430' title='bbox 2246 1207 2396 1264; x_wconf 88' lang='lat' dir='ltr'>erat,</span> <span class='ocrx_word' id='word_1_431' title='bbox 2443 1200 2548 1252; x_wconf 89' lang='lat' dir='ltr'>nisi</span> <span class='ocrx_word' id='word_1_432' title='bbox 2580 1207 2644 1251; x_wconf 91' lang='lat' dir='ltr'>ut</span> <span class='ocrx_word' id='word_1_433' title='bbox 2683 1208 2898 1270; x_wconf 88' lang='lat' dir='ltr'>partem</span> <span class='ocrx_word' id='word_1_434' title='bbox 2941 1196 3289 1261; x_wconf 86' lang='lat' dir='ltr'>historicam,</span> 
     </span>
     <span class='ocr_line' id='line_1_64' title="bbox 1750 1283 3292 1361; baseline -0.003 -20"><span class='ocrx_word' id='word_1_435' title='bbox 1750 1299 1965 1359; x_wconf 83' lang='lat' dir='ltr'>partem</span> <span class='ocrx_word' id='word_1_436' title='bbox 1990 1285 2454 1361; x_wconf 57' lang='lat' dir='ltr'>geographiam,</span> <span class='ocrx_word' id='word_1_437' title='bbox 2490 1294 2706 1357; x_wconf 82' lang='lat' dir='ltr'>partem</span> <span class='ocrx_word' id='word_1_438' title='bbox 2739 1284 2812 1338; x_wconf 86' lang='lat' dir='ltr'>ad</span> <span class='ocrx_word' id='word_1_439' title='bbox 2856 1283 3073 1347; x_wconf 74' lang='lat' dir='ltr'>literas,</span> <span class='ocrx_word' id='word_1_440' title='bbox 3115 1293 3259 1341; x_wconf 82' lang='lat' dir='ltr'>artes</span> <span class='ocrx_word' id='word_1_441' title='bbox 3279 1325 3292 1347; x_wconf 91' lang='lat'><strong>‚</strong></span> 
     </span>
     <span class='ocr_line' id='line_1_65' title="bbox 1752 1372 3298 1446; baseline -0.003 -18"><span class='ocrx_word' id='word_1_442' title='bbox 1752 1375 1963 1445; x_wconf 79' lang='lat' dir='ltr'>reliqua</span> <span class='ocrx_word' id='word_1_443' title='bbox 2000 1384 2341 1446; x_wconf 87' lang='lat' dir='ltr'>spectantem</span> <span class='ocrx_word' id='word_1_444' title='bbox 2371 1373 2794 1445; x_wconf 86' lang='lat' dir='ltr'>distinguerent.</span> <span class='ocrx_word' id='word_1_445' title='bbox 2831 1403 2900 1413; x_wconf 89' lang='lat'>—</span> <span class='ocrx_word' id='word_1_446' title='bbox 2925 1376 3186 1425; x_wconf 82' lang='lat' dir='ltr'>Attamen</span> <span class='ocrx_word' id='word_1_447' title='bbox 3223 1372 3298 1424; x_wconf 86' lang='lat' dir='ltr'>ita</span> 
     </span>
     <span class='ocr_line' id='line_1_66' title="bbox 1738 1452 3302 1531; baseline -0.002 -16"><span class='ocrx_word' id='word_1_448' title='bbox 1738 1457 1857 1531; x_wconf 88' lang='lat' dir='ltr'>jam</span> <span class='ocrx_word' id='word_1_449' title='bbox 1882 1478 1939 1515; x_wconf 89' lang='lat' dir='ltr'>se</span> <span class='ocrx_word' id='word_1_450' title='bbox 1965 1478 2053 1515; x_wconf 88' lang='lat' dir='ltr'>res</span> <span class='ocrx_word' id='word_1_451' title='bbox 2074 1460 2273 1527; x_wconf 90' lang='lat' dir='ltr'>habet,</span> <span class='ocrx_word' id='word_1_452' title='bbox 2304 1471 2367 1513; x_wconf 91' lang='lat' dir='ltr'>ut</span> <span class='ocrx_word' id='word_1_453' title='bbox 2403 1460 2704 1513; x_wconf 85' lang='lat' dir='ltr'>auctoritas</span> <span class='ocrx_word' id='word_1_454' title='bbox 2733 1476 2842 1531; x_wconf 83' lang='lat' dir='ltr'>qua</span> <span class='ocrx_word' id='word_1_455' title='bbox 2872 1452 3180 1530; x_wconf 79' lang='lat' dir='ltr'>fragmenta</span> <span class='ocrx_word' id='word_1_456' title='bbox 3207 1458 3302 1512; x_wconf 84' lang='lat' dir='ltr'>illa</span> 
     </span>
     <span class='ocr_line' id='line_1_67' title="bbox 1751 1540 3301 1612; baseline -0.005 -9"><span class='ocrx_word' id='word_1_457' title='bbox 1751 1548 1885 1603; x_wconf 71' lang='lat' dir='ltr'>Vitae</span> <span class='ocrx_word' id='word_1_458' title='bbox 1913 1547 2136 1604; x_wconf 79' lang='lat' dir='ltr'>Graeciae</span> <span class='ocrx_word' id='word_1_459' title='bbox 2177 1540 2547 1612; x_wconf 87' lang='lat' dir='ltr'>ascribuntur,</span> <span class='ocrx_word' id='word_1_460' title='bbox 2577 1546 2807 1599; x_wconf 87' lang='lat' dir='ltr'>omnino</span> <span class='ocrx_word' id='word_1_461' title='bbox 2838 1544 2989 1599; x_wconf 81' lang='lat' dir='ltr'>nulla</span> <span class='ocrx_word' id='word_1_462' title='bbox 3014 1546 3110 1610; x_wconf 83' lang='lat' dir='ltr'>sit,</span> <span class='ocrx_word' id='word_1_463' title='bbox 3145 1555 3201 1598; x_wconf 91' lang='lat' dir='ltr'>et</span> <span class='ocrx_word' id='word_1_464' title='bbox 3229 1563 3301 1597; x_wconf 90' lang='lat' dir='ltr'>ne</span> 
     </span>
     <span class='ocr_line' id='line_1_68' title="bbox 1749 1631 3298 1706; baseline -0.003 -18"><span class='ocrx_word' id='word_1_465' title='bbox 1749 1633 1861 1688; x_wconf 85' lang='lat' dir='ltr'>hoc</span> <span class='ocrx_word' id='word_1_466' title='bbox 1909 1633 2140 1706; x_wconf 87' lang='lat' dir='ltr'>quidem</span> <span class='ocrx_word' id='word_1_467' title='bbox 2183 1634 2421 1705; x_wconf 86' lang='lat' dir='ltr'>liqueat,</span> <span class='ocrx_word' id='word_1_468' title='bbox 2463 1642 2652 1687; x_wconf 87' lang='lat' dir='ltr'>utrum</span> <span class='ocrx_word' id='word_1_469' title='bbox 2683 1633 2915 1686; x_wconf 92' lang='lat' dir='ltr'>omnino</span> <span class='ocrx_word' id='word_1_470' title='bbox 2959 1631 3298 1698; x_wconf 81' lang='lat' dir='ltr'>Dicaearchi,</span> 
     </span>
     <span class='ocr_line' id='line_1_69' title="bbox 1753 1720 3151 1793; baseline -0.001 -17"><span class='ocrx_word' id='word_1_471' title='bbox 1753 1739 1824 1776; x_wconf 88' lang='lat' dir='ltr'>an</span> <span class='ocrx_word' id='word_1_472' title='bbox 1853 1721 1990 1776; x_wconf 78' lang='lat' dir='ltr'>alius</span> <span class='ocrx_word' id='word_1_473' title='bbox 2007 1721 2117 1775; x_wconf 88' lang='lat' dir='ltr'>sint</span> <span class='ocrx_word' id='word_1_474' title='bbox 2138 1721 2447 1793; x_wconf 89' lang='lat' dir='ltr'>scriptoris.</span> <span class='ocrx_word' id='word_1_475' title='bbox 2477 1722 2613 1789; x_wconf 81' lang='lat' dir='ltr'>Quae</span> <span class='ocrx_word' id='word_1_476' title='bbox 2643 1736 2729 1773; x_wconf 87' lang='lat' dir='ltr'>res</span> <span class='ocrx_word' id='word_1_477' title='bbox 2755 1720 2826 1772; x_wconf 89' lang='lat' dir='ltr'>sit</span> <span class='ocrx_word' id='word_1_478' title='bbox 2850 1735 3151 1790; x_wconf 84' lang='lat' dir='ltr'>exponam.</span> 
     </span>
    </p>

    <p class='ocr_par' dir='ltr' id='par_1_6' title="bbox 1753 1803 3315 4912">
     <span class='ocr_line' id='line_1_70' title="bbox 1830 1803 3300 1881; baseline -0.002 -19"><span class='ocrx_word' id='word_1_479' title='bbox 1830 1808 2162 1881; x_wconf 84' lang='lat' dir='ltr'>Fragmenta</span> <span class='ocrx_word' id='word_1_480' title='bbox 2189 1806 2515 1876; x_wconf 77' lang='lat' dir='ltr'>Dicaearchi,</span> <span class='ocrx_word' id='word_1_481' title='bbox 2541 1824 2665 1877; x_wconf 84' lang='lat' dir='ltr'>quae</span> <span class='ocrx_word' id='word_1_482' title='bbox 2695 1806 2752 1858; x_wconf 89' lang='lat' dir='ltr'>in</span> <span class='ocrx_word' id='word_1_483' title='bbox 2778 1803 3117 1858; x_wconf 86' lang='lat' dir='ltr'>editionibus</span> <span class='ocrx_word' id='word_1_484' title='bbox 3147 1804 3300 1859; x_wconf 87' lang='lat' dir='ltr'>Geo-</span> 
     </span>
     <span class='ocr_line' id='line_1_71' title="bbox 1753 1890 3300 1968; baseline -0.003 -20"><span class='ocrx_word' id='word_1_485' title='bbox 1753 1894 2094 1968; x_wconf 85' lang='lat' dir='ltr'>graphorum</span> <span class='ocrx_word' id='word_1_486' title='bbox 2152 1894 2435 1947; x_wconf 81' lang='lat' dir='ltr'>Minorum</span> <span class='ocrx_word' id='word_1_487' title='bbox 2485 1892 2592 1965; x_wconf 87' lang='lat' dir='ltr'>legi</span> <span class='ocrx_word' id='word_1_488' title='bbox 2638 1890 2852 1957; x_wconf 89' lang='lat' dir='ltr'>solent,</span> <span class='ocrx_word' id='word_1_489' title='bbox 2911 1900 3114 1961; x_wconf 81' lang='lat' dir='ltr'>praeter</span> <span class='ocrx_word' id='word_1_490' title='bbox 3159 1891 3300 1944; x_wconf 89' lang='lat' dir='ltr'>illud</span> 
     </span>
     <span class='ocr_line' id='line_1_72' title="bbox 1754 1974 3306 2052; baseline -0.002 -17"><span class='ocrx_word' id='word_1_491' title='bbox 1754 1980 1911 2052; x_wconf 90' lang='lat' dir='ltr'>quod</span> <span class='ocrx_word' id='word_1_492' title='bbox 1944 1990 2025 2035; x_wconf 88' lang='lat' dir='ltr'>est</span> <span class='ocrx_word' id='word_1_493' title='bbox 2051 1979 2123 2034; x_wconf 89' lang='lat' dir='ltr'>de</span> <span class='ocrx_word' id='word_1_494' title='bbox 2151 1979 2305 2034; x_wconf 91' lang='lat' dir='ltr'>Pelio</span> <span class='ocrx_word' id='word_1_495' title='bbox 2323 1989 2535 2045; x_wconf 90' lang='lat' dir='ltr'>monte,</span> <span class='ocrx_word' id='word_1_496' title='bbox 2568 1996 2636 2032; x_wconf 83' lang='lat' dir='ltr'>ex</span> <span class='ocrx_word' id='word_1_497' title='bbox 2657 1994 2772 2031; x_wconf 90' lang='lat' dir='ltr'>uno</span> <span class='ocrx_word' id='word_1_498' title='bbox 2796 1975 3111 2047; x_wconf 90' lang='lat' dir='ltr'>eodemque</span> <span class='ocrx_word' id='word_1_499' title='bbox 3134 1974 3306 2032; x_wconf 84' lang='lat' dir='ltr'>fluxe-</span> 
     </span>
     <span class='ocr_line' id='line_1_73' title="bbox 1754 2064 3307 2132; baseline -0.001 -11"><span class='ocrx_word' id='word_1_500' title='bbox 1754 2080 1887 2122; x_wconf 90' lang='lat' dir='ltr'>runt</span> <span class='ocrx_word' id='word_1_501' title='bbox 1909 2067 2083 2122; x_wconf 90' lang='lat' dir='ltr'>fonte.</span> <span class='ocrx_word' id='word_1_502' title='bbox 2110 2069 2160 2121; x_wconf 87' lang='lat' dir='ltr'>Is</span> <span class='ocrx_word' id='word_1_503' title='bbox 2185 2084 2321 2121; x_wconf 77' lang='lat' dir='ltr'>vero</span> <span class='ocrx_word' id='word_1_504' title='bbox 2346 2065 2470 2119; x_wconf 89' lang='lat' dir='ltr'>sons</span> <span class='ocrx_word' id='word_1_505' title='bbox 2486 2064 2756 2119; x_wconf 80' lang='lat' dir='ltr'>estcodex</span> <span class='ocrx_word' id='word_1_506' title='bbox 2775 2065 2956 2118; x_wconf 82' lang='lat' dir='ltr'>saeculi</span> <span class='ocrx_word' id='word_1_507' title='bbox 2976 2064 3141 2132; x_wconf 80' lang='lat' dir='ltr'>xm,</span> <span class='ocrx_word' id='word_1_508' title='bbox 3169 2066 3307 2120; x_wconf 86' lang='lat' dir='ltr'>olim</span> 
     </span>
     <span class='ocr_line' id='line_1_74' title="bbox 1756 2150 3305 2224; baseline -0.003 -14"><span class='ocrx_word' id='word_1_509' title='bbox 1756 2156 2006 2223; x_wconf 86' lang='lat' dir='ltr'>Italicus,</span> <span class='ocrx_word' id='word_1_510' title='bbox 2038 2156 2182 2208; x_wconf 87' lang='lat' dir='ltr'>inter</span> <span class='ocrx_word' id='word_1_511' title='bbox 2204 2170 2381 2207; x_wconf 89' lang='lat' dir='ltr'>annos</span> <span class='ocrx_word' id='word_1_512' title='bbox 2410 2151 2556 2223; x_wconf 84' lang='lat'>1589</span> <span class='ocrx_word' id='word_1_513' title='bbox 2582 2163 2636 2206; x_wconf 90' lang='lat' dir='ltr'>et</span> <span class='ocrx_word' id='word_1_514' title='bbox 2671 2150 2817 2224; x_wconf 80' lang='lat'>1593</span> <span class='ocrx_word' id='word_1_515' title='bbox 2853 2152 2914 2204; x_wconf 91' lang='lat' dir='ltr'>in</span> <span class='ocrx_word' id='word_1_516' title='bbox 2952 2150 3185 2205; x_wconf 85' lang='lat' dir='ltr'>Galliam</span> <span class='ocrx_word' id='word_1_517' title='bbox 3225 2170 3305 2206; x_wconf 89' lang='lat' dir='ltr'>as-</span> 
     </span>
     <span class='ocr_line' id='line_1_75' title="bbox 1754 2235 3303 2314; baseline -0.002 -19"><span class='ocrx_word' id='word_1_518' title='bbox 1754 2249 2038 2314; x_wconf 77' lang='lat' dir='ltr'>portatus,</span> <span class='ocrx_word' id='word_1_519' title='bbox 2071 2240 2167 2294; x_wconf 87' lang='lat' dir='ltr'>ubi</span> <span class='ocrx_word' id='word_1_520' title='bbox 2191 2241 2435 2312; x_wconf 89' lang='lat' dir='ltr'>primum</span> <span class='ocrx_word' id='word_1_521' title='bbox 2459 2237 2778 2311; x_wconf 85' lang='lat' dir='ltr'>possidebat</span> <span class='ocrx_word' id='word_1_522' title='bbox 2794 2235 3058 2291; x_wconf 84' lang='lat' dir='ltr'>Claudius</span> <span class='ocrx_word' id='word_1_523' title='bbox 3075 2239 3303 2312; x_wconf 75' lang='lat' dir='ltr'>Dupuy,</span> 
     </span>
     <span class='ocr_line' id='line_1_76' title="bbox 1758 2324 3308 2400; baseline -0.001 -17"><span class='ocrx_word' id='word_1_524' title='bbox 1758 2327 1964 2383; x_wconf 91' lang='lat' dir='ltr'>deinde</span> <span class='ocrx_word' id='word_1_525' title='bbox 2009 2328 2227 2382; x_wconf 87' lang='lat' dir='ltr'>Petrus.</span> <span class='ocrx_word' id='word_1_526' title='bbox 2253 2327 2491 2393; x_wconf 86' lang='lat' dir='ltr'>Pithon,</span> <span class='ocrx_word' id='word_1_527' title='bbox 2552 2342 2721 2400; x_wconf 87' lang='lat' dir='ltr'>penes</span> <span class='ocrx_word' id='word_1_528' title='bbox 2764 2324 2921 2393; x_wconf 84' lang='lat' dir='ltr'>cujus</span> <span class='ocrx_word' id='word_1_529' title='bbox 2971 2340 3308 2381; x_wconf 85' lang='lat' dir='ltr'>successores</span> 
     </span>
     <span class='ocr_line' id='line_1_77' title="bbox 1757 2409 3307 2487; baseline -0.001 -20"><span class='ocrx_word' id='word_1_530' title='bbox 1757 2415 1960 2468; x_wconf 89' lang='lat' dir='ltr'>mansit</span> <span class='ocrx_word' id='word_1_531' title='bbox 1977 2430 2155 2487; x_wconf 87' lang='lat' dir='ltr'>usque</span> <span class='ocrx_word' id='word_1_532' title='bbox 2178 2411 2251 2467; x_wconf 89' lang='lat' dir='ltr'>ad</span> <span class='ocrx_word' id='word_1_533' title='bbox 2270 2430 2476 2465; x_wconf 88' lang='lat' dir='ltr'>annum</span> <span class='ocrx_word' id='word_1_534' title='bbox 2509 2410 2677 2479; x_wconf 83' lang='lat'>1837,</span> <span class='ocrx_word' id='word_1_535' title='bbox 2709 2428 2824 2481; x_wconf 86' lang='lat' dir='ltr'>quo</span> <span class='ocrx_word' id='word_1_536' title='bbox 2854 2409 3058 2464; x_wconf 88' lang='lat' dir='ltr'>librum</span> <span class='ocrx_word' id='word_1_537' title='bbox 3086 2415 3307 2483; x_wconf 89' lang='lat' dir='ltr'>pretio-</span> 
     </span>
     <span class='ocr_line' id='line_1_78' title="bbox 1756 2498 3310 2572; baseline -0.001 -17"><span class='ocrx_word' id='word_1_538' title='bbox 1756 2501 2025 2555; x_wconf 86' lang='lat' dir='ltr'>sissimum</span> <span class='ocrx_word' id='word_1_539' title='bbox 2044 2499 2334 2572; x_wconf 81' lang='lat' dir='ltr'>acquisivit</span> <span class='ocrx_word' id='word_1_540' title='bbox 2353 2499 2526 2571; x_wconf 86' lang='lat' dir='ltr'>Regia</span> <span class='ocrx_word' id='word_1_541' title='bbox 2553 2498 2902 2552; x_wconf 81' lang='lat' dir='ltr'>Bibliotheca</span> <span class='ocrx_word' id='word_1_542' title='bbox 2915 2499 3155 2552; x_wconf 87' lang='lat' dir='ltr'>Parisina</span> <span class='ocrx_word' id='word_1_543' title='bbox 3170 2540 3186 2567; x_wconf 96' lang='lat'>,</span> <span class='ocrx_word' id='word_1_544' title='bbox 3208 2501 3310 2553; x_wconf 86' lang='lat' dir='ltr'>ubi</span> 
     </span>
     <span class='ocr_line' id='line_1_79' title="bbox 1763 2582 3308 2659; baseline -0.001 -18"><span class='ocrx_word' id='word_1_545' title='bbox 1763 2604 1911 2641; x_wconf 86' lang='lat' dir='ltr'>nunc</span> <span class='ocrx_word' id='word_1_546' title='bbox 1961 2587 2018 2640; x_wconf 88' lang='lat' dir='ltr'>in</span> <span class='ocrx_word' id='word_1_547' title='bbox 2048 2586 2314 2659; x_wconf 83' lang='lat' dir='ltr'>Catalogo</span> <span class='ocrx_word' id='word_1_548' title='bbox 2340 2585 2722 2657; x_wconf 87' lang='lat' dir='ltr'>Supplementi</span> <span class='ocrx_word' id='word_1_549' title='bbox 2751 2600 2987 2638; x_wconf 89' lang='lat' dir='ltr'>numero</span> <span class='ocrx_word' id='word_1_550' title='bbox 3020 2582 3132 2647; x_wconf 73' lang='grc'>443</span> <span class='ocrx_word' id='word_1_551' title='bbox 3163 2583 3308 2639; x_wconf 85' lang='lat' dir='ltr'>desi-</span> 
     </span>
     <span class='ocr_line' id='line_1_80' title="bbox 1758 2669 3305 2744; baseline 0 -18"><span class='ocrx_word' id='word_1_552' title='bbox 1758 2682 1979 2744; x_wconf 85' lang='lat' dir='ltr'>gnatur.</span> <span class='ocrx_word' id='word_1_553' title='bbox 2007 2674 2348 2744; x_wconf 79' lang='lat' dir='ltr'>Argumenta</span> <span class='ocrx_word' id='word_1_554' title='bbox 2392 2688 2619 2736; x_wconf 89' lang='lat' dir='ltr'>eorum,</span> <span class='ocrx_word' id='word_1_555' title='bbox 2671 2687 2794 2741; x_wconf 81' lang='lat' dir='ltr'>quae</span> <span class='ocrx_word' id='word_1_556' title='bbox 2831 2669 3012 2725; x_wconf 83' lang='lat' dir='ltr'>modo</span> <span class='ocrx_word' id='word_1_557' title='bbox 3036 2669 3305 2737; x_wconf 79' lang='lat' dir='ltr'>diximus,</span> 
     </span>
     <span class='ocr_line' id='line_1_81' title="bbox 1759 2757 3311 2831; baseline -0.001 -19"><span class='ocrx_word' id='word_1_558' title='bbox 1759 2758 2103 2812; x_wconf 87' lang='lat' dir='ltr'>acutissimus</span> <span class='ocrx_word' id='word_1_559' title='bbox 2128 2758 2384 2831; x_wconf 83' lang='lat' dir='ltr'>exposuit</span> <span class='ocrx_word' id='word_1_560' title='bbox 2406 2757 2749 2812; x_wconf 82' lang='lat' dir='ltr'>Letronnius</span> <span class='ocrx_word' id='word_1_561' title='bbox 2777 2758 2836 2812; x_wconf 86' lang='lat' dir='ltr'>iu</span> <span class='ocrx_word' id='word_1_562' title='bbox 2862 2757 3191 2828; x_wconf 77' lang='lat' dir='ltr'>Fragments</span> <span class='ocrx_word' id='word_1_563' title='bbox 3210 2758 3311 2812; x_wconf 83' lang='lat' dir='ltr'>des</span> 
     </span>
     <span class='ocr_line' id='line_1_82' title="bbox 1755 2841 3309 2916; baseline 0.001 -20"><span class='ocrx_word' id='word_1_564' title='bbox 1755 2848 1976 2915; x_wconf 66' lang='lat' dir='ltr'>poemes</span> <span class='ocrx_word' id='word_1_565' title='bbox 2005 2847 2196 2915; x_wconf 63' lang='lat' dir='ltr'>geogr.</span> <span class='ocrx_word' id='word_1_566' title='bbox 2247 2842 2448 2916; x_wconf 87' lang='lat' dir='ltr'>(Paris.</span> <span class='ocrx_word' id='word_1_567' title='bbox 2498 2841 2679 2915; x_wconf 75' lang='lat'><em>1839)</em></span> <span class='ocrx_word' id='word_1_568' title='bbox 2709 2860 2770 2914; x_wconf 83' lang='lat' dir='ltr'>p.</span> <span class='ocrx_word' id='word_1_569' title='bbox 2812 2861 2833 2895; x_wconf 87' lang='lat'>1</span> <span class='ocrx_word' id='word_1_570' title='bbox 2893 2859 3017 2915; x_wconf 84' lang='lat' dir='ltr'>sqq.</span> <span class='ocrx_word' id='word_1_571' title='bbox 3045 2845 3211 2897; x_wconf 85' lang='lat' dir='ltr'>Hunc</span> <span class='ocrx_word' id='word_1_572' title='bbox 3249 2853 3309 2897; x_wconf 91' lang='lat' dir='ltr'>tu</span> 
     </span>
     <span class='ocr_line' id='line_1_83' title="bbox 1762 2928 3304 2997; baseline 0 -13"><span class='ocrx_word' id='word_1_573' title='bbox 1762 2928 1942 2985; x_wconf 83' lang='lat' dir='ltr'>adeas.</span> <span class='ocrx_word' id='word_1_574' title='bbox 1974 2931 2237 2985; x_wconf 89' lang='lat' dir='ltr'>Continet</span> <span class='ocrx_word' id='word_1_575' title='bbox 2284 2947 2420 2983; x_wconf 79' lang='lat' dir='ltr'>vero</span> <span class='ocrx_word' id='word_1_576' title='bbox 2469 2928 2648 2984; x_wconf 76' lang='lat' dir='ltr'>codex</span> <span class='ocrx_word' id='word_1_577' title='bbox 2679 2948 2694 2983; x_wconf 69' lang='grc' dir='ltr'>ι</span> <span class='ocrx_word' id='word_1_578' title='bbox 2750 2947 2802 2985; x_wconf 88' lang='lat'>1.</span> <span class='ocrx_word' id='word_1_579' title='bbox 2848 2931 3222 2997; x_wconf 85' lang='lat' dir='ltr'>Marcianum,</span> <span class='ocrx_word' id='word_1_580' title='bbox 3248 2949 3304 2984; x_wconf 78' lang='lat' dir='ltr'>a.</span> 
     </span>
     <span class='ocr_line' id='line_1_84' title="bbox 1760 3015 3307 3090; baseline -0.002 -18"><span class='ocrx_word' id='word_1_581' title='bbox 1760 3016 2102 3072; x_wconf 77' lang='lat' dir='ltr'>Artemidori</span> <span class='ocrx_word' id='word_1_582' title='bbox 2159 3017 2477 3090; x_wconf 86' lang='lat' dir='ltr'>epitomen,</span> <span class='ocrx_word' id='word_1_583' title='bbox 2524 3015 2577 3074; x_wconf 87' lang='lat'>3.</span> <span class='ocrx_word' id='word_1_584' title='bbox 2619 3017 2863 3089; x_wconf 76' lang='lat' dir='ltr'>Scylacis</span> <span class='ocrx_word' id='word_1_585' title='bbox 2901 3015 3208 3088; x_wconf 89' lang='lat' dir='ltr'>Periplum,</span> <span class='ocrx_word' id='word_1_586' title='bbox 3252 3025 3307 3081; x_wconf 73' lang='grc'>4.</span> 
     </span>
     <span class='ocr_line' id='line_1_85' title="bbox 1763 3101 3312 3176; baseline -0.001 -17"><span class='ocrx_word' id='word_1_587' title='bbox 1763 3101 1966 3160; x_wconf 86' lang='lat' dir='ltr'>Isidori</span> <span class='ocrx_word' id='word_1_588' title='bbox 1986 3104 2288 3160; x_wconf 85' lang='lat' dir='ltr'>Characeni</span> <span class='ocrx_word' id='word_1_589' title='bbox 2304 3103 2584 3158; x_wconf 87' lang='lat' dir='ltr'>Stathmos</span> <span class='ocrx_word' id='word_1_590' title='bbox 2604 3104 2891 3159; x_wconf 87' lang='lat' dir='ltr'>Parthicos</span> <span class='ocrx_word' id='word_1_591' title='bbox 2907 3144 2923 3172; x_wconf 87' lang='lat'>,</span> <span class='ocrx_word' id='word_1_592' title='bbox 2945 3105 3033 3158; x_wconf 89' lang='lat' dir='ltr'>cui</span> <span class='ocrx_word' id='word_1_593' title='bbox 3060 3106 3219 3176; x_wconf 90' lang='lat' dir='ltr'>operi</span> <span class='ocrx_word' id='word_1_594' title='bbox 3244 3106 3312 3157; x_wconf 87' lang='lat' dir='ltr'>ti·</span> 
     </span>
     <span class='ocr_line' id='line_1_86' title="bbox 1763 3188 3308 3264; baseline 0.001 -20"><span class='ocrx_word' id='word_1_595' title='bbox 1763 3191 1912 3249; x_wconf 88' lang='lat' dir='ltr'>tulus</span> <span class='ocrx_word' id='word_1_596' title='bbox 1934 3209 2054 3246; x_wconf 90' lang='lat' dir='ltr'>non</span> <span class='ocrx_word' id='word_1_597' title='bbox 2097 3188 2425 3264; x_wconf 83' lang='lat' dir='ltr'>praefigitur,</span> <span class='ocrx_word' id='word_1_598' title='bbox 2455 3190 2554 3245; x_wconf 86' lang='lat' dir='ltr'>sed</span> <span class='ocrx_word' id='word_1_599' title='bbox 2584 3189 2658 3245; x_wconf 90' lang='lat' dir='ltr'>ad</span> <span class='ocrx_word' id='word_1_600' title='bbox 2690 3191 2897 3247; x_wconf 83' lang='lat' dir='ltr'>calcem</span> <span class='ocrx_word' id='word_1_601' title='bbox 2924 3190 3308 3245; x_wconf 84' lang='lat' dir='ltr'>subscribitur.</span> 
     </span>
     <span class='ocr_line' id='line_1_87' title="bbox 1763 3277 3315 3350; baseline -0.001 -17"><span class='ocrx_word' id='word_1_602' title='bbox 1763 3277 1982 3333; x_wconf 85' lang='lat' dir='ltr'>Deinde</span> <span class='ocrx_word' id='word_1_603' title='bbox 2009 3278 2167 3332; x_wconf 87' lang='lat' dir='ltr'>nullo</span> <span class='ocrx_word' id='word_1_604' title='bbox 2206 3277 2490 3350; x_wconf 75' lang='lat' dir='ltr'>praemisso</span> <span class='ocrx_word' id='word_1_605' title='bbox 2527 3278 2693 3345; x_wconf 76' lang='lat' dir='ltr'>titulo</span> <span class='ocrx_word' id='word_1_606' title='bbox 2742 3279 2996 3349; x_wconf 86' lang='lat' dir='ltr'>sequitur</span> <span class='ocrx_word' id='word_1_607' title='bbox 3034 3278 3315 3350; x_wconf 81' lang='lat' dir='ltr'>fragmen-</span> 
     </span>
     <span class='ocr_line' id='line_1_88' title="bbox 1766 3364 3315 3437; baseline -0.002 -17"><span class='ocrx_word' id='word_1_608' title='bbox 1766 3375 1885 3420; x_wconf 90' lang='lat' dir='ltr'>tum</span> <span class='ocrx_word' id='word_1_609' title='bbox 1930 3366 2234 3420; x_wconf 88' lang='lat' dir='ltr'>metricum</span> <span class='ocrx_word' id='word_1_610' title='bbox 2260 3382 2519 3419; x_wconf 77' lang='lat' dir='ltr'>versuum</span> <span class='ocrx_word' id='word_1_611' title='bbox 2568 3381 2699 3436; x_wconf 85' lang='lat'>109,</span> <span class='ocrx_word' id='word_1_612' title='bbox 2743 3364 2898 3435; x_wconf 89' lang='lat' dir='ltr'>cujus</span> <span class='ocrx_word' id='word_1_613' title='bbox 2945 3374 3140 3418; x_wconf 90' lang='lat' dir='ltr'>auctor</span> <span class='ocrx_word' id='word_1_614' title='bbox 3187 3375 3315 3437; x_wconf 91' lang='lat' dir='ltr'>post</span> 
     </span>
     <span class='ocr_line' id='line_1_89' title="bbox 1764 3451 3314 3526; baseline 0.001 -20"><span class='ocrx_word' id='word_1_615' title='bbox 1764 3451 2166 3526; x_wconf 71' lang='lat' dir='ltr'>praefationem,</span> <span class='ocrx_word' id='word_1_616' title='bbox 2196 3454 2254 3506; x_wconf 91' lang='lat' dir='ltr'>in</span> <span class='ocrx_word' id='word_1_617' title='bbox 2295 3470 2403 3524; x_wconf 82' lang='lat' dir='ltr'>qua</span> <span class='ocrx_word' id='word_1_618' title='bbox 2432 3451 2879 3524; x_wconf 86' lang='lat' dir='ltr'>Theophrastum</span> <span class='ocrx_word' id='word_1_619' title='bbox 2915 3451 3198 3524; x_wconf 89' lang='lat' dir='ltr'>quendam</span> <span class='ocrx_word' id='word_1_620' title='bbox 3233 3453 3314 3507; x_wconf 87' lang='lat' dir='ltr'>al-</span> 
     </span>
     <span class='ocr_line' id='line_1_90' title="bbox 1764 3538 3310 3612; baseline -0.001 -19"><span class='ocrx_word' id='word_1_621' title='bbox 1764 3539 2039 3611; x_wconf 89' lang='lat' dir='ltr'>loquitur,</span> <span class='ocrx_word' id='word_1_622' title='bbox 2093 3539 2561 3612; x_wconf 82' lang='lat' dir='ltr'>negligentissime</span> <span class='ocrx_word' id='word_1_623' title='bbox 2625 3550 2874 3593; x_wconf 86' lang='lat' dir='ltr'>recenset</span> <span class='ocrx_word' id='word_1_624' title='bbox 2926 3538 3277 3593; x_wconf 80' lang='lat' dir='ltr'>Ambraciam</span> <span class='ocrx_word' id='word_1_625' title='bbox 3295 3579 3310 3605; x_wconf 90' lang='lat'>,</span> 
     </span>
     <span class='ocr_line' id='line_1_91' title="bbox 1764 3623 3313 3693; baseline -0.001 -12"><span class='ocrx_word' id='word_1_626' title='bbox 1764 3625 2060 3692; x_wconf 85' lang='lat' dir='ltr'>AEtoliam,</span> <span class='ocrx_word' id='word_1_627' title='bbox 2088 3624 2395 3679; x_wconf 88' lang='lat' dir='ltr'>Phocidem</span> <span class='ocrx_word' id='word_1_628' title='bbox 2413 3665 2431 3692; x_wconf 88' lang='lat'>,</span> <span class='ocrx_word' id='word_1_629' title='bbox 2460 3625 2731 3679; x_wconf 86' lang='lat' dir='ltr'>Boeotiam</span> <span class='ocrx_word' id='word_1_630' title='bbox 2749 3666 2765 3693; x_wconf 92' lang='lat'>,</span> <span class='ocrx_word' id='word_1_631' title='bbox 2799 3635 2855 3679; x_wconf 90' lang='lat' dir='ltr'>et</span> <span class='ocrx_word' id='word_1_632' title='bbox 2884 3623 3123 3693; x_wconf 83' lang='lat' dir='ltr'>deinde,</span> <span class='ocrx_word' id='word_1_633' title='bbox 3154 3627 3313 3680; x_wconf 86' lang='lat' dir='ltr'>missa</span> 
     </span>
     <span class='ocr_line' id='line_1_92' title="bbox 1765 3709 3309 3785; baseline -0.001 -18"><span class='ocrx_word' id='word_1_634' title='bbox 1765 3714 1976 3779; x_wconf 86' lang='lat' dir='ltr'>Attica,</span> <span class='ocrx_word' id='word_1_635' title='bbox 2005 3711 2077 3767; x_wconf 88' lang='lat' dir='ltr'>ad</span> <span class='ocrx_word' id='word_1_636' title='bbox 2105 3712 2383 3785; x_wconf 84' lang='lat' dir='ltr'>Megaram</span> <span class='ocrx_word' id='word_1_637' title='bbox 2419 3712 2612 3765; x_wconf 90' lang='lat' dir='ltr'>transit</span> <span class='ocrx_word' id='word_1_638' title='bbox 2643 3709 2893 3783; x_wconf 84' lang='lat' dir='ltr'>finesque</span> <span class='ocrx_word' id='word_1_639' title='bbox 2920 3711 3309 3782; x_wconf 85' lang='lat' dir='ltr'>Peloponnesi.</span> 
     </span>
     <span class='ocr_line' id='line_1_93' title="bbox 1766 3788 3314 3874; baseline 0 -20"><span class='ocrx_word' id='word_1_640' title='bbox 1766 3788 2056 3867; x_wconf 76' lang='grc' dir='ltr'>Ἐντεῦθεν,</span> <span class='ocrx_word' id='word_1_641' title='bbox 2074 3799 2167 3868; x_wconf 85' lang='lat' dir='ltr'>ait,</span> <span class='ocrx_word' id='word_1_642' title='bbox 2194 3795 2332 3874; x_wconf 78' lang='grc' dir='ltr'>ἀρχὴ</span> <span class='ocrx_word' id='word_1_643' title='bbox 2357 3800 2449 3865; x_wconf 74' lang='grc' dir='ltr'>τῆς</span> <span class='ocrx_word' id='word_1_644' title='bbox 2470 3795 2897 3863; x_wconf 64' lang='grc' dir='ltr'>Πελοποννήσου·</span> <span class='ocrx_word' id='word_1_645' title='bbox 2919 3795 3078 3869; x_wconf 77' lang='grc' dir='ltr'>λιμὴν</span> <span class='ocrx_word' id='word_1_646' title='bbox 3101 3796 3314 3861; x_wconf 75' lang='grc' dir='ltr'>Χωστὸς</span> 
     </span>
     <span class='ocr_line' id='line_1_94' title="bbox 1763 3882 3312 3960; baseline -0.001 -19"><span class='ocrx_word' id='word_1_647' title='bbox 1763 3884 2031 3941; x_wconf 75' lang='grc' dir='ltr'>ὑποκεῖται</span> <span class='ocrx_word' id='word_1_648' title='bbox 2049 3883 2138 3940; x_wconf 78' lang='grc' dir='ltr'>καὶ</span> <span class='ocrx_word' id='word_1_649' title='bbox 2158 3882 2372 3960; x_wconf 79' lang='grc' dir='ltr'>Δέχειον</span> <span class='ocrx_word' id='word_1_650' title='bbox 2392 3883 2643 3958; x_wconf 82' lang='grc' dir='ltr'>λεγομένη</span> <span class='ocrx_word' id='word_1_651' title='bbox 2666 3882 2843 3947; x_wconf 80' lang='grc' dir='ltr'>Πόλις.</span> <span class='ocrx_word' id='word_1_652' title='bbox 2877 3885 3138 3958; x_wconf 70' lang='lat' dir='ltr'>Abrupta</span> <span class='ocrx_word' id='word_1_653' title='bbox 3161 3886 3312 3940; x_wconf 87' lang='lat' dir='ltr'>sicin</span> 
     </span>
     <span class='ocr_line' id='line_1_95' title="bbox 1763 3962 3311 4028; baseline -0.001 -2"><span class='ocrx_word' id='word_1_654' title='bbox 1763 3970 1955 4026; x_wconf 82' lang='lat' dir='ltr'>medio</span> <span class='ocrx_word' id='word_1_655' title='bbox 1995 3989 2156 4027; x_wconf 77' lang='lat' dir='ltr'>versu</span> <span class='ocrx_word' id='word_1_656' title='bbox 2203 3973 2434 4028; x_wconf 78' lang='lat' dir='ltr'>camini</span> <span class='ocrx_word' id='word_1_657' title='bbox 2477 3972 2851 4027; x_wconf 88' lang='lat' dir='ltr'>subtexuntur</span> <span class='ocrx_word' id='word_1_658' title='bbox 2877 3972 3011 4025; x_wconf 90' lang='lat' dir='ltr'>item</span> <span class='ocrx_word' id='word_1_659' title='bbox 3047 3972 3168 4025; x_wconf 89' lang='lat' dir='ltr'>sine</span> <span class='ocrx_word' id='word_1_660' title='bbox 3192 3962 3311 4025; x_wconf 84' lang='lat' dir='ltr'>ullo</span> 
     </span>
     <span class='ocr_line' id='line_1_96' title="bbox 1765 4056 3310 4132; baseline 0.001 -22"><span class='ocrx_word' id='word_1_661' title='bbox 1765 4057 1928 4112; x_wconf 84' lang='lat' dir='ltr'>titulo</span> <span class='ocrx_word' id='word_1_662' title='bbox 1959 4056 2270 4132; x_wconf 84' lang='lat' dir='ltr'>fragmenta</span> <span class='ocrx_word' id='word_1_663' title='bbox 2291 4058 2407 4113; x_wconf 90' lang='lat' dir='ltr'>duo</span> <span class='ocrx_word' id='word_1_664' title='bbox 2434 4060 2685 4131; x_wconf 83' lang='lat' dir='ltr'>prosaica</span> <span class='ocrx_word' id='word_1_665' title='bbox 2703 4099 2718 4126; x_wconf 96' lang='lat'>,</span> <span class='ocrx_word' id='word_1_666' title='bbox 2746 4058 2982 4117; x_wconf 86' lang='lat' dir='ltr'>alterum</span> <span class='ocrx_word' id='word_1_667' title='bbox 3025 4056 3096 4111; x_wconf 90' lang='lat' dir='ltr'>de</span> <span class='ocrx_word' id='word_1_668' title='bbox 3129 4059 3310 4111; x_wconf 85' lang='lat' dir='ltr'>Attica</span> 
     </span>
     <span class='ocr_line' id='line_1_97' title="bbox 1766 4143 3310 4216; baseline -0.001 -19"><span class='ocrx_word' id='word_1_669' title='bbox 1766 4153 1822 4197; x_wconf 91' lang='lat' dir='ltr'>et</span> <span class='ocrx_word' id='word_1_670' title='bbox 1848 4145 2094 4214; x_wconf 82' lang='lat' dir='ltr'>Boeotia,</span> <span class='ocrx_word' id='word_1_671' title='bbox 2141 4145 2378 4201; x_wconf 86' lang='lat' dir='ltr'>alterum</span> <span class='ocrx_word' id='word_1_672' title='bbox 2417 4146 2487 4201; x_wconf 89' lang='lat' dir='ltr'>de</span> <span class='ocrx_word' id='word_1_673' title='bbox 2515 4144 2721 4200; x_wconf 83' lang='lat' dir='ltr'>finibus</span> <span class='ocrx_word' id='word_1_674' title='bbox 2759 4144 3012 4209; x_wconf 79' lang='lat' dir='ltr'>Graeciae;</span> <span class='ocrx_word' id='word_1_675' title='bbox 3064 4143 3159 4197; x_wconf 86' lang='lat' dir='ltr'>illa</span> <span class='ocrx_word' id='word_1_676' title='bbox 3194 4144 3310 4216; x_wconf 80' lang='lat' dir='ltr'>ipsa</span> 
     </span>
     <span class='ocr_line' id='line_1_98' title="bbox 1763 4231 3314 4306; baseline 0.001 -21"><span class='ocrx_word' id='word_1_677' title='bbox 1763 4239 1906 4299; x_wconf 85' lang='lat' dir='ltr'>sunt,</span> <span class='ocrx_word' id='word_1_678' title='bbox 1933 4249 2178 4303; x_wconf 87' lang='lat' dir='ltr'>quorum</span> <span class='ocrx_word' id='word_1_679' title='bbox 2210 4250 2376 4306; x_wconf 86' lang='lat' dir='ltr'>supra</span> <span class='ocrx_word' id='word_1_680' title='bbox 2401 4233 2742 4287; x_wconf 88' lang='lat' dir='ltr'>mentionem</span> <span class='ocrx_word' id='word_1_681' title='bbox 2771 4231 3018 4284; x_wconf 88' lang='lat' dir='ltr'>fecimus.</span> <span class='ocrx_word' id='word_1_682' title='bbox 3040 4231 3170 4284; x_wconf 90' lang='lat' dir='ltr'>Post</span> <span class='ocrx_word' id='word_1_683' title='bbox 3196 4231 3314 4287; x_wconf 74' lang='lat' dir='ltr'>haec</span> 
     </span>
     <span class='ocr_line' id='line_1_99' title="bbox 1767 4316 3312 4392; baseline 0.001 -21"><span class='ocrx_word' id='word_1_684' title='bbox 1767 4316 1955 4371; x_wconf 89' lang='lat' dir='ltr'>denuo</span> <span class='ocrx_word' id='word_1_685' title='bbox 1990 4319 2188 4391; x_wconf 90' lang='lat' dir='ltr'>incipit</span> <span class='ocrx_word' id='word_1_686' title='bbox 2230 4317 2584 4392; x_wconf 84' lang='lat' dir='ltr'>geographus</span> <span class='ocrx_word' id='word_1_687' title='bbox 2621 4317 2916 4382; x_wconf 87' lang='lat' dir='ltr'>metricus,</span> <span class='ocrx_word' id='word_1_688' title='bbox 2950 4317 3312 4388; x_wconf 82' lang='lat' dir='ltr'>sequiturque</span> 
     </span>
     <span class='ocr_line' id='line_1_100' title="bbox 1765 4402 3314 4478; baseline 0.002 -22"><span class='ocrx_word' id='word_1_689' title='bbox 1765 4404 1897 4457; x_wconf 89' lang='lat' dir='ltr'>item</span> <span class='ocrx_word' id='word_1_690' title='bbox 1934 4403 2144 4476; x_wconf 85' lang='lat' dir='ltr'>absque</span> <span class='ocrx_word' id='word_1_691' title='bbox 2184 4405 2348 4459; x_wconf 89' lang='lat' dir='ltr'>titulo</span> <span class='ocrx_word' id='word_1_692' title='bbox 2376 4404 2777 4478; x_wconf 83' lang='lat' dir='ltr'>fragmentum,</span> <span class='ocrx_word' id='word_1_693' title='bbox 2804 4420 2920 4475; x_wconf 90' lang='lat' dir='ltr'>quo</span> <span class='ocrx_word' id='word_1_694' title='bbox 2949 4402 3121 4457; x_wconf 81' lang='lat' dir='ltr'>Cretae</span> <span class='ocrx_word' id='word_1_695' title='bbox 3144 4403 3314 4459; x_wconf 87' lang='lat' dir='ltr'>urbes</span> 
     </span>
     <span class='ocr_line' id='line_1_101' title="bbox 1762 4490 3310 4567; baseline 0.001 -24"><span class='ocrx_word' id='word_1_696' title='bbox 1762 4501 1933 4567; x_wconf 68' lang='lat' dir='ltr'>atque</span> <span class='ocrx_word' id='word_1_697' title='bbox 1966 4492 2195 4546; x_wconf 90' lang='lat' dir='ltr'>nomina</span> <span class='ocrx_word' id='word_1_698' title='bbox 2236 4491 2540 4546; x_wconf 81' lang='lat' dir='ltr'>insularum</span> <span class='ocrx_word' id='word_1_699' title='bbox 2571 4491 2740 4545; x_wconf 88' lang='lat' dir='ltr'>maris</span> <span class='ocrx_word' id='word_1_700' title='bbox 2765 4490 2939 4562; x_wconf 81' lang='lat' dir='ltr'>AEgaei</span> <span class='ocrx_word' id='word_1_701' title='bbox 2986 4507 3310 4545; x_wconf 87' lang='lat' dir='ltr'>enumeran-</span> 
     </span>
     <span class='ocr_line' id='line_1_102' title="bbox 1767 4573 3310 4650; baseline 0 -20"><span class='ocrx_word' id='word_1_702' title='bbox 1767 4586 1877 4630; x_wconf 88' lang='lat' dir='ltr'>tur.</span> <span class='ocrx_word' id='word_1_703' title='bbox 1903 4576 1992 4631; x_wconf 77' lang='lat' dir='ltr'>Ad</span> <span class='ocrx_word' id='word_1_704' title='bbox 2017 4573 2188 4633; x_wconf 79' lang='lat' dir='ltr'>finem</span> <span class='ocrx_word' id='word_1_705' title='bbox 2228 4577 2473 4650; x_wconf 89' lang='lat' dir='ltr'>denique</span> <span class='ocrx_word' id='word_1_706' title='bbox 2492 4576 2659 4648; x_wconf 84' lang='lat' dir='ltr'>hujus</span> <span class='ocrx_word' id='word_1_707' title='bbox 2683 4576 2976 4650; x_wconf 77' lang='lat' dir='ltr'>fragmenti</span> <span class='ocrx_word' id='word_1_708' title='bbox 3013 4576 3310 4631; x_wconf 86' lang='lat' dir='ltr'>subscribi-</span> 
     </span>
     <span class='ocr_line' id='line_1_103' title="bbox 1768 4648 3310 4740; baseline 0.001 -22"><span class='ocrx_word' id='word_1_709' title='bbox 1768 4674 1894 4718; x_wconf 87' lang='lat' dir='ltr'>tur:</span> <span class='ocrx_word' id='word_1_710' title='bbox 1939 4661 2261 4739; x_wconf 77' lang='grc' dir='ltr'>Δικαιάρχου</span> <span class='ocrx_word' id='word_1_711' title='bbox 2286 4659 2558 4740; x_wconf 71' lang='grc' dir='ltr'>ἀναγραφὴ</span> <span class='ocrx_word' id='word_1_712' title='bbox 2597 4666 2690 4730; x_wconf 67' lang='grc' dir='ltr'>τῆς</span> <span class='ocrx_word' id='word_1_713' title='bbox 2724 4648 2998 4720; x_wconf 67' lang='grc' dir='ltr'>Ἑλλάδος.</span> <span class='ocrx_word' id='word_1_714' title='bbox 3045 4664 3310 4735; x_wconf 87' lang='lat' dir='ltr'>Sequitur</span> 
     </span>
     <span class='ocr_line' id='line_1_104' title="bbox 1766 4749 3311 4825; baseline 0 -20"><span class='ocrx_word' id='word_1_715' title='bbox 1766 4750 2037 4823; x_wconf 78' lang='lat' dir='ltr'>Scymnus</span> <span class='ocrx_word' id='word_1_716' title='bbox 2064 4750 2261 4819; x_wconf 84' lang='lat' dir='ltr'>Chius,</span> <span class='ocrx_word' id='word_1_717' title='bbox 2290 4751 2449 4806; x_wconf 90' lang='lat' dir='ltr'>nullo</span> <span class='ocrx_word' id='word_1_718' title='bbox 2464 4749 2697 4825; x_wconf 67' lang='lat' dir='ltr'>praefixo</span> <span class='ocrx_word' id='word_1_719' title='bbox 2713 4751 2893 4819; x_wconf 90' lang='lat' dir='ltr'>titu10‚</span> <span class='ocrx_word' id='word_1_720' title='bbox 2916 4750 3011 4821; x_wconf 83' lang='lat' dir='ltr'>qui</span> <span class='ocrx_word' id='word_1_721' title='bbox 3035 4749 3187 4805; x_wconf 88' lang='lat' dir='ltr'>haud</span> <span class='ocrx_word' id='word_1_722' title='bbox 3211 4750 3311 4805; x_wconf 86' lang='lat' dir='ltr'>du-</span> 
     </span>
     <span class='ocr_line' id='line_1_105' title="bbox 1764 4834 2908 4912; baseline 0 -22"><span class='ocrx_word' id='word_1_723' title='bbox 1764 4835 1858 4891; x_wconf 87' lang='lat' dir='ltr'>bie</span> <span class='ocrx_word' id='word_1_724' title='bbox 1881 4834 1980 4891; x_wconf 82' lang='lat' dir='ltr'>fini</span> <span class='ocrx_word' id='word_1_725' title='bbox 2003 4838 2255 4911; x_wconf 84' lang='lat' dir='ltr'>appictus</span> <span class='ocrx_word' id='word_1_726' title='bbox 2280 4849 2400 4893; x_wconf 89' lang='lat' dir='ltr'>erat</span> <span class='ocrx_word' id='word_1_727' title='bbox 2420 4856 2571 4893; x_wconf 86' lang='lat' dir='ltr'>nunc</span> <span class='ocrx_word' id='word_1_728' title='bbox 2590 4837 2908 4912; x_wconf 84' lang='lat' dir='ltr'>deperdito.</span> 
     </span>
    </p>

    <p class='ocr_par' dir='ltr' id='par_1_7' title="bbox 1766 4923 3319 5170">
     <span class='ocr_line' id='line_1_106' title="bbox 1843 4923 3312 4997; baseline -0.001 -18"><span class='ocrx_word' id='word_1_729' title='bbox 1843 4924 1932 4979; x_wconf 90' lang='lat' dir='ltr'>Sic</span> <span class='ocrx_word' id='word_1_730' title='bbox 1957 4925 2125 4997; x_wconf 85' lang='lat' dir='ltr'>igitur</span> <span class='ocrx_word' id='word_1_731' title='bbox 2153 4925 2428 4980; x_wconf 88' lang='lat' dir='ltr'>Parisinus</span> <span class='ocrx_word' id='word_1_732' title='bbox 2453 4926 2671 4982; x_wconf 83' lang='lat' dir='ltr'>Noster.</span> <span class='ocrx_word' id='word_1_733' title='bbox 2706 4925 2775 4978; x_wconf 89' lang='lat' dir='ltr'>In</span> <span class='ocrx_word' id='word_1_734' title='bbox 2803 4923 3130 4997; x_wconf 83' lang='lat' dir='ltr'>apographo</span> <span class='ocrx_word' id='word_1_735' title='bbox 3161 4925 3312 4978; x_wconf 81' lang='lat' dir='ltr'>Her-</span> 
     </span>
     <span class='ocr_line' id='line_1_107' title="bbox 1767 5009 3313 5084; baseline 0.001 -22"><span class='ocrx_word' id='word_1_736' title='bbox 1767 5011 2019 5065; x_wconf 79' lang='lat' dir='ltr'>vartiano</span> <span class='ocrx_word' id='word_1_737' title='bbox 2037 5020 2095 5066; x_wconf 88' lang='lat' dir='ltr'>et</span> <span class='ocrx_word' id='word_1_738' title='bbox 2121 5009 2273 5084; x_wconf 88' lang='lat' dir='ltr'>apud</span> <span class='ocrx_word' id='word_1_739' title='bbox 2286 5011 2625 5083; x_wconf 83' lang='lat' dir='ltr'>Stephanum</span> <span class='ocrx_word' id='word_1_740' title='bbox 2642 5021 2698 5064; x_wconf 90' lang='lat' dir='ltr'>et</span> <span class='ocrx_word' id='word_1_741' title='bbox 2728 5009 3101 5067; x_wconf 75' lang='lat' dir='ltr'>Hoeschelium</span> <span class='ocrx_word' id='word_1_742' title='bbox 3123 5009 3313 5064; x_wconf 89' lang='lat' dir='ltr'>titulus</span> 
     </span>
     <span class='ocr_line' id='line_1_108' title="bbox 1766 5093 3319 5170; baseline 0 -18"><span class='ocrx_word' id='word_1_743' title='bbox 1766 5112 1797 5152; x_wconf 81' lang='lat' dir='ltr'>a</span> <span class='ocrx_word' id='word_1_744' title='bbox 1816 5095 1929 5153; x_wconf 79' lang='lat' dir='ltr'>fine</span> <span class='ocrx_word' id='word_1_745' title='bbox 1947 5095 2021 5153; x_wconf 90' lang='lat' dir='ltr'>ad</span> <span class='ocrx_word' id='word_1_746' title='bbox 2035 5098 2254 5152; x_wconf 87' lang='lat' dir='ltr'>initium</span> <span class='ocrx_word' id='word_1_747' title='bbox 2270 5098 2530 5154; x_wconf 79' lang='lat' dir='ltr'>caminis</span> <span class='ocrx_word' id='word_1_748' title='bbox 2548 5106 2840 5153; x_wconf 76' lang='lat' dir='ltr'>revocatus</span> <span class='ocrx_word' id='word_1_749' title='bbox 2853 5107 2933 5151; x_wconf 89' lang='lat' dir='ltr'>est</span> <span class='ocrx_word' id='word_1_750' title='bbox 2958 5115 2968 5148; x_wconf 73' lang='grc' dir='ltr'>ι</span> <span class='ocrx_word' id='word_1_751' title='bbox 2990 5093 3319 5170; x_wconf 69' lang='grc' dir='ltr'>Δικαιάρχου</span> 
     </span>
    </p>
   </div>
   <div class='ocr_carea' id='block_1_5' title="bbox 171 5163 3316 5262">
    <p class='ocr_par' dir='ltr' id='par_1_8' title="bbox 171 5163 3316 5262">
     <span class='ocr_line' id='line_1_109' title="bbox 171 5163 3316 5262; baseline 0.004 -37"><span class='ocrx_word' id='word_1_752' title='bbox 171 5163 652 5244; x_wconf 74' lang='lat' dir='ltr'>Chalcis,Euboica.;</span> <span class='ocrx_word' id='word_1_753' title='bbox 684 5179 869 5235; x_wconf 81' lang='lat' dir='ltr'>altero.</span> <span class='ocrx_word' id='word_1_754' title='bbox 887 5192 1083 5243; x_wconf 73' lang='lat' dir='ltr'>:tinctor</span> <span class='ocrx_word' id='word_1_755' title='bbox 1115 5182 1300 5235; x_wconf 85' lang='lat' dir='ltr'>multis</span> <span class='ocrx_word' id='word_1_756' title='bbox 1345 5201 1400 5237; x_wconf 85' lang='lat' dir='ltr'>se</span> <span class='ocrx_word' id='word_1_757' title='bbox 1430 5181 1679 5237; x_wconf 77' lang='lat' dir='ltr'>defendit</span> <span class='ocrx_word' id='word_1_758' title='bbox 1769 5181 2062 5262; x_wconf 69' lang='grc' dir='ltr'>Ἀναγραφὴ</span> <span class='ocrx_word' id='word_1_759' title='bbox 2084 5186 2173 5251; x_wconf 76' lang='grc' dir='ltr'>τῆς</span> <span class='ocrx_word' id='word_1_760' title='bbox 2203 5180 2457 5248; x_wconf 74' lang='grc' dir='ltr'>Ἑλλάδος</span> <span class='ocrx_word' id='word_1_761' title='bbox 2484 5181 2605 5260; x_wconf 80' lang='grc' dir='ltr'>πρὸς</span> <span class='ocrx_word' id='word_1_762' title='bbox 2625 5181 2981 5261; x_wconf 71' lang='grc' dir='ltr'>Θεόφραστον.</span> <span class='ocrx_word' id='word_1_763' title='bbox 3010 5182 3316 5239; x_wconf 80' lang='lat' dir='ltr'>Hndsouus</span> 
     </span>
    </p>
   </div>
  </div>
 </body>
</html>
