3900 6042
1162 468 2133 605 DEMETRIUS
2216 466 3241 605 PHALEREUS.

690 1012 776 1066 De
811 1009 926 1063 vita
966 1026 1031 1062 ac
1070 1008 1287 1080 scriptis
1312 1005 1581 1062 Demetrii
1606 1004 1857 1060 Phalerei
1885 1003 2164 1059 disserue-

613 1108 747 1153 runt
756 1107 961 1169 praeter
971 1095 1221 1150 vossium
1244 1095 1559 1164 Bonamyus
1576 1093 1635 1145 in
1653 1091 1831 1145 Μόνη.
1844 1091 1917 1144 de
1938 1091 2163 1145 I'Acad.

611 1186 671 1238 d.
692 1190 858 1239 itu-cr.
882 1193 1018 1237 tom.
1041 1179 1201 1252 VIII,
1225 1198 1280 1252 p.
1315 1177 1420 1248 157
1446 1196 1595 1250 sqq.;
1618 1179 1687 1233 H.
1714 1177 1927 1233 Dohrn.
1944 1177 2032 1231 Dc
2055 1182 2166 1231 vila

612 1284 671 1326 et
695 1271 853 1325 rebus
885 1271 1148 1324 Demetrii
1167 1267 1359 1332 Phal„
1388 1265 1551 1320 Kiliae
1574 1262 1833 1332 1825311.
1861 1265 1957 1318 W.
1984 1264 2170 1319 Grau-

614 1368 718 1415 ert.
752 1359 951 1411 His-tor.
990 1375 1046 1408 u.
1068 1353 1276 1428 philol.
1315 1353 1490 1408 Anal.
1527 1362 1665 1405 tom.
1691 1353 1751 1419 1,
1783 1368 1843 1422 p.
1880 1348 2018 1423 215,
2056 1348 2169 1406 310

614 1462 740 1516 sqq.
762 1443 847 1499 Cf.
869 1443 1114 1498 Clinton.
1135 1442 1199 1497 F.
1227 1438 1293 1495 Η.
1314 1440 1418 1506 111,
1435 1456 1496 1510 p.
1523 1437 1635 1507 478
1650 1455 1734 1509 sq.
1754 1439 1874 1491 Hos
1892 1445 1955 1490 tu
1973 1435 2165 1504 adeas3

616 1548 737 1585 non
767 1541 847 1584 est
872 1530 1021 1583 enim
1049 1545 1150 1581 cur
1182 1526 1292 1580 hoc
1325 1526 1454 1579 loco
1474 1524 1734 1596 pluribus
1756 1522 1828 1577 de
1852 1523 1955 1576 illo
1983 1522 2171 1576 Tbeo-

617 1617 825 1688 phrasti
846 1614 1123 1687 discipulo
1151 1629 1373 1686 agamus
1389 1651 1408 1683 ,
1422 1628 1598 1683 quum
1614 1609 1877 1663 historica
1898 1608 2172 1664 Demetrii

618 1704 926 1777 fragmenta
979 1701 1308 1773 paucissima
1353 1699 1628 1771 supersint
1645 1738 1662 1764 ,
1719 1697 1938 1768 reliqua
1985 1704 2171 1749 autem

618 1808 788 1863 opera
803 1829 821 1858 ‚
864 1805 1111 1862 quorum
1155 1786 1559 1859 quinquaginta
1599 1785 1715 1838 fere
1752 1800 1991 1837 numero
2027 1783 2171 1837 Dio-

619 1895 787 1951 genes
808 1885 1086 1954 recenset„
1103 1873 1219 1944 jam
1243 1872 1385 1926 nihil
1409 1870 1483 1925 ad
1510 1888 1613 1925 nos
1627 1871 1969 1942 pertineant.

697 1964 1052 2037 DiogenesL.
1065 1964 1134 2028 V,
1152 1959 1247 2027 80,
1269 1959 1340 2013 de
1356 1959 1575 2030 scriptis
1589 1958 1862 2012 Demetrii
1879 1957 2132 2011 Phalerei
2153 1975 2166 2008 τ

621 2045 820 2115 Πλήθει
848 2044 901 2102 δὲ
930 2043 1143 2122 βιὸλίων
1171 2040 1260 2100 καὶ
1280 2044 1484 2119 ἀριθμὶζ»
1507 2042 1700 2119 στίχων
1726 2039 1910 2118 σχεδὸν
1934 2039 2169 2106 ἅπαντας

621 2130 957 2209 παρελήλακε
983 2129 1099 2195 τοὺς
1140 2129 1259 2186 κατ’
1283 2126 1438 2185 αὐτὸν
1467 2124 1955 2205 Περιπατητικοὺς,
1985 2124 2172 2182 εὐπαί-

620 2219 792 2283 δευτος
810 2216 883 2275 ὢν
902 2215 994 2274 καὶ
1015 2214 1325 2292 πολύπειρος
1341 2213 1466 2292 παρ’
1488 2216 1733 2272 ὁντινοῦν.
1750 2201 1859 2272 Ὧν
1875 2209 1985 2269 ἔστι
1999 2210 2065 2269 τὰ
2079 2209 2174 2286 μὲν

620 2299 950 2380 ἱστορικὰ,
979 2299 1046 2359 τὰ
1073 2300 1128 2359 δὲ
1155 2299 1398 2359 πολιτικὰ
1416 2344 1435 2377 ,
1475 2298 1543 2358 τὰ
1579 2298 1634 2357 δὲ
1675 2297 1796 2378 περὶ
1821 2302 2075 2375 ποιητῶν,
2106 2296 2175 2355 τὰ

621 2389 678 2448 δὲ
706 2387 955 2470 ῥητορικὰ
969 2433 988 2465 ,
1009 2391 1339 2467 δημηγοριῶν
1370 2411 1424 2446 τε
1448 2387 1539 2446 καὶ
1555 2385 1844 2467 πρεσὸειῶν
1862 2429 1878 2458 ,
1910 2385 2046 2444 ἀλλὰ
2069 2384 2174 2459 μὴν

621 2477 712 2534 καὶ
742 2476 909 2554 λόγων
939 2475 1249 2538 Αἰσωπείων
1280 2474 1580 2551 συναγωγαὶ
1597 2472 1688 2531 καὶ
1707 2472 1844 2531 ἄλλα
1864 2471 2049 2531 πλείω.
2071 2474 2177 2529 Se-

619 2569 818 2639 quitur
844 2566 1050 2623 deinde
1074 2566 1413 2639 scriptorum
1455 2564 1834 2634 enumeratio,
1869 2579 1941 2619 ex
1971 2561 2177 2635 quibus

623 2653 697 2709 ad
720 2650 953 2728 ἱστορικὰ
973 2654 1218 2727 pertinet
1246 2668 1261 2709 τ

700 2738 870 2818 Περὶ
907 2742 1023 2809 τῆς
1066 2736 1460 2802 δεκαετείας
1495 2736 1662 2814 βιὸλ.
1701 2733 1773 2810 α’,
1804 2739 1918 2792 sive
1957 2739 2043 2793 De
2070 2735 2176 2792 de-

620 2828 823 2882 cennio
846 2828 946 2881 illo
959 2866 975 2895 ,
999 2844 1105 2900 per
1127 2826 1287 2898 quod
1307 2842 1480 2899 penes
1499 2825 1849 2881 Demetrium
1870 2833 1991 2879 erat
2007 2823 2176 2879 Athe·

620 2931 824 2968 narum
869 2912 1299 2968 administratio.
1333 2911 1503 2982 Cujus
1542 2911 1672 2966 libri
1705 2911 1962 2965 meminit
2009 2912 2174 2966 etiam

621 3001 825 3056 Strabo
868 3001 976 3067 lx,
1017 3018 1072 3073 p.
1118 2998 1231 3071 398
1260 3018 1274 3052 t
1306 2994 1479 3054 Ἔνιοι
1518 2993 1575 3052 δέ
1610 3016 1764 3074 φασι,
1799 2993 1889 3052 καὶ
1934 2994 2178 3073 βέλτιστα

621 3083 739 3141 τότε
779 3080 964 3149 αὐτοὺς
1000 3082 1403 3140 πολιτεύσασθαι
1442 3082 1659 3152 δεκαετῆ
1708 3080 1915 3160 χρόνον,
1952 3079 2009 3139 ὃν
2043 3074 2178 3161 ἦρχε

624 3168 941 3230 Μακεδόνων
968 3167 1324 3248 Κάσσανδρος.
1362 3159 1530 3234 Οὗτος
1553 3168 1657 3248 γὰρ
1685 3170 1714 3225 ὁ
1747 3167 1879 3246 ἀνὴρ
1914 3166 2043 3246 πρὸς
2082 3168 2177 3244 μὲν

622 3258 691 3315 τὰ
728 3257 865 3315 ἄλλα
907 3258 1046 3316 δοκεῖ
1085 3254 1517 3336 τυραννικώτερος
1553 3253 1814 3332 γενέσθαι,
1855 3253 1984 3331 πρὸς
2029 3254 2177 3326 Ἀθη·

624 3343 795 3411 ναίους
820 3343 876 3402 δὲ
897 3342 1265 3422 ηὔγνωμόνησε
1290 3341 1468 3400 λαὸὼν
1491 3341 1716 3412 ὑπήκοον
1741 3340 1836 3411 τὴν
1864 3339 2035 3399 πόλιν·
2058 3341 2175 3401 ἐπέ-

624 3452 785 3502 στησε
810 3429 912 3511 γὰρ
932 3434 1035 3488 τῶν
1060 3432 1286 3489 πολιτῶν
1315 3428 1614 3510 Δημήτριον
1642 3427 1730 3487 τὸν
1762 3427 2023 3508 Φαληρέα
2039 3473 2055 3501 ,
2092 3428 2178 3487 τὸν

624 3516 965 3598 Θεοφράστου
1002 3522 1096 3576 τοῦ
1137 3516 1412 3598 φιλοσόφου
1444 3516 1719 3596 γνώριμον,
1756 3514 1809 3583 ὃς
1835 3517 1894 3575 οὗ
1926 3515 2083 3593 μόνον
2119 3519 2176 3575 οὗ

625 3606 878 3665 κατέλυσε
921 3604 1017 3677 τὴν
1068 3604 1441 3687 δημοκρατίαν,
1490 3602 1626 3663 ἀλλὰ
1670 3604 1760 3663 καὶ
1810 3602 2172 3684 ἐπηνώρθωσε.

628 3693 795 3764 Δηλοῑ
820 3692 876 3751 δὲ
897 3690 965 3750 τὰ
988 3690 1366 3769 ὑπομνήματα,
1386 3691 1420 3750 ἃ
1443 3688 1730 3771 συνέγραψε
1762 3689 1882 3770 περὶ
1907 3695 2001 3762 τῆς
2029 3694 2177 3750 πολι-

629 3780 768 3846 τείας
794 3778 988 3852 ταύτης
1007 3780 1214 3846 ἐκεῖνος.

703 3871 960 3926 Alterum
986 3887 1153 3943 opus,
1177 3869 1334 3942 quod
1360 3871 1422 3924 in
1446 3869 1712 3947 Catalogg
1738 3870 2046 3943 Diogenes,
2072 3869 2180 3923 sic-

625 3959 709 4012 uti
735 3959 841 4014 alia
860 3959 1169 4031 complura,
1187 3958 1372 4012 omisit
1384 3998 1400 4026 ‚
1417 3973 1753 4030 quamquam
1775 3956 1893 4028 ipse
1910 3955 1973 4010 id
1989 3955 2181 4010 laudat

626 4046 724 4101 lib.
746 4048 805 4114 1,
842 4063 914 4099 22
948 4055 1005 4101 et
1037 4046 1124 4113 11,
1165 4062 1196 4114 7
1217 4086 1233 4113 ,
1276 4047 1548 4100 Recensus
1573 4041 1895 4097 archontum
1918 4052 2042 4096 erat
2067 4042 2180 4096 sive

627 4129 913 4209 Ἀρχόντων
931 4128 1228 4209 ἄναγραφήι
1250 4133 1374 4187 Alia
1396 4149 1519 4204 quas
1535 4130 1864 4185 historicum
1878 4146 2178 4203 argumen-

627 4232 747 4274 tum
763 4237 880 4293 prae
904 4236 963 4274 se
984 4219 1190 4290 serunt,
1208 4220 1489 4293 Diogenes
1507 4216 1698 4273 laudat
1721 4214 1882 4272 haec‘:
1917 4211 2051 4291 Περὶ
2073 4215 2175 4271 τῶν

628 4302 839 4376 Ἰώνων,
869 4301 1147 4374 Ἀθηναίων
1187 4302 1516 4383 καταδρομή.
1546 4306 1801 4376 Quorum
1826 4313 2012 4358 tamen
2037 4302 2177 4356 nihil

624 4402 893 4465 superest.
927 4390 1147 4447 Deinde
1174 4409 1309 4447 vero
1347 4392 1625 4447 historicis
1648 4391 1866 4463 scriptis
1898 4389 2176 4444 accenseri

2255 1002 2388 1081 Περὶ
2413 1005 2518 1061 τῶν
2546 1002 2786 1074 Ἀθήνησι
2810 1005 3035 1063 πολιτῶν
3063 1004 3210 1081 βιὸλ.
3239 1005 3311 1084 β’.
3336 1009 3469 1079 Qua
3490 1009 3618 1080 quasi
3643 1027 3726 1064 me·

2254 1090 2412 1147 dium
2440 1094 2630 1148 locum
2653 1093 2958 1149 obtinuisse
2978 1094 3247 1150 videntur
3279 1096 3426 1149 inter
3453 1113 3603 1167 opera
3622 1114 3728 1148 mere

2254 1178 2519 1235 historica
2546 1191 2712 1254 atque
2738 1181 3045 1236 theoretica
3082 1183 3207 1249 illa,
3239 1200 3366 1255 quae
3403 1181 3474 1236 ad
3513 1182 3727 1255 politicam

2253 1266 2557 1338 pertinent,
2570 1263 2700 1343 Περὶ
2714 1263 2886 1340 νόμων
2900 1264 2970 1336 α’,
2983 1264 3113 1344 Περὶ
3126 1266 3402 1349 πολιτικῆς
3417 1265 3606 1344 β’,Πιρὶ
3615 1267 3730 1338 δῆμε·

2255 1348 2467 1425 γωγίας,
2490 1382 2567 1395 -
2588 1355 2688 1408 nis
2731 1352 2877 1409 adde
2925 1354 3120 1408 titulos
3149 1370 3167 1411 ε
3202 1350 3484 1429 Προοίμιον
3519 1352 3728 1429 ἱστορικόν,

2260 1434 2443 1494 Κλέων
2458 1437 2529 1508 α’,
2547 1436 2595 1496 Ἀ
2605 1435 2873 1516 ρταξίρξης
2895 1437 2972 1514 α’;
2987 1436 3258 1504 Διονύσιος
3274 1437 3344 1510 α’,
3361 1441 3551 1513 quibus
3567 1441 3729 1495 fortae

2257 1527 2391 1580 item
2421 1527 2696 1581 ‘historica
2720 1525 2930 1600 scripta
2961 1525 3372 1601 significantur.
3389 1559 3464 1569 —
3478 1529 3729 1601 Fragmenta

2258 1628 2394 1666 vero
2423 1630 2661 1685 operum
2683 1612 2858 1668 modo
2882 1601 3291 1669 recensitorum
3311 1633 3428 1670 non
3447 1615 3538 1669 nisi
3553 1613 3728 1669 duorum

2259 1697 2607 1770 deprehendi
2622 1741 2637 1767 ‚
2680 1715 2882 1772 nempe
2916 1696 3211 1775 Ἀρχόντων
3240 1701 3556 1776 ἀναγραφῆς,
3587 1710 3631 1754 et
3647 1698 3728 1755 Τῶν

2260 1781 2378 1860 περὶ
2396 1786 2488 1850 cz<
2515 1781 2755 1853 Ἀθήνησι
2776 1782 3091 1859 νομοθεσίας.

2590 1939 3001 1999 AponmN
3043 1916 3483 2002 Ammon.

3011 2114 3062 2154 1.

2339 2237 2620 2310 Diogenes
2651 2239 2834 2291 Laert.
2861 2236 2910 2304 1,
2938 2253 3032 2305 αα,
3061 2234 3133 2290 de
3176 2236 3406 2292 Thalete
3433 2229 3570 2292 :Kal
3589 2232 3730 2308 πρῶτος

2266 2318 2418 2399 σοφὸς
2454 2319 2733 2396 ὠνομάσθη
2750 2364 2767 2392 ,
2796 2318 3044 2399 ἄρχοντος
3083 2318 3331 2391 Ἀθήνησι
3362 2318 3626 2395 Δαμασίου,
3651 2317 3731 2372 καθ’

2263 2405 2320 2465 ὃν
2342 2405 2432 2464 καὶ
2463 2409 2510 2465 οῖ
2541 2404 2675 2464 ἔπτὰ
2698 2405 2846 2485 σοφοὶ
2884 2405 3198 2478 ἐκλήθησαν,
3239 2405 3313 2473 ὥς
3351 2428 3472 2486 φησι
3510 2402 3729 2480 Δημήτριοι

2263 2495 2292 2551 ὁ
2314 2490 2592 2573 Φαληρεὺς
2612 2494 2666 2552 ἐν
2692 2496 2757 2572 τῇ
2783 2495 2885 2553 τῶν
2913 2492 3204 2573 Ἀρχόντων
3233 2494 3516 2571 ἀναγραφῇ.
3618 2495 3629 2512 “

2925 2661 3066 2697 02.

2344 2786 2505 2841 Idem
2547 2785 2639 2852 11,
2670 2801 2727 2857 7,
2749 2783 2823 2838 de
2856 2784 3191 2856 Anaxagora
3241 2800 3256 2835 ε
3307 2775 3524 2855 Ἤρξατο
3549 2773 3726 2852 &lodo-

2265 2876 2439 2949 σοφεῑν
2468 2866 2737 2940 Ἀθήνησιν
2769 2864 2857 2924 ἐπὶ
2885 2863 3186 2926 Καλλιάδου
3215 2866 3348 2924 &zv
3387 2862 3557 2921 εἴκοσιν
3585 2856 3658 2928 ὃν,
3685 2859 3730 2916 ὣς

2266 2955 2565 3034 Δημήτριος
2584 2957 2615 3014 ὁ
2634 2950 2917 3032 Φαληρεὺς
2934 2954 3064 3031 ἐντῇ
3085 2954 3189 3011 τῶν
3212 2950 3488 3031 Ἀρχόντων
3504 2944 3727 3024 ἀναγραφῇ,

2267 3042 2386 3102 ἔνθα
2414 3041 2505 3101 καί
2529 3063 2682 3122 φασιν
2712 3040 2867 3099 αὐτὸν
2890 3040 3017 3099 ἐτῶν
3044 3039 3320 3118 διατρῖψαι
3339 3036 3600 3117 τριάκοντα.

3014 3194 3068 3249 3.

2345 3346 2652 3404 Marcellin.
2678 3345 2786 3401 Vit.
2827 3340 3005 3397 Thuc.
3040 3340 3075 3415 §
3115 3343 3190 3397 50
3220 3359 3234 3392 :
3272 3336 3437 3405 Δῆλον
3474 3330 3542 3388 ὅτι
3577 3323 3724 3385 κάθοδοι

2266 3431 2414 3501 ἐδόθη
2441 3433 2547 3495 τοῖς
2567 3424 2859 3507 φεύγουσιν,
2880 3428 2952 3491 ὣς
2979 3422 3071 3482 καὶ
3099 3422 3396 3502 Φιλόχορος
3415 3416 3538 3493 λέγει
3558 3410 3629 3472 καὶ
3647 3414 3723 3507 dn·

2268 3519 2480 3597 μήτριος
2507 3519 2558 3574 ἰν
2587 3523 2692 3582 τοῖς
2716 3509 2773 3572 Ἄ
2784 3533 2984 3592 ρχουσι.

2344 3605 2468 3672 Τοῖς
2490 3600 2785 3685 φεύγουσιν]
2797 3620 2873 3660 se.
2887 3601 2994 3664 τοῖς
3012 3595 3204 3677 φυγάσι
3216 3595 3356 3666 πλὴν
3380 3594 3475 3652 τῶν
3496 3590 3724 3656 Πεισιστρᾱ·

2267 3693 2417 3751 τιδῶν
2447 3688 2580 3767 μετὰ
2601 3688 2695 3759 τὴν
2717 3679 2883 3758 ἧτταν
2899 3683 2995 3755 τὴν
3019 3686 3074 3743 ἐν
3102 3682 3337 3763 Σικελία.
3361 3683 3447 3740 01.
3471 3697 3554 3753 9²,
3575 3693 3616 3741 1,
3632 3675 3720 3734 41²·
3791 3671 3792 3690 ³

2265 3782 2407 3839 Vide
2434 3790 2624 3836 notata
2648 3777 2721 3834 ad
2749 3777 2946 3850 fragm.
2971 3773 3230 3848 Cratippi
3257 3773 3313 3843 3,
3340 3790 3399 3845 p.
3428 3785 3511 3838 77.

2386 3933 2566 3995 ΠΕΡΙ
2606 3931 2761 3992 ΤΗΣ
2803 3927 3142 3989 ΑΘΗΝΗΣῙ
3181 3911 3642 3986 ΝΟΜΟΘΕΣῘΑΣ·

2997 4074 3053 4132 4.

2676 4227 2723 4280 E
2763 4223 2988 4280 LIBRO
3032 4217 3388 4279 SECUNDO.

2345 4379 2480 4438 Lex.
2512 4382 2678 4439 Rhet.
2705 4378 2778 4436 ad
2804 4379 3012 4434 calcem
3034 4376 3221 4431 Photii
3240 4392 3302 4447 p.
3324 4371 3453 4440 672,
3477 4365 3505 4419 3
3529 4381 3574 4416 ν.
3597 4346 3713 4424 Rufi!

627 4487 859 4549 possunt
886 4496 899 4531 :
934 4471 1022 4533 Τὰ
1057 4473 1178 4553 περὶ
1205 4478 1295 4545 τῆς
1323 4474 1563 4546 Ἀθήνησι
1590 4471 1891 4550 νομοθεσίας
1933 4471 2074 4549 βιὸλ.
2116 4469 2177 4542 ε’,
2266 4466 2538 4539 ἐκκλησία.
2568 4467 2710 4523 Vide
2737 4467 2967 4522 Aristot.
2995 4453 3192 4537 fragm.
3219 4458 3314 4530 32,
3337 4477 3392 4531 p.
3425 4473 3444 4509 1
3461 4447 3536 4508 16·

930 4640 1417 4701 ARCHONTUM
1462 4638 1867 4701 RECENSUS.

691 4846 878 4894 Primus
893 4846 1064 4897 Thales
1083 4849 1284 4897 vocatus
1299 4767 1572 4909 esttapiens
1587 4882 1602 4907 ,
1627 4858 1724 4908 quo
1746 4847 1964 4907 tempore
1997 4848 2171 4895 Dama·

628 4920 727 4970 sius
744 4922 942 4972 Athenis
957 4924 1136 4973 archon
1152 4924 1255 4972 erat
1267 4959 1281 4983 ,
1304 4923 1397 4973 sub
1413 4935 1513 4986 quo
1533 4923 1714 4984 septem
1735 4934 1930 4984 quoque
1944 4921 2177 4983 sapientes

628 4997 787 5046 vocati
831 5002 943 5047 sunt
959 5035 974 5060 ,
1015 5001 1072 5049 ut
1107 5000 1175 5049 ait
1210 5000 1482 5049 Demetrius
1516 4999 1770 5049 Phalereus
1802 4998 1852 5047 in
1881 4998 2177 5048 Archontum

629 5076 929 5126 musione.

694 5241 992 5299 Anaxagoras
1014 5238 1332 5299 philosophari
1360 5159 1503 5301 ‹221³st
1528 5238 1720 5289 Athenis
1737 5238 1826 5287 sub
1856 5237 2070 5288 caniada
2097 5207 2173 5285 ai·-

2262 4635 2435 4683 chonte
2455 4634 2565 4694 (480
2586 4647 2631 4680 a.
2653 4632 2734 4692 c.)
2748 4667 2763 4692 ,
2782 4629 2898 4679 vitm
2916 4640 3042 4678 anno
3061 4626 3315 4686 vicesimo,
3329 4601 3710 4671 utnmetrimffl·

2263 4713 2419 4761 tereus
2451 4711 2500 4759 in
2533 4709 2831 4759 Archontum
2855 4717 3051 4756 recensu
3075 4703 3218 4763 dicit3
3252 4697 3521 4757 Athenisque
3543 4694 3627 4736 m
3654 4684 3708 4737 W

2260 4803 2410 4839 annos
2431 4789 2598 4851 viginti
2618 4789 2971 4837 commoratum
2988 4797 3090 4835 esse
3105 4780 3320 4833 tradunt.

3004 4884 3054 4933 3.

2323 4983 2556 5033 Exulibus
2583 4984 2710 5046 (post
2734 4981 2920 5031 cladem
2946 4980 3182 5039 Siculam,
3204 4980 3296 5025 412
3311 4987 3355 5022 a.
3373 4969 3444 5028 c.)
3465 4949 3704 5013 redamle'·

2260 5065 2483 5112 testatem
2511 5063 2685 5111 saetam
2720 5073 2820 5110 esse
2842 5059 3000 5121 patet,
3023 5054 3308 5109 testantibus
3338 5047 3467 5100 etiam
3497 5027 3703 5090 Phflffl

2262 5141 2309 5190 et
2329 5139 2567 5190 Demetrio
2591 5139 2832 5189 Phalereo.
