3900 6042
570 467 1552 608 1DOMENEUS
1636 462 2898 603 LAMPSACENUS.

200 1028 563 1084 Idomeneus
588 1022 650 1099 (⁸)
683 1026 827 1078 inter
853 1026 1002 1081 cives
1037 1026 1443 1096 Lampsacenos
1480 1020 1696 1094 generis

120 1116 431 1169 nobilitate
484 1122 540 1166 et
591 1112 879 1183 opulentia
921 1111 1289 1184 conspicuus;
1335 1108 1543 1163 clarior
1587 1124 1657 1161 eo
1675 1146 1692 1171 ,

119 1200 289 1275 quod
326 1199 568 1271 Epicuri
594 1217 713 1251 non
733 1198 914 1251 solum
932 1197 1270 1271 magisterio,
1299 1193 1397 1249 sed
1419 1195 1585 1249 etiam
1612 1193 1698 1247 fa-

120 1289 456 1343 miliaritate
478 1304 606 1339 usus
631 1293 731 1338 est.
752 1285 820 1338 In
846 1283 1192 1357 disciplinam
1211 1282 1553 1355 philosopho
1577 1290 1697 1334 tum

121 1394 179 1429 se
195 1374 431 1446 juvenis
459 1371 674 1427 dedisse
694 1370 938 1439 videtur,
963 1389 1137 1443 quum
1170 1370 1456 1442 Lampsaci
1480 1368 1574 1422 ille
1593 1366 1699 1421 do-

126 1479 256 1515 cere
280 1468 541 1531 coeperat
582 1456 725 1531 (310
754 1473 805 1510 a.
834 1457 892 1512 C.
910 1456 951 1528 ).
979 1455 1359 1529 Quadraginta
1390 1456 1547 1509 annis
1571 1463 1699 1527 post

131 1546 285 1621 (27⁰
314 1563 367 1602 a.
398 1542 493 1617 C.)
532 1543 807 1615 Epicurus
844 1542 1031 1598 literas
1068 1541 1138 1597 ad
1168 1541 1539 1597 Idomeneum
1566 1541 1698 1595 scri-

127 1635 263 1706 psit,
287 1631 508 1705 quibus
532 1628 906 1684 moribundus
922 1647 1091 1684 senex
1131 1628 1407 1700 discipulo
1435 1638 1492 1681 et
1519 1627 1699 1681 amico

130 1719 433 1786 valedicit,
468 1733 729 1788 curaeque
756 1714 873 1786 ejus
886 1714 1244 1771 commendat
1266 1715 1473 1769 liberos
1499 1714 1703 1768 Metro-

133 1806 294 1872 dori,
330 1804 501 1876 cujus
530 1820 787 1858 sororem
823 1800 1077 1858 Batidem
1106 1800 1440 1855 Idomeneus
1464 1817 1703 1854 uxorem

133 1892 391 1947 duxerat.
439 1893 529 1947 Ex
565 1890 652 1944 his
685 1887 757 1943 de
805 1899 994 1957 aetate,
1028 1906 1140 1960 qua
1177 1886 1433 1942 floruerit
1479 1886 1704 1941 Idome-

134 1998 298 2047 neuS,
342 1980 479 2035 satis
518 1978 693 2049 liquet
739 1973 1105 2049 (310—270.
1140 1977 1207 2032 V.
1245 1975 1489 2031 Clinton.
1518 1975 1583 2029 F.
1626 1973 1701 2028 fl.

139 2065 209 2119 ad
223 2067 284 2120 h.
309 2084 362 2121 a.
379 2063 423 2138 ).
458 2064 614 2132 Quot
647 2078 823 2116 annos
840 2071 969 2133 post
982 2071 1225 2116 mortem
1240 2061 1488 2136 magistri
1508 2061 1569 2113 in
1586 2060 1701 2112 vita

136 2152 385 2225 exegerit
400 2190 417 2218 ,
449 2148 751 2203 nescimus.

216 2238 416 2291 Patriae
444 2234 607 2289 urbis
626 2252 873 2288 summus
894 2235 1242 2308 magistratus
1267 2235 1381 2288 sive
1414 2231 1709 2306 praefectus

139 2342 200 2376 ac
230 2333 448 2377 tantum
468 2339 591 2375 non
618 2331 885 2393 tyrannus
906 2320 1070 2375 fuisse
1092 2320 1339 2377 videtur.
1356 2319 1575 2394 Rigidae
1600 2336 1707 2391 po·

142 2411 322 2464 tentia
344 2410 668 2464 ministrum
699 2408 946 2481 appellat
966 2408 1197 2465 Seneca.
1230 2407 1372 2462 Cum
1409 2405 1711 2480 splendore

144 2498 386 2552 muneris
404 2495 633 2551 homini
651 2509 929 2549 venerunt
947 2512 1103 2549 vanae
1123 2494 1393 2573 gloriolae³
1402 2493 1677 2568 cupiditas
1692 2533 1709 2561 ,

146 2584 336 2652 fastus,
373 2582 628 2638 luxuries
658 2590 967 2655 ceteraeque
989 2581 1250 2637 libidines
1275 2599 1400 2654 quae
1457 2581 1713 2636 comitari

146 2670 323 2725 solent
348 2669 683 2743 potentiam.
712 2669 896 2723 Testes
917 2680 1046 2723 sunt
1071 2668 1318 2742 epistolae
1337 2709 1353 2735 ‚
1376 2668 1581 2741 quibus
1612 2666 1715 2721 de·-

146 2777 405 2831 generem
428 2756 775 2829 discipulum
804 2756 1077 2828 Epicurus
1104 2756 1178 2811 ad
1217 2755 1455 2811 meliora
1485 2755 1715 2811 consilia

152 2863 407 2901 revocare
433 2843 654 2900 studuit
673 2841 789 2916 (⁴⁸¹⁵).
810 2844 958 2898 Num
978 2843 1119 2916 quid
1131 2843 1437 2917 profecerit
1463 2842 1710 2916 ambigo.

214 3000 279 3059 (ἢ
309 2999 484 3049 Strabo
525 2999 701 3059 x111,p.
744 3000 834 3046 589
857 3016 869 3045 :
891 2997 1033 3053 Αὐτὸς
1055 2995 1097 3045 δ’
1130 2996 1401 3059 Ἐπίκουρος
1420 2995 1589 3059 τρόπον
1613 2996 1716 3045 τινὰ

156 3070 468 3131 Λαμψακηνὸς
488 3068 687 3130 (ιπῆρξε,
710 3066 949 3129 διατρίψας
974 3067 1022 3114 ἐν
1042 3066 1295 3128 Λαμψάκῳ
1324 3066 1404 3113 καὶ
1437 3066 1582 3128 φίλοις
1605 3082 1713 3127 χρη·

154 3138 345 3199 σάμενος
367 3144 463 3194 τοῖς
495 3137 700 3200 ἀρίστοις
721 3142 815 3186 τῶν
841 3137 888 3186 ἐν
909 3141 967 3198 τῇ
988 3136 1118 3185 πόλει
1140 3135 1285 3198 ταύτῃ
1301 3171 1316 3197 ,
1348 3139 1443 3190 τοῖς
1472 3136 1576 3198 περὶ
1603 3135 1718 3184 Ἰδο-

157 3209 285 3268 μενέα
303 3211 381 3257 καὶ
399 3208 622 3258 Azania.

212 3278 342 3338 Diog.
375 3280 429 3327 Ι..
454 3280 523 3335 Χ,
550 3278 629 3337 25,
648 3275 902 3337 discipulos
917 3273 1107 3335 Epicuri
1128 3285 1406 3322 recensens:
1429 3275 1650 3329 Λεοντεύς
1667 3290 1719 3323 τε

159 3348 469 3409 Λαμψακηνὸς
490 3347 665 3408 ὁμοίως
686 3348 766 3395 καὶ
789 3348 820 3403 ἡ
839 3345 1006 3393 τούτου
1024 3344 1138 3402 γύνη
1159 3343 1397 3405 θεμίστα,
1418 3344 1529 3407 πρὸς
1557 3345 1615 3403 ἣν
1632 3346 1719 3394 καὶ

160 3418 371 3475 γέγραφεν
398 3418 425 3464 ὁ
457 3416 768 3478 Ἐπίκουρος,
796 3415 864 3463 ἔτι
888 3415 937 3461 δὲ
962 3414 1182 3470 Κολώτης
1214 3414 1295 3461 καὶ
1318 3413 1602 3476 Ἰδομενεὺς,
1637 3419 1718 3464 καὶ

159 3484 282 3532 αὐτοὶ
303 3488 619 3549 Λαμψακηνοί
633 3499 649 3514 ·
673 3487 753 3534 καὶ
776 3485 904 3533 οὗτοι
925 3485 1009 3546 μὲν
1035 3485 1286 3545 ἐλλόγιμοι.

195 3554 343 3670 δέἀοπι
366 3559 428 3614 Χ,
456 3562 521 3606 23
561 3575 573 3603 :
600 3555 966 3618 (Μητρόδωρος)
995 3555 1079 3611 τὴν
1114 3554 1311 3616 ἀδελφὴν
1342 3553 1518 3603 Βατίδα
1543 3554 1720 3611 ἐξέδοτο

162 3625 194 3671 ’1
248 3630 384 3683 μενεῖ.

220 3693 347 3742 ldem
373 3696 435 3753 X,
460 3701 490 3745 3
524 3714 536 3744 2
564 3694 794 3743 Dicebant
812 3692 1027 3742 nonnulli
1045 3691 1105 3740 de
1131 3692 1337 3753 Epicuro
1355 3704 1466 3740 eum
1486 3693 1722 3756 Ἰδομενέα

92 3790 101 3797 -
162 3763 237 3808 καὶ
256 3763 500 3826 Ἡρόδοτον
521 3767 601 3813 καὶ
616 3763 928 3826 Τιμοκράτην,
946 3764 1053 3819 τοὺς
1076 3763 1286 3811 ἔκπυστα
1304 3763 1448 3812 αὐτοῦ
1468 3764 1527 3811 τὰ
1557 3765 1723 3828 κρύφια

164 3833 439 3890 ποιήσαντας
452 3870 468 3893 ,
492 3834 793 3897 ἐγκωμιάζειν
807 3834 889 3881 καὶ
907 3833 1192 3881 κολακεύειν.

222 3903 472 3952 Athenaeus
496 3905 600 3961 Vn,
626 3907 783 3965 p.279
808 3904 842 3950 F
867 3902 1081 3958 τΤαύτης
1102 3903 1207 3962 (τῆς
1227 3902 1452 3965 γαστρὸς)
1471 3902 1559 3965 γὰρ
1573 3902 1723 3952 ἕνεκεν

161 3967 187 4014 ὁ
210 3968 317 4032 ἀνὴρ
347 3974 427 4020 καὶ
449 3978 535 4030 τῆς
570 3974 709 4028 ἄλλης
728 3977 806 4029 τῆς
828 3973 951 4019 κατὰ
974 3972 1126 4035 σάρκα
1163 3973 1332 4030 ἡδονῆς
1370 3972 1614 4020 ἐκολάκευε
1643 3976 1723 4021 καὶ

163 4036 385 4152 ’elaboranda
402 4046 484 4091 καὶ
511 4042 873 4104 Μητρόδωρον...
909 4040 1183 4104 Ἐπίκουρος
1212 4042 1302 4105 γὰρ
1319 4041 1377 4100 ἦν
1400 4042 1427 4089 ὀ
1450 4042 1627 4089 τούτων
1651 4042 1722 4090 δι-

204 4106 405 4165 ’σκαλος.

227 4177 314 4236 (**)
355 4180 488 4243 Βίης.
517 4183 594 4239 Χ,
626 4185 683 4228 22
707 4195 718 4226 :
751 4178 873 4235 Ἤδη
903 4178 953 4227 δὲ
971 4179 1194 4227 τελευτῶν
1217 4178 1543 4240 (Ἐπίκουρος)
1562 4178 1723 4241 γράφει

164 4246 271 4305 πρὸς
280 4246 514 4310 Ἰδομενέα
525 4250 649 4306 τήνδ’
661 4249 924 4305 ἐπιστολήν·
938 4266 962 4289 α
976 4250 1072 4306 Τὴν
1088 4249 1319 4311 μακαρίαν
1332 4249 1521 4309 ἄγοντες
1533 4250 1612 4297 καὶ
1628 4248 1727 4311 ἅμα

165 4317 423 4366 τελευταίαν
442 4322 618 4382 ἡμέραν
633 4324 717 4368 τοῦ
733 4319 864 4383 βίου,
884 4318 1139 4382 ἐγράφομεν
1160 4322 1270 4381 ὑμῖν
1288 4320 1420 4368 ταυτί
1436 4334 1448 4346 ·
1466 4336 1725 4381 στραγγου-

169 4384 242 4443 ρία
263 4402 313 4434 τε
334 4390 738 4453 παρηκολουθήκει
766 4389 844 4436 καὶ
871 4389 1167 4451 δυσεντερικὰ
1189 4390 1315 4445 πάθη
1328 4423 1344 4446 ,
1367 4390 1623 4452 ὺπερδολήν
1641 4388 1728 4437 οὐκ

171 4453 474 4508 ἀπολείποντα
486 4465 571 4508 τοῦ
585 4460 632 4508 ἐν
651 4460 831 4515 ἑαυτοῖς
851 4460 1090 4519 μεγέθους.
1110 4458 1533 4521 Ἀντιπαρετάττετο
1547 4459 1595 4507 δὲ
1610 4463 1727 4507 πᾶσι

170 4524 341 4581 τούτοις
365 4528 420 4577 τὸ
454 4530 578 4577 κατὰ
605 4530 763 4590 ψυχὴν
800 4531 964 4590 χαῖρον
995 4528 1071 4576 ἐπὶ
1108 4533 1168 4589 τῇ
1189 4531 1283 4576 τῶν
1324 4526 1589 4589 γεγονότων
1614 4529 1726 4589 ἡμῖν

173 4591 474 4659 διαλογισμῶν
508 4598 688 4661 μνήμη.
716 4598 781 4645 Σὺ
801 4596 843 4645 δ’
871 4597 1009 4653 ἀξίως
1027 4602 1109 4657 τῆς
1138 4598 1192 4645 ἐκ
1215 4597 1454 4659 μειρακίω
1485 4597 1726 4659 παραστά-

174 4676 287 4743 θξως
310 4667 420 4728 πρὸς
437 4668 519 4730 ἐμὲ
539 4669 620 4717 καὶ
642 4666 910 4729 φιλοσοφίαν
954 4667 1174 4729 ἐπιμελοῦ
1203 4671 1299 4715 τῶν
1336 4666 1516 4715 παίδων
1548 4668 1728 4729 Μητρο-

175 4729 336 4791 mu·
366 4754 389 4777 D

234 4801 404 4852 Seneca
416 4807 507 4868 Ep.
531 4808 572 4867 1,
591 4813 645 4855 21
668 4825 680 4855 ι
709 4808 875 4864 Quum
890 4804 1159 4856 Idomeneo
1169 4802 1414 4854 scriberet
1430 4803 1446 4863 (
1463 4801 1723 4865 Epicurus)

181 4871 229 4916 et
250 4870 401 4922 illum
420 4888 452 4923 a
472 4878 587 4924 vita
602 4880 827 4938 speciosa
841 4875 916 4926 ad
919 4874 1133 4937 fidelem
1146 4874 1484 4937 stabilemque
1502 4873 1723 4936 gloriam

184 4945 436 4992 revocaret
457 4945 641 5006 riyidoe
679 4949 805 4995 tunc
823 4947 1070 5008 potentine
1090 4946 1396 4993 ministrum
1434 4945 1486 4991 et
1528 4954 1722 5003 maqna

187 5006 488 5060 tractantem
511 5027 528 5060 .·
547 5031 571 5055 σι
592 5016 647 5062 Si
669 5014 864 5075 qim-ia,
894 5016 1098 5075 inquit,
1128 5016 1382 5075 tanqeris,
1406 5014 1655 5061 notiorem
1676 5015 1722 5062 te

185 5076 401 5133 ‘pululat
418 5081 796 5143 meoesacerent
813 5119 828 5143 ,
844 5095 1005 5146 quam
1027 5085 1205 5133 omnia
1230 5085 1334 5131 ista
1351 5116 1366 5141 ,
1386 5094 1505 5144 quoe
1521 5081 1647 5130 colis
1670 5085 1722 5131 et

188 5148 390 5205 implet·
419 5163 536 5212 quse
557 5151 757 5202 coleris.
795 5172 819 5194 ιι
848 5155 990 5201 Num
1018 5151 1149 5214 quid
1171 5164 1290 5213 erqo
1323 5152 1572 5200 mentitus
1603 5153 1721 5200 est?

1783 1020 2119 1091 Quanquam
2172 1020 2411 1074 Sintenis
2464 1016 2572 1093 (ad
2618 1019 2765 1073 Plut.
2805 1020 3005 1075 Pericl.
3078 1023 3213 1078 Exc.
3268 1025 3342 1090 V,

1783 1125 1845 1179 p.
1871 1105 2013 1180 314)
2046 1124 2116 1162 ex
2146 1106 2328 1161 verbis
2364 1104 2590 1161 Senecae
2633 1129 2658 1155 a
2685 1108 2885 1178 rigidoe
2927 1118 3062 1163 tunc
3079 1115 3350 1182 potentiae

1785 1198 2092 1249 ministrum
2145 1220 2167 1243 ιι
2197 1194 2353 1249 haud
2403 1194 2854 1267 improbabiliter
2889 1197 3080 1270 colligi
3122 1210 3343 1270 censet,

1786 1279 2088 1353 postmodo
2108 1280 2475 1336 Idomeneum
2501 1300 2558 1335 se
2586 1282 2866 1338 abdicasse
2889 1284 2994 1338 isto
3011 1285 3339 1343 ministerio.

1864 1368 2093 1440 Scripsit
2119 1367 2454 1422 Idomeneus
2474 1386 2616 1440 opus
2643 1365 2773 1443 Περὶ
2793 1369 3158 1445 Σωκρατικῶν,
3187 1372 3344 1444 quod

1786 1455 1956 1509 semel
1976 1453 2236 1509 laudatur
2277 1473 2531 1527 expresse
2564 1454 2663 1528 (fr.
2702 1475 2724 1510 1
2745 1456 2787 1525 ),
2820 1456 2907 1510 bis
2950 1457 3203 1512 innuitur
3233 1458 3344 1512 fra-

1788 1551 2147 1613 gmentorum
2184 1539 2274 1614 (a.
2326 1540 2392 1613 3)
2439 1543 2795 1615 argumentis.
2840 1539 2952 1596 Sed
2995 1541 3176 1612 major
3221 1562 3351 1616 pars

1793 1628 2156 1699 reliquiarum
2178 1627 2249 1683 de
2259 1629 2394 1682 viris
2404 1630 2516 1702 agit
2537 1630 2738 1701 quibus
2758 1647 2884 1682 cum
2900 1629 3193 1685 Socraticis
3211 1631 3353 1686 nihil

1791 1712 1896 1767 fuit
1917 1715 2147 1786 negotii.
2170 1714 2256 1768 Ibi
2291 1732 2478 1769 sermo
2507 1726 2586 1770 est
2601 1715 2674 1770 de
2699 1716 2842 1770 luxu
2862 1715 3349 1787 Pisistratidarum,

1793 1799 1866 1854 de
1899 1800 2282 1855 Themistoclis
2315 1797 2585 1877 ἀσελγείᾳ,
2617 1801 2688 1856 de
2713 1801 2955 1869 Pericle,
2989 1802 3085 1873 qui
3119 1804 3351 1874 Ephial-

1797 1897 1906 1941 tem
1933 1887 2262 1941 sicariorum
2288 1904 2461 1942 manu
2490 1905 2521 1942 e
2543 1886 2736 1942 medio
2779 1888 3089 1955 sustulerit,
3120 1885 3192 1942 de
3225 1890 3352 1944 Ari-

1794 1972 1937 2028 stide
1950 2012 1968 2041 ,
1995 1973 2306 2046 Hyperide,
2336 1974 2729 2043 Demosthene,
2744 1973 3031 2040 AEschine,
3047 1974 3352 2032 Phocione.

1795 2058 1985 2115 Nihilo
2012 2062 2188 2115 secius
2219 2061 2339 2115 haec
2369 2062 2558 2116 omnia
2586 2078 2655 2115 ex
2681 2060 2885 2115 eodem
2915 2055 3049 2135 Περὶ
3081 2059 3356 2134 Σωκρατι-

1795 2147 1901 2203 κῶν
1943 2165 2117 2219 opere
2144 2144 2362 2202 fluxisse
2387 2148 2578 2203 statuit
2610 2147 2879 2215 Sintenis,
2915 2164 3136 2202 memor
3174 2147 3358 2202 Theo-

1795 2235 1992 2307 pompi
2017 2235 2371 2312 aliorumque
2395 2236 2735 2308 scriptorum
2754 2275 2770 2302 ,
2802 2236 2900 2306 qui
2929 2233 3002 2288 ad
3029 2252 3118 2289 res
3148 2252 3181 2289 a
3218 2252 3358 2307 pro-

1796 2323 1985 2394 posito
2013 2332 2344 2395 argumento
2367 2322 2573 2376 alienas
2606 2322 2827 2395 evagari
2854 2323 3050 2392 quavis
3067 2322 3358 2376 occasione

1799 2406 2079 2463 adamant.
2110 2431 2135 2457 ιι
2161 2408 2449 2481 Inprimis,
2474 2408 2580 2477 ait,
2600 2407 2693 2463 hic
2710 2407 3086 2462 nominandus
3101 2419 3181 2463 est
3207 2408 3357 2463 Pha-

1802 2564 2107 2614 incidisset?
2144 2567 2329 2614 Omnes
2354 2565 2471 2614 illos
2497 2567 2822 2628 meqistanas
2844 2567 2896 2614 et
2923 2568 3175 2627 satrapas
3202 2568 3256 2614 et
3281 2578 3360 2613 re·

1803 2646 1914 2695 yem
1936 2636 2111 2695 ipsum
2125 2669 2140 2694 ,
2159 2646 2225 2683 ex
2244 2646 2344 2696 quo
2367 2633 2620 2684 Idomenei
2642 2634 2829 2683 titulus
2850 2634 3140 2696 petebatur,
3159 2634 3349 2685 oblivio

1802 2704 1917 2753 alta
1934 2707 2235 2766 suppressit.
2251 2731 2317 2745 —
2341 2702 2473 2753 Idem
2492 2704 2649 2767 paullo
2670 2708 2804 2766 poet:
2832 2707 3166 2768 Quoscunque
3181 2707 3237 2754 in
3258 2717 3359 2755 me-

1805 2773 1954 2823 dium
1984 2773 2218 2834 fortuna
2233 2774 2492 2836 protulit,
2518 2776 2809 2837 quicunque
2832 2774 3064 2824 membra
3095 2777 3148 2824 et
3175 2777 3360 2837 partes

1804 2843 2513 2905 alienoepotentioesuerant,
2536 2844 2724 2893 horum
2755 2847 2934 2904 qratia
2961 2845 3159 2904 viyuit,
3179 2842 3360 2895 domus

1805 2913 2144 2976 frequentata
2180 2916 2288 2970 est,
2330 2913 2458 2963 dum
2489 2917 2590 2976 ipsi
2621 2916 2883 2963 steterunt
2905 2928 2923 2960 .-
2955 2915 3076 2974 post
3097 2917 3228 2976 ipsos
3257 2916 3359 2963 cito

1804 2986 2054 3034 memoria
2072 2983 2279 3046 defecit,
2297 2986 2625 3046 inqeniorum
2638 2986 2821 3034 crescit
2842 2982 3106 3045 diqnatio:
3128 2995 3219 3033 nec
3237 2986 3359 3045 ipsis

1806 3057 2014 3103 tantum
2042 3053 2203 3103 honor
2235 3054 2481 3111 habetur,
2519 3053 2611 3102 sed
2635 3053 2898 3117 quidquid
2921 3053 3143 3102 illorum
3175 3064 3361 3102 menia·

1805 3127 1906 3173 rioe
1922 3124 2178 3183 adtioesit,
2210 3127 2489 3186 excipitur.
2514 3127 2588 3174 Ne
2602 3126 2768 3184 oratis
2789 3123 3083 3174 Idomeneus
3103 3125 3156 3172 in
3174 3126 3360 3184 episto·

1808 3195 1919 3245 lam
1936 3207 2103 3243 meam
2127 3198 2353 3252 venerit,
2383 3198 2492 3256 ipse
2522 3207 2639 3243 eam
2658 3194 2720 3244 de
2755 3207 2847 3243 suo
2866 3193 3101 3243 redimet.
3125 3192 3204 3243 Ad
3224 3193 3362 3244 hunc

1808 3267 2069 3325 Epicurus
2092 3264 2244 3313 illam
2264 3263 2482 3313 nobilem
2510 3266 2820 3312 sententiam
2838 3265 3073 3323 scripsit,
3107 3274 3211 3321 qua
3238 3262 3360 3311 lior·

1811 3336 1976 3387 tatur,
2002 3335 2065 3382 ut
2107 3333 2376 3394 Pythoclea
2396 3332 2483 3394 (de
2504 3345 2602 3393 quo
2622 3344 2668 3379 v.
2692 3333 2824 3392 Diog.
2851 3333 2903 3380 1..
2942 3332 3008 3387 X,
3029 3337 3076 3389 5,
3108 3332 3196 3389 8⁴)
3227 3331 3363 3380 locu·

1805 3404 1995 3464 pletem
2021 3414 2122 3451 non
2144 3402 2357 3464 pubtica
2390 3413 2481 3449 nec
2512 3403 2731 3462 ancipiti
2771 3404 2854 3450 via
2875 3401 3070 3461 saciat.
3097 3415 3121 3439 α
3164 3401 3216 3447 Si
3253 3403 3360 3462 vis,

1808 3474 2011 3534 inquit,
2041 3472 2323 3534 Pythoclea
2347 3470 2564 3520 divitem
2584 3469 2804 3529 facere,
2839 3482 2940 3518 non
2970 3471 3203 3531 pecunia
3228 3469 3360 3531 adli·

1808 3540 2065 3603 ciendum,
2087 3541 2181 3592 sed
2195 3539 2572 3603 cupiditatibus
2589 3539 2971 3590 detrahendum
2992 3541 3081 3587 est.
3108 3557 3132 3581 ι

1873 3616 2049 3661 Seneca
2074 3616 2157 3675 Ep.
2190 3618 2247 3661 22
2264 3627 2275 3659 :
2293 3611 2438 3660 Nulli
2458 3622 2654 3659 necesse
2672 3611 2752 3657 est
2762 3608 3084 3670 felicitatem
3111 3619 3268 3656 cursu
3288 3621 3362 3658 se·

1810 3684 1899 3745 qui
1925 3694 1943 3727 .·
1963 3684 2040 3730 est
2062 3681 2297 3744 aliquid,
2323 3684 2483 3729 etiam
2504 3683 2548 3728 si
2582 3691 2684 3728 non
2725 3688 3034 3739 repuqnare,
3063 3676 3361 3739 subsistere,

1814 3765 1905 3801 nec
1946 3754 2149 3801 instare
2170 3750 2690 3811 sortunoesereiiti...
2732 3749 2948 3810 Eitis-uri
2983 3747 3252 3807 epistolam
3290 3747 3367 3798 ad

1813 3821 1952 3869 lianc
1977 3832 2088 3869 rem
2124 3823 2464 3885 pertinentem
2498 3820 2629 3881 lem,
2672 3816 2933 3867 Idomeneo
2959 3828 3081 3879 quai
3101 3814 3364 3870 scribitur,

1819 3894 1976 3947 Quem
1994 3893 2140 3951 roqat
2171 3892 2230 3938 ut
2254 3892 2509 3952 quantum
2541 3890 2706 3950 potest
2722 3886 2909 3948 suqiat
2936 3888 2986 3934 et
3013 3896 3158 3947 prop:
3170 3887 3248 3931 ret
3271 3896 3363 3932 an·

1817 3964 2024 4023 tequam
2043 3960 2224 4021 aliqua
2249 3963 2321 4007 vis
2350 3960 2519 4019 major
2545 3959 2888 4015 interveniat,
2908 3957 2958 4003 et
2970 3952 3188 4014 auferat
3215 3953 3366 4002 liber-

1818 4034 1978 4079 tatem
2004 4028 2290 4079 recedendi.
2323 4027 2466 4078 Idem
2488 4030 2662 4076 tamen
2684 4026 2895 4085 subjicit
2912 4060 2926 4081 ,
2968 4022 3104 4071 nibil
3128 4033 3232 4069 esse
3251 4023 3363 4070 ten-

1816 4099 2074 4160 tandum,
2102 4103 2208 4148 nisi
2249 4110 2412 4161 quum
2449 4099 2572 4159 apte
2609 4097 2803 4157 poterit
2837 4093 3226 4154 tempestiveque
3266 4092 3367 4138 ten·

1818 4174 1921 4219 tari
1952 4189 1965 4218 =
1994 4168 2088 4218 sed
2121 4181 2285 4232 quum
2307 4166 2448 4217 illud
2480 4170 2680 4227 tempus
2718 4162 2808 4212 diu
2839 4164 3107 4222 captatum
3139 4160 3364 4217 venerit,

1814 4239 2164 4291 exsiliendum
2192 4241 2285 4287 ait.
2319 4238 2612 4287 Dormitare
2631 4234 2695 4282 de
2706 4232 2845 4295 suqa
2872 4233 3183 4291 coquentem
3202 4231 3365 4289 vetat,

1814 4314 1864 4359 et
1885 4312 2063 4371 sperat
2084 4310 2240 4356 etiam
2270 4318 2336 4354 ex
2372 4303 2699 4365 difficittimis
2733 4302 3026 4350 salutarem
3047 4300 3283 4357 exitum,
3315 4303 3363 4347 si

1816 4392 1905 4428 nec
1939 4387 2274 4441 properemus
2321 4377 2449 4423 ante
2483 4377 2709 4434 tempus,
2748 4382 2836 4420 nec
2870 4379 3122 4419 cessemus
3155 4370 3212 4417 in
3246 4369 3366 4416 tem·

1812 4459 1955 4511 pore.

1876 4515 2121 4567 Plutarch.
2146 4514 2472 4564 adncoloten
2511 4525 2558 4574 p.
2581 4515 2719 4572 1127,
2744 4513 2781 4561 Β
2806 4525 2818 4558 :
2843 4509 2991 4560 Πάλιν
3008 4508 3078 4570 δὲ,
3098 4507 3245 4569 οἶμαι,
3256 4506 3363 4569 γρά-

1813 4604 1910 4648 φων
1940 4588 2052 4650 πρὸς
2075 4585 2306 4648 Ἰδομενέα
2330 4582 2670 4642 διακελεύεται,
2692 4582 2757 4644 μὴ
2774 4579 2933 4641 νόμοις
2964 4580 3043 4627 καὶ
3068 4578 3217 4633 δόξαις
3255 4578 3362 4625 δου·

1814 4656 2004 4706 λεῦοντα
2023 4662 2122 4717 ζῆν,
2143 4654 2212 4717 ἐφ’
2222 4655 2333 4703 ὅσον
2352 4654 2408 4703 ἂν
2424 4654 2488 4716 μὴ
2509 4653 2591 4711 τὴν
2610 4651 2686 4700 διὰ
2707 4652 2790 4699 τοῦ
2803 4648 2943 4704 πέλας
2961 4648 3015 4695 ἐκ
3028 4647 3204 4708 πληγῆς
3227 4644 3361 4707 δχλη-

1812 4745 1886 4776 σιν
1905 4727 2336 4789 παρασκευάζωσιν.

1871 4796 2072 4847 Photius
2089 4798 2206 4847 Lex.
2227 4811 2239 4843 τ
2262 4792 2452 4844 Πύθια
2467 4793 2568 4842 καὶ
2593 4790 2803 4849 Δήλια.
2828 4786 2956 4839 Φασὶ
2976 4784 3364 4850 Πολυκράτηντὸν

1810 4868 1969 4927 Σαμου
1996 4868 2213 4929 τύραννον
2233 4865 2385 4914 Πύθια
2418 4864 2498 4912 καὶ
2538 4863 2688 4920 Δήλια
2723 4861 2985 4917 ποιήσαντα
3016 4858 3116 4920 ἅμα
3137 4858 3185 4905 ἐν
3203 4857 3361 4917 Δήλῳ,

1809 4938 1989 4999 πέμψαι
2008 4939 2072 4993 εἰς
2095 4939 2202 4985 θεοῦ
2233 4934 2543 4999 χρησόμενον,
2565 4934 2608 4981 εί
2626 4932 2687 4980 τὰ
2718 4935 2801 4988 τῆς
2822 4928 2985 4983 θυσίας
3021 4928 3125 4988 ἄγει
3146 4926 3269 4975 κατὰ
3285 4926 3363 4975 τὸν

1808 5008 2065 5069 ὡρισμένον
2099 5006 2289 5068 χρόνον·
2315 5005 2401 5063 τὴν
2433 5005 2482 5053 δὲ
2509 5003 2688 5053 Πυθίαν
2711 5000 2905 5060 ἀνελεῖν,
2936 5001 3086 5046 ταῦτα
3107 4997 3183 5045 σοὶ
3217 4995 3365 5045 Πύθια

1807 5078 1887 5125 καὶ
1900 5078 2067 5134 Δήλια,
2092 5076 2373 5139 βουλομένην
2396 5075 2564 5131 δηλοῦν
2590 5073 2663 5121 ὅτι
2701 5071 2906 5133 ἔσχατα·
2939 5067 3039 5129 μετ’
3079 5066 3232 5127 ὀλίγον
3276 5065 3366 5131 γᾲρ

1806 5148 1970 5211 χρόνον
2005 5147 2146 5196 αὑτὸν
2190 5145 2442 5194 ἀπολέσθαι
2479 5144 2666 5201 συνέὅη.
2688 5139 2965 5201 Ἐπίκουρος
2982 5137 3032 5186 δὲ
3060 5137 3107 5186 ἐν
3144 5137 3234 5185 τινὶ
3271 5141 3363 5184 τῶν

197 5212 310 5283 Quis
337 5215 601 5269 Idomenea
618 5224 813 5283 nosset,
846 5223 945 5270 nisi
971 5223 1230 5297 Epicurus
1257 5219 1409 5269 illum
1426 5221 1533 5269 suis
1547 5218 1716 5269 literis
1803 5219 1913 5282 πρὸς
1926 5218 2157 5280 Ἰδομενέα
2174 5217 2427 5295 ἐπιστολῶν
2439 5220 2602 5265 ταῦτα.
2632 5211 2809 5262 Eadem
2828 5206 3014 5259 suidas.
