3900 6042
511 443 625 499 398

508 573 619 628 Sed
647 571 931 627 videamus
963 570 1078 640 jam
1108 568 1274 622 Plinii
1322 567 1539 635 locum,
1569 569 1667 639 qui
1689 567 1875 621 effecit
1909 579 1976 622 ut
2006 568 2063 621 in

507 662 615 715 alia
659 660 849 713 omnia
887 658 1050 711 multi
1078 656 1318 710 abirent.
1362 655 1585 708 Etenim
1622 655 1832 710 Plinius
1866 657 1934 709 fl.
1989 656 2058 709 N.

508 749 606 819 vl,
631 765 697 800 αι
715 787 732 812 ,
758 756 1058 818 postquam
1092 760 1124 798 e
1156 743 1437 816 Diogneto
1466 751 1522 796 et
1556 743 1778 820 Baetone
1806 743 2064 797 attulerat

508 834 766 888 locorum
787 832 1087 900 distantias,
1110 849 1234 903 quae
1256 841 1386 884 sunt
1405 849 1435 882 a
1463 830 1645 883 Portis
1664 830 1871 902 Caspiis
1885 847 2062 901 usque

507 920 579 976 ad
615 921 892 994 Hypasin,
931 917 1237 973 Alexandri
1267 918 1531 971 itinerum
1568 917 1901 984 terminum,
1932 934 2063 990 per-—

505 1010 588 1082 git
624 1009 699 1062 ita
738 1027 751 1062 :
786 1008 1022 1078 Reliqua
1050 1004 1179 1057 inde
1204 1003 1432 1057 Seleuco
1468 1004 1722 1057 Nicatori
1744 1015 2061 1077 peragrata

505 1107 632 1149 sunt
673 1114 691 1147 :
739 1094 825 1147 acl
868 1092 1156 1146 Hesidram
1209 1090 1526 1145 CLXVIII
1571 1092 1736 1157 mill.,
1771 1094 2061 1145 Iomanem

508 1200 730 1235 amnem
770 1179 1128 1235 tantumdem.
1167 1178 1533 1250 Exemplaria
1561 1179 1753 1251 aliqua
1790 1178 2064 1249 adjiciunt

505 1274 743 1342 quinque
783 1268 926 1321 mill.
962 1283 1247 1339 passuum.
1290 1266 1435 1318 Inde
1470 1265 1553 1318 ad
1591 1266 1842 1336 Gangem
1883 1265 2067 1321 CXII

506 1356 647 1411 mill.
669 1355 767 1409 Ad
792 1351 1162 1425 Rlzodaplzam
1195 1350 1408 1406 CXIX
1422 1354 1563 1409 mill.
1594 1354 1714 1406 Alii
1737 1351 2012 1407 CCCXX
2013 1355 2064 1404 V

507 1444 644 1498 mill.
685 1447 743 1496 in
782 1441 886 1496 hoc
923 1444 1107 1516 spatio
1136 1441 1395 1512 produnt.
1444 1442 1545 1495 Ad
1580 1442 1918 1514 Calinipaxa
1960 1461 2060 1514 op-

499 1531 691 1603 pidum
718 1530 1019 1586 CLXVII.
1060 1528 1134 1584 D.
1175 1529 1293 1581 Alii
1325 1528 1533 1583 CCLX
1531 1529 1589 1579 V
1623 1531 1762 1586 mill.
1796 1529 1942 1582 Inde
1985 1530 2067 1581 ad

508 1618 866 1689 confluentem
914 1619 1165 1671 Iomanis
1200 1619 1380 1668 amnis
1430 1627 1486 1669 et
1537 1617 1751 1690 Gangis
1788 1616 2016 1671 DCXX
2013 1619 2066 1668 V

507 1708 647 1762 mill.
678 1707 942 1777 Plerique
969 1705 1240 1774 adjiciunt
1268 1704 1439 1758 XIII
1463 1706 1632 1770 mill„
1658 1705 1740 1757 ad
1764 1707 2064 1780 oppidum-

504 1812 612 1866 que
659 1791 985 1847 Palibothra
1029 1790 1357 1846 CCCCXX
1354 1789 1420 1844 V.
1459 1792 1556 1845 Ad
1599 1796 1796 1845 ostium
1850 1791 2063 1862 Gangis

504 1867 1713 1950 DCXXXVIII(DCCXXXVIIIcorrex.
1730 1874 2058 1950 Schwanb.;

509 1968 547 2023 i.
581 1985 630 2023 e.
677 1966 854 2034 6,οοο
881 1963 1055 2019 stadia
1075 2003 1091 2030 ,
1115 1974 1255 2035 quot
1293 1962 1672 2037 Megasthenes
1695 1965 1888 2038 ponit)
1922 1966 2057 2020 mill.

545 2072 654 2109 ass.

499 2073 544 2125 Ρ
588 2142 653 2194 ln
682 2139 767 2193 his
786 2138 879 2191 illa
902 2137 1163 2210 ambigue
1191 2133 1338 2190 dicta
1374 2153 1389 2192 ε
1420 2139 1654 2210 Reliqua
1688 2137 1916 2191 Seleuco
1954 2139 2060 2193 Ni-

506 2231 681 2281 ratori
714 2236 1020 2298 peragrata
1064 2235 1220 2292 sunt,
1253 2234 1404 2277 recte
1463 2224 1930 2279 Schwanbeckius
1985 2227 2059 2280 ita

508 2312 869 2387 intelligenda
899 2329 1010 2365 esse
1041 2321 1262 2377 monet,
1292 2321 1356 2364 ut
1384 2310 1601 2366 dativus
1643 2312 1711 2365 sit
1737 2310 2055 2381 commodi,

508 2419 679 2474 quem
699 2400 927 2468 dicunt,
964 2398 1206 2470 ideoque
1229 2397 1399 2453 verba
1425 2396 1737 2473 significent
1777 2418 1790 2452 t
1822 2418 1930 2472 pro
1961 2400 2060 2454 Se-

505 2490 667 2544 leuco
710 2498 1001 2561 peragrata
1040 2497 1194 2553 sunt,
1242 2504 1273 2540 a
1314 2487 1667 2560 Megasthene
1697 2487 1958 2541 videlicet
2004 2496 2059 2541 et

507 2577 813 2631 Daimacho
863 2586 917 2629 et
967 2572 1220 2627 Patrocle
1241 2615 1256 2642 ,
1293 2592 1436 2645 quos
1472 2571 1734 2627 Seleucus
1765 2573 1838 2628 ad
1866 2575 2058 2646 explo-

506 2664 707 2719 randas
742 2665 879 2717 Asiae
922 2662 1178 2735 regiones
1216 2663 1547 2714 remotiores
1585 2662 1857 2716 emiserat.
1891 2661 2056 2716 Haud

508 2751 821 2805 distinctius
877 2758 956 2802 est
1007 2747 1164 2819 quod
1223 2747 1282 2800 in
1336 2746 1794 2802 antecedentibus
1847 2749 2057 2804 Plinius

506 2837 691 2894 habet.
735 2833 1032 2904 Patefacta
1071 2833 1303 2907 (India)
1342 2845 1448 2898 est,
1488 2834 1696 2905 inquit,
1744 2853 1853 2906 non
1896 2838 2058 2891 modo

507 2924 824 2978 Alexandri
846 2923 1055 2994 Illagni
1090 2925 1261 2973 armis
1284 2960 1299 2987 ,
1325 2937 1623 2990 regumque
1644 2926 1743 2991 qui
1763 2926 1816 2975 ei
1846 2939 2055 2976 succes-

503 3028 645 3078 sere,
669 3013 1033 3062 circumvectis
1055 3011 1223 3060 etiam
1253 3011 1309 3059 in
1329 3007 1666 3075 Hyrcanium
1686 3025 1839 3059 mare
1865 3020 1919 3061 et
1940 3009 1988 3062 C
1989 3029 2053 3062 a-

503 3102 684 3170 spium
702 3098 930 3150 Seleuco
957 3106 1011 3147 et
1026 3093 1329 3158 Antiocho,
1354 3088 1729 3165 prce-sectoque
1746 3094 1939 3147 classis
1965 3114 2057 3149 eo-

506 3203 626 3237 rum
670 3183 926 3237 Patrocle
966 3199 986 3232 .·
1016 3198 1209 3234 verum
1243 3191 1301 3232 et
1326 3180 1459 3230 aliis
1494 3179 1802 3232 auctoribus
1848 3181 2058 3236 Groecis

505 3276 602 3344 qui
623 3289 744 3324 cum
764 3269 983 3341 regibus
998 3268 1214 3320 Indicis
1241 3270 1439 3319 morati
1471 3259 1647 3337 (sicut
1662 3267 2056 3339 Megasthenes

505 3371 564 3414 et
587 3360 886 3430 Dionysius
918 3375 954 3409 a
997 3352 1375 3429 Philadelpho
1413 3357 1607 3406 missus
1627 3372 1699 3408 ex
1729 3372 1798 3409 ea
1821 3359 2052 3436 caussa)

505 3452 652 3504 vires
677 3463 886 3518 quoque
909 3447 1158 3515 gentium
1179 3442 1501 3516 prodidere.
1543 3443 1670 3512 Quo
1712 3442 1840 3497 loco
1883 3446 2054 3501 verba

504 3536 873 3586 circumvectis
895 3535 1133 3585 etiam...
1178 3529 1405 3583 Seleuco
1448 3541 1510 3583 et
1546 3529 1817 3584 Antiocho
1856 3543 1912 3585 et
1936 3534 2054 3587 Pa-

507 3622 687 3686 trocle,
720 3616 1189 3674 Schwanheckius
1222 3629 1373 3672 recte
1409 3617 1547 3672 dicit
1585 3618 1725 3671 nihil
1767 3619 1918 3673 aliud
1943 3639 2056 3675 esse

504 3709 607 3760 nisi
641 3705 1122 3761 confirmationem
1163 3715 1217 3758 et
1248 3706 1704 3779 explicationem,
1760 3707 2053 3778 quomodo

508 3795 679 3862 India
722 3797 896 3846 armis
942 3810 1171 3866 regum,
1208 3793 1304 3864 qui
1349 3792 1674 3847 Alexandro
1707 3810 2047 3860 successere,

505 3881 781 3954 patefacta
807 3881 894 3938 sit.

583 3971 667 4023 De
694 3967 1047 4040 Megasthene
1089 3985 1211 4040 quae
1258 3967 1559 4022 traduntur
1597 3985 1881 4040 perpauca
1928 3979 2056 4022 sunt

503 4057 689 4111 haecce
716 4074 730 4109 τ
764 4050 1099 4126 Μεγασθένης
1131 4055 1158 4108 6
1186 4049 1505 4131 συγγραφεὺς
1530 4056 1558 4110 6
1586 4050 1826 4130 Σελεύκῳ
1848 4055 1921 4129 τῷ
1952 4055 2052 4113 Νι-

506 4139 687 4219 κάτορι
715 4136 1117 4214 συμὸεὸιωκώς,
1141 4141 1312 4198 Clem.
1340 4142 1502 4196 Alex.
1534 4160 1589 4213 p.
1625 4139 1731 4194 132
1759 4141 1911 4212 Sylb.
1953 4141 2052 4218 (fr.

505 4226 630 4299 36).
658 4256 741 4271 —-
762 4226 903 4300 Μεγ.
933 4224 987 4291 ὃς
1008 4225 1157 4296 ξυνῆν
1186 4224 1278 4300 μὲν
1313 4223 1575 4303 Σιὸυρτίῳ
1596 4227 1671 4302 τῷ
1701 4224 1945 4302 σατράπῃ
1965 4231 2055 4296 τῆς

505 4310 851 4391 Ἀραχωσίας,
871 4310 1119 4377 πολλάκις
1146 4312 1200 4370 δὲ
1219 4310 1360 4390 λέγει
1388 4310 1662 4391 ἀφικέσθαι
1677 4310 1803 4388 πρὸς
1824 4313 2052 4390 Σανδρά·

505 4420 682 4457 κοττον
699 4401 802 4456 τῶν
828 4397 1002 4457 Ἰνδῶν
1034 4397 1270 4476 βασιλέα,
1296 4403 1519 4458 Art-ian.
1550 4402 1695 4472 Exp.
1724 4400 1814 4458 Al.
1841 4401 1903 4468 V,
1934 4402 2051 4475 6‚2.

509 4487 598 4562 (l'r.
629 4488 709 4560 a).
737 4519 815 4530 -
872 4485 1011 4562 Πρὸς
1042 4485 1427 4563 Σανδράκοττον
1462 4484 1589 4563 πρὸς
1618 4483 1672 4541 ὃν
1697 4476 1821 4553 ἧκεν
1849 4489 1877 4542 6
1909 4489 2046 4564 Μεγ.

506 4570 774 4650 πεμφθείς,
810 4575 1011 4630 Strabo
1037 4576 1161 4644 XV,
1188 4593 1248 4647 p.
1286 4593 1397 4645 702
1447 4573 1545 4646 (fr.
1578 4571 1704 4648 21).
1744 4606 1822 4614 -
1847 4570 2053 4648 Ἐπέμ.

506 4664 708 4738 φθησαν
742 4662 813 4725 εἰς
852 4659 919 4717 τὰ
959 4659 1308 4739 Παλίμὸοθρα
1342 4663 1369 4717 6
1409 4657 1502 4736 μὲν
1546 4658 1882 4738 Μεγασθένης
1930 4661 2054 4740 πρὸς

506 4744 884 4824 Ἀνδρόκοττον,
929 4749 955 4803 6
986 4744 1039 4803 δὲ
1067 4744 1339 4824 Δηίμαχος
1378 4745 1505 4824 πρὸς
1537 4745 1941 4823 Ἀλλιτροχάδην
1970 4747 2054 4805 τὸν

507 4830 699 4889 ἐκείνου
730 4829 836 4890 υἱὸν
867 4831 1003 4889 κατὰ
1021 4831 1300 4910 apscedam
1316 4855 1330 4870 ·
1355 4830 1704 4907 ὑπομνήματα
1729 4833 1783 4890 δὲ
1813 4838 1904 4903 τῆς
1925 4836 2053 4892 ἀπο-

508 4915 699 4990 δημίας
733 4916 1031 4986 κατέλιπον,
1077 4920 1280 4975 Strabo
1314 4922 1392 4989 11,
1442 4939 1501 4993 p.
1551 4939 1623 4989 70
1670 4920 1766 4991 (fr.
1800 4920 2056 4992 25).-

510 5005 647 5079 Μεγ.
684 5002 1016 5080 συγγενέσθαι
1042 5005 1411 5083 Σανδρακόττα
1444 5004 1584 5080 λέγει
1603 5008 1675 5082 τῷ
1700 5006 1927 5086 μεγίστῳ
1960 5011 2052 5086 βα·

511 5090 645 5146 σιλεῖ
665 5091 1054 5168 (machdraj11;
1080 5114 1134 5148 v.
1157 5095 1390 5150 Bohlen.
1417 5095 1615 5148 Indien
1671 5093 1715 5164 1,
1741 5114 1801 5167 p.
1838 5097 1931 5169 19)
1954 5098 2054 5152 τῶν

510 5171 705 5249 Ἰνδῶν,
723 5176 810 5233 καὶ
830 5176 1001 5253 Πώρῳ
1020 5177 1093 5235 ἔτι
1112 5176 1291 5235 τούτου
1316 5177 1506 5250 μέζονι,
1528 5182 1745 5236 Arriam.
1774 5180 1899 5242 lnd.
1922 5204 1970 5240 ι’.
2001 5183 2055 5240 5.

1812 433 2387 494 ΜΕῦΑὸΤΗΕΝΕὸ.

2160 567 2254 642 (fr.
2292 588 2359 640 19
2378 568 2413 638 ).
2448 568 2609 623 Adde
2625 569 2811 623 locum
2838 571 3000 625 Plinii
3013 589 3181 643 supra
3207 563 3532 640 laudatum,
3555 583 3718 646 *aa

2155 656 2231 712 ita
2275 656 2524 712 reddidit
2563 654 2787 712 Solinus
2822 658 3018 730 Polyh.
3044 678 3093 717 c.
3133 659 3211 714 60
3256 676 3271 716 :
3315 661 3720 732 Megasthenes

2149 763 2288 798 sane
2305 745 2463 817 apud
2492 746 2710 799 Indicos
2733 764 2892 817 teges
2908 748 3324 820 aliquantisper
3357 761 3720 802 comma-aaa

2151 851 2238 886 res
2260 833 2488 886 Indicas
2506 837 2735 905 scripsit,
2762 845 2826 885 ut
2832 833 3012 907 fidem
3025 853 3194 905 quam
3209 837 3398 889 oculis
3415 837 3720 906 subjeoemt

2154 924 2434 973 memoria:
2456 921 2717 976 truderet.
2799 921 3096 990 Dionysias
3119 940 3357 994 quoque,
3404 929 3511 996 qui
3529 936 3588 977 et
3615 929 3718 996 ipe

2151 1026 2189 1060 a
2216 1007 2591 1080 Philadelpho
2630 1025 2762 1079 rege
2785 1019 3059 1080 spectator
3079 1014 3272 1062 missas
3299 1023 3390 1064 est
3406 1017 3606 1085 gratia
3621 1029 3718 1084 με,

2149 1095 2465 1149 ήσὶἰῑαηάω
2490 1099 2743 1160 veritatis,
2763 1100 2938 1168 paria
2948 1097 3227 1167 prodidit.

2231 1181 2315 1234 Ex
2337 1180 2422 1235 his
2442 1181 2616 1254 igitur
2637 1182 2951 1255 colligimus
2968 1184 3396 1254 Megasthenem
3416 1183 3494 1258 ζ’)
3509 1186 3715 1240 Seleuci

2151 1267 2462 1321 ministrum
2499 1266 2653 1339 apud
2681 1265 2989 1339 Sibyrtium
3017 1265 3145 1341 (ῃ),
3183 1269 3523 1324 Arachosia:
3553 1284 3717 1325 sau-a-

2149 1371 2278 1425 pam
2295 1393 2310 1420 ,
2341 1363 2616 1408 versat-um
2633 1395 2648 1421 ,
2678 1364 2846 1426 atque
2873 1354 3004 1408 hinc
3027 1355 3270 1429 legatum
3301 1358 3464 1430 regis
3491 1357 3566 1412 ad
3587 1359 3719 1413 San—

2152 1440 2475 1496 drocottum
2517 1441 2898 1495 Palimbothra
2939 1442 3160 1495 missurn
3204 1461 3355 1511 eme,
3398 1444 3584 1516 idque
3613 1464 3716 1499 non

2150 1530 2351 1600 semel,
2387 1527 2485 1582 sed
2508 1529 2706 1600 saepius
2722 1570 2739 1600 ,
2764 1529 2877 1582 sive
2895 1539 2961 1582 ut
2985 1527 3137 1583 dona
3163 1530 3394 1584 Seleuci
3419 1531 3714 1603 perferret,

2150 1616 2264 1669 sive
2309 1615 2426 1669 aliis
2463 1613 2536 1669 de
2576 1615 2752 1670 causis
2792 1614 3097 1688 quibusvis,
3139 1618 3223 1671 Ex
3256 1619 3499 1671 Arriani
3547 1620 3718 1674 verbis

2151 1702 2527 1775 Megasthenes
2577 1703 2742 1756 etiam
2785 1703 2996 1756 Porum
3041 1721 3234 1776 regem
3289 1704 3568 1773 adiisset,
3625 1709 3712 1778 qni

2149 1801 2405 1843 mortuus
2431 1788 2546 1860 jam
2574 1800 2656 1843 est
2695 1788 2784 1845 01.
2836 1779 3030 1857 115,4.'
3071 1789 3178 1860 317
3230 1809 3283 1845 a.
3325 1792 3392 1847 C.
3441 1791 3707 1869 (Diodor.

2149 1876 2312 1950 XIX,
2346 1883 2408 1940 14
2426 1871 2464 1952 ).
2495 1878 2629 1930 Haec
2648 1877 2819 1950 igitur
2840 1895 2958 1930 non
2978 1879 3334 1949 pertinerent
3357 1877 3434 1932 ad
3463 1890 3714 1953 tempora

2149 1964 2364 2018 Seleu'ci
2401 1965 2562 2036 regis.
2594 1964 2778 2018 Facile
2805 1963 2878 2018 ad
2907 1982 3144 2038 regnum
3173 1965 3494 2020 Alexandri
3525 1964 3718 2022 referri

2148 2061 2391 2123 possent.
2417 2049 2598 2122 quue
2628 2052 2873 2105 statuisse
2896 2051 3119 2106 videtur
3141 2052 3450 2107 Bohlenius
3483 2053 3504 2126 (
3526 2055 3718 2108 Indica

2149 2137 2199 2206 1,
2231 2155 2290 2209 p.
2327 2133 2456 2211 68),
2489 2155 2666 2208 quum
2684 2138 3094 2210 Megasthenem
3117 2157 3186 2193 ex
3207 2139 3530 2194 Alexandri
3551 2144 3720 2196 eomi-

2151 2224 2295 2277 tibus
2322 2222 2486 2277 fuisse
2523 2223 2679 2278 dicit.
2721 2228 2795 2279 At
2838 2243 3010 2279 nexus
3048 2228 3454 2280 sententiarum
3503 2228 3570 2282 id
3611 2248 3720 2282 non

2148 2309 2410 2363 admittit.
2495 2312 2636 2365 Nam
2681 2311 2820 2366 dicit
2867 2313 3135 2366 Arrianus
3181 2331 3194 2365 :
3247 2338 3270 2360 α
3329 2315 3721 2387 Megasthenes

2145 2395 2298 2451 haud
2327 2398 2562 2452 multum
2593 2396 2766 2454 Indiae
2792 2397 2990 2454 vidisse
3023 2418 3095 2453 m·
3085 2400 3160 2452 ihi
3189 2399 3614 2474 videtu1‚p1ns
3637 2414 3718 2456 ta-

2147 2503 2277 2538 men
2330 2485 2472 2539 vidit
2509 2504 2678 2557 quam
2720 2488 2952 2540 comites
2992 2486 3328 2553 Alexandri;
3375 2487 3719 2562 συγγενέσθαι

2146 2566 2247 2647 γὰρ
2278 2569 2657 2650 Σανδρακόττῳ
2676 2569 2814 2645 λέγει
2838 2593 2911 2648 τῳ
2874 2570 3158 2648 “asylo-etp
3186 2528 3394 2647 βασιλ-
3377 2575 3530 2628 ιτῶν
3542 2571 3720 2632 'huffl-

2147 2656 2235 2714 καὶ
2257 2655 2471 2737 Πώρῳ”
2444 2682 2518 2715 ετι
2528 2679 2709 2715 τουτου
2722 2658 2912 2732 μέζονι.
2932 2661 3188 2714 Diceres
3173 2662 3344 2734 igitur
3357 2680 3497 2716 eum
3518 2676 3715 2736 postea

2145 2747 2332 2800 nescio
2365 2765 2476 2818 qua
2517 2747 2809 2801 occasione
2849 2746 2922 2801 ad
2947 2749 3156 2801 Porum
3197 2749 3300 2802 iter
3345 2748 3582 2825 fecisse,
3611 2754 3712 2806 nid

2146 2831 2334 2906 inepta
2358 2833 2666 2888 verborum
2705 2835 2979 2888 sententia
3007 2845 3336 2907 corruptum
3367 2839 3572 2909 potius
3600 2858 3710 2894 &e

2145 2919 2333 2974 locum
2356 2920 2633 2976 suaderet.
2666 2923 2952 2977 Lassenius
2975 2918 3087 2994 (De
3105 2935 3332 2996 pentap.
3362 2942 3422 2997 p.
3452 2927 3556 2996 44}
3585 2928 3716 2981 Pori

2144 3009 2484 3062 mentionem
2507 3019 2716 3063 temere
2738 3009 2807 3064 ab
2832 3008 3021 3080 aliquo
3045 3007 3294 3063 additam
3321 3028 3438 3065 esse
3455 3014 3714 3084 suspin-

2147 3104 2254 3149 tur.
2272 3095 2510 3151 Praefero
2530 3094 2951 3150 Schwanbeckii
2969 3085 3440 3168 sententiam,'qui
3457 3101 3715 3155 scriben-

2146 3179 2281 3234 dum
2321 3200 2434 3236 esse
2462 3195 2648 3236 censet
2679 3200 2694 3239 τ
2720 3178 2811 3237 καὶ
2834 3178 3022 3260 Πώρου
3048 3177 3125 3237 ἔτι
3161 3179 3327 3259 τούτῳ
3357 3182 3564 3255 μέζονι.
3601 3188 3714 3241 Hae

2144 3266 2376 3323 admissa
2404 3269 2827 3338 emendatione,
2859 3271 3072 3341 optime
3106 3270 3294 3324 omnia
3321 3271 3678 3342 procedunt.

2222 3356 2462 3429 Tempus
2503 3374 2617 3428 quo
2646 3357 2987 3429 legationem
3023 3358 3112 3411 vel
3135 3357 3442 3430 legationes
3463 3359 3710 3424 obierit,

2143 3449 2200 3494 et
2219 3440 2488 3512 quamdiu
2507 3443 2566 3495 in
2580 3442 2740 3497 India
2767 3442 3011 3517 degerit,
3028 3444 3233 3497 certius
3249 3440 3475 3497 definiri
3492 3446 3710 3516 nequit.

2146 3527 2446 3583 Probabile
2463 3547 2600 3584 vero
2622 3540 2703 3584 est
2729 3541 2842 3584 tum
2865 3530 3094 3585 demum
3115 3531 3340 3584 missum
3357 3547 3504 3598 esse,
3538 3550 3712 3603 quum

2144 3612 2324 3668 foedus
2352 3624 2407 3667 et
2447 3616 2747 3670 amicitiam
2780 3617 2929 3670 inter
2954 3634 3011 3670 se
3046 3634 3204 3689 reges
3224 3614 3559 3686 junxerant.
3592 3619 3712 3671 lta—

2145 3717 2255 3771 que
2297 3719 2471 3772 quum
2514 3702 2952 3758 Sandrocottum
2999 3721 3177 3775 usque
3218 3702 3291 3757 ad
3332 3720 3552 3757 annum
3601 3702 3710 3757 288

2143 3804 2396 3859 regnasse
2420 3787 2667 3843 referant
2684 3830 2699 3857 ,
2741 3790 3122 3863 Megasthenes
3157 3789 3550 3845 Palimbothra
3573 3809 3710 3864 pro-

2145 3871 2318 3925 fectus
2339 3871 2488 3927 foret
2516 3874 2662 3929 inter
2688 3894 2818 3930 ann.
2857 3875 3140 3931 302-288.
3170 3875 3471 3934 Clintonus
3499 3877 3595 3949 (F.
3637 3879 3706 3932 11.

2144 3959 2259 4028 111,
2294 3977 2354 4031 p.
2404 3959 2550 4034 482)
2584 3963 2775 4035 paullo
2819 3975 2947 4017 ante
2975 3981 3186 4018 annum
3219 3961 3333 4018 302
3381 3963 3459 4020 ad
3507 3963 3706 4018 Indum

2144 4063 2335 4119 regem
2361 4049 2572 4102 venisse
2596 4059 2774 4121 putat.
2859 4052 3040 4120 Quam
3062 4050 3126 4102 in
3154 4051 3496 4105 sententiam
3520 4052 3705 4106 neseio

2207 4225 2250 4284 (*
2252 4227 2270 4285 )
2303 4226 2653 4286 megasthenem
2681 4230 2878 4276 Persam
2900 4240 3072 4290 genere
3102 4227 3247 4277 fuisse
3271 4227 3390 4277 dicit
3419 4229 3620 4278 Bolum.
3649 4231 3702 4278 D

2143 4293 2252 4344 alte
2283 4296 2467 4344 Indien
2503 4299 2557 4355 1,
2599 4310 2647 4359 p.
2695 4302 2776 4347 68.
2817 4297 2871 4348 id
2905 4311 3049 4347 nemo
3085 4297 3234 4347 tradit
3276 4303 3459 4360 praeter
3507 4299 3703 4348 Annum

2144 4365 2523 4427 Vites-mensem,
2549 4367 2792 4417 falsarium
2815 4368 2990 4429 istum,
3014 4380 3161 4430 quem
3191 4368 3458 4417 Bohlenius
3483 4372 3704 4430 sequutus

2143 4447 2244 4483 esse
2277 4434 2487 4484 videtur.
2538 4438 2724 4487 Nomen
2763 4451 2974 4501 gracum
3009 4451 3113 4487 esse
3143 4439 3295 4500 patet.
3355 4440 3695 4501 negant-eam

2143 4503 2384 4563 quendam
2412 4505 2772 4555 Chalcidensem
2799 4507 2882 4569 qui
2905 4520 3018 4555 eum
3049 4506 3284 4569 Hippocle
3310 4508 3514 4556 mmm
3533 4510 3701 4556 Cumas

2142 4571 2191 4619 in
2211 4573 2349 4621 ltalia
2378 4573 2643 4624 condidisse
2669 4575 2847 4638 fertur,
2870 4578 3107 4625 memorat
3138 4574 3317 4625 strabo
3343 4577 3403 4635 V,
3435 4589 3483 4638 μ
3504 4580 3608 4626 2⁴³-
3631 4575 3698 4625 et.

2143 4640 2353 4702 Velleius
2381 4646 2564 4692 Patere.
2588 4647 2638 4705 1,
2673 4648 2722 4693 4.

2206 4711 2292 4772 (**)
2332 4712 2568 4773 Sibyl-tius
2602 4714 2873 4763 Arachosiae
2907 4714 3163 4776 sati-apiani
3196 4713 3481 4764 obtinuerat
3515 4714 3696 4776 olymp.

2148 4785 2263 4844 ¹14,
2303 4788 2348 4831 2.
2385 4787 2506 4842 323,
2534 4786 2655 4832 teste
2682 4783 2892 4834 Diodoro
2922 4786 3108 4844 xvm,
3140 4790 3189 4843 3,
3216 4790 3275 4843 ὃς
3299 4784 3352 4833 in
3385 4785 3591 4846 satrapi-
3617 4795 3699 4830 m

2143 4852 2452 4901 confirmatus
2472 4853 2534 4901 ab
2553 4855 2803 4916 Antipatro
2823 4854 3041 4914 (Ari-ian.
3067 4856 3139 4902 De
3167 4855 3390 4902 sncceoe.
3417 4854 3549 4903 Alex.
3577 4852 3607 4914 ς
3638 4858 3691 4901 ιε

2143 4921 2219 4970 ed.
2241 4922 2403 4973 Didot.
2422 4924 2663 4981 )Eumeni
2697 4936 2748 4972 se
2774 4923 2990 4985 adiungit
3011 4925 3172 4984 (316),
3202 4922 3344 4972 Diod.
3375 4926 3515 4982 xlx,
3545 4926 3622 4980 u,
3640 4928 3696 4976 σς

2143 5005 2172 5041 a
2203 5005 2299 5052 quo
2329 4992 2379 5040 in
2416 4992 2651 5053 iudicium
2670 4996 2872 5042 vocatus
2895 4993 3007 5054 mga
3029 4993 3233 5041 salutem
3254 4995 3433 5073 quai-it
3457 4991 3556 5052 (id.
3577 4993 3694 5046 xlx.

2146 5067 2222 5121 23,
2250 5062 2324 5120 4).
2353 5064 2462 5110 Post
2495 5061 2681 5112 cladem
2710 5062 2935 5112 Eumenis
2968 5062 3237 5124 Antigonus
3264 5061 3308 5110 ei
3345 5059 3695 5125 Amy-raspidum

2145 5130 2580 5179 turbulentissimos
2614 5132 2883 5191 tradit(1d.
2904 5144 2949 5180 c
2985 5136 3077 5192 48,
3101 5133 3179 5191 a)
3212 5134 3387 5180 Postea
3423 5144 3477 5179 se
3509 5129 3692 5179 semen

2147 5199 2416 5259 adjunxisse
2440 5199 2598 5248 debet.
