3900 6042
282 597 500 654 Pn'mos
526 602 662 654 duos
703 616 861 670 reges
900 595 1051 670 apud
1082 600 1501 654 Eratosthenem
1542 611 1597 653 et
1641 603 1758 655 Ma-

198 689 512 742 nethonem
535 686 880 759 respondere
914 685 1021 739 sibi
1050 686 1374 740 nominibus
1404 688 1760 758 numerisque

196 784 375 849 patet.
402 777 655 829 Duorum
674 789 950 826 annorum
975 770 1289 825 differentia
1310 774 1367 825 in
1389 790 1570 845 regno
1582 772 1756 825 Atho-

204 862 315 914 this
340 861 495 915 haud
518 858 844 933 premenda.
873 887 951 900 -
974 856 1134 911 Idem
1161 859 1307 913 valet
1333 858 1407 912 de
1436 860 1593 913 annis
1619 860 1763 931 regis

203 951 377 1000 tertii.
396 945 566 1017 Quod
578 944 968 1001 Eratosthenes
987 961 1163 998 annos
1182 943 1279 1016 32,
1295 945 1559 1000 Manetho
1586 964 1762 1001 annos

207 1030 280 1085 31
318 1034 369 1086 ei
400 1032 628 1099 tribuit,
656 1033 731 1085 ita
769 1028 1193 1102 explicandum,
1223 1040 1288 1084 ut
1314 1031 1372 1083 in
1406 1032 1763 1086 monimentis

204 1117 481 1191 AEgyptiis
519 1118 682 1172 datos
708 1118 757 1172 ei
798 1126 1101 1171 statuamus
1136 1135 1313 1171 annos
1343 1116 1410 1171 31
1457 1127 1512 1171 et
1549 1137 1763 1173 menses

200 1206 399 1258 nescio
443 1215 604 1276 quot.
636 1205 817 1274 Quem
854 1221 1153 1256 numerum
1194 1204 1334 1257 alter
1361 1203 1437 1258 ad
1470 1203 1533 1257 31
1556 1244 1572 1269 ‚
1622 1206 1763 1259 alter

200 1288 284 1343 ad
315 1289 387 1343 32
411 1308 586 1343 annos
601 1306 865 1343 revocare
887 1289 1093 1361 potuit.
1118 1289 1421 1343 Nominum
1446 1289 1762 1345 differentia

202 1394 327 1429 non
372 1376 648 1431 miranda.
690 1377 831 1430 Nam
882 1393 1052 1447 quem
1092 1376 1481 1430 Eratosthenes
1520 1379 1763 1449 appellat

202 1462 513 1517 Athoelzem
540 1463 833 1516 secundum
852 1503 868 1529 ,
891 1462 936 1515 is
954 1471 1016 1515 ut
1040 1480 1073 1516 a
1094 1463 1289 1533 priore
1311 1480 1441 1534 rege
1465 1462 1763 1536 distingue·

204 1559 387 1614 retur,
419 1566 735 1621 cognomen
760 1547 970 1602 habere
1011 1547 1236 1614 debuit;
1268 1565 1582 1622 cognomen
1624 1567 1760 1604 vero

1552 467 2048 530 FRAGMENTA.
3277 489 3384 541 541

1930 716 2419 763 ERATOSTHENES.
2931 760 2938 765 .

2108 834 2250 871 t-v.
2532 779 2930 828 ΜΑΝΕΤΗΟΝΙΒ
2963 782 3270 831 DYNASTlA
3309 787 3342 832 1.

1868 963 1875 1125 ¹
1939 1027 1978 1073 Ι.
2017 1029 2190 1075 Menes.
2376 1032 2435 1075 62
2504 1032 2544 1073 1.
2580 1028 2757 1076 Menes.
3290 1037 3349 1079 62

1868 1132 1875 1233 Ι
1918 1123 1978 1169 11.
2012 1118 2264 1169 Athothes.'
2378 1125 2437 1167 59
2502 1124 2544 1165 2.
2579 1117 2818 1187 Athothis.
3295 1128 3350 1172 57

1892 1214 1973 1261 m.
2013 1209 2314 1261 Athothesll.
2378 1215 2435 1258 ³2
2498 1216 2544 1258 3.
2582 1210 3094 1277 Athothis-Kenkenes.
3291 1220 3341 1262 31

1866 1250 1875 1337 Ι
1900 1305 1977 1352 IV.
2013 1290 2226 1352 Miabies.
2382 1306 2438 1349 19
2498 1307 2544 1349 5.
2578 1302 2819 1363 Usaphaoe
2841 1302 2896 1363 (l.
2917 1304 3201 1365 Uenephes).
3293 1311 3345 1354 21

2023 1410 2026 1415 ·
2497 1395 2542 1440 4.
2577 1393 2824 1454 Uenephes
2919 1424 2926 1433 .
3171 1404 3229 1447 2³

2494 1489 2541 1531 6.
2578 1484 2783 1532 Miebaes
2809 1484 3119 1545 (Miebidos>.
3171 1493 3231 1536 26

2495 1582 2538 1623 Β.
2559 1575 2811 1625 Bieneches
2829 1576 3142 1638 (Bienephes).
3170 1585 3229 1628 26

1918 1676 1976 1722 v,
2012 1669 2246 1728 Sempsos.
2383 1671 2433 1715 18
2493 1670 2537 1715 7.
2574 1668 2887 1728 Semempses.
3297 1676 3347 1721 18

200 1635 385 1690 hocce
429 1645 546 1689 erat
590 1636 898 1699 Kencenes,
949 1633 1225 1705 siquidem
1272 1634 1602 1708 incorrupta
1648 1654 1759 1707 voit

201 1732 323 1788 est,
354 1739 537 1793 neque
565 1720 907 1775 exarandum
935 1722 1168 1792 potius-2
1201 1720 1534 1775 ken-clee-re
1573 1720 1762 1796 (Kon-

200 1805 444 1881 clzart's).
470 1836 548 1848 -
568 1808 787 1861 Nomen
799 1812 984 1879 quarti
1005 1807 1149 1879 regis
1161 1807 1563 1861 Eratosthenici
1588 1808 1758 1880 (Mia-

204 1894 354 1959 be'es‚·
386 1895 464 1949 sic
479 1895 629 1948 enim
650 1893 1007 1948 scribendum
1021 1911 1128 1966 pro
1148 1889 1385 1967 Διαὸιῆς,
1407 1895 1563 1965 quod
1585 1896 1756 1950 codd.

202 1979 491 2055 praebent)
525 1981 826 2053 respondet
848 1981 1097 2035 Miebe'do
1120 1998 1165 2034 s.
1196 1980 1445 2035 Miebaoe
1468 1983 1761 2037 Manetho-

205 2067 311 2123 nis.
357 2064 650 2121 Annorum
680 2069 899 2122 numeri
945 2067 1150 2122 diversi
1194 2078 1337 2122 sunt.
1382 2068 1547 2123 Haud
1589 2069 1762 2124 dubie

205 2161 399 2208 autern
444 2153 820 2209 Eratosthenis
859 2154 989 2208 anni
1036 2171 1105 2225 ¹9
1146 2154 1318 2208 latent
1364 2155 1422 2207 in
1450 2156 1609 2208 annis
1649 2159 1757 2224 2'0,

206 2257 355 2312 quos
378 2239 641 2293 Manetho
670 2239 866 2293 tribuit
888 2240 1007 2312 regi
1036 2241 1237 2311 quinto
1280 2239 1629 2312 Usaphaiclo.
1654 2244 1760 2296 Ve-

206 2342 307 2379 rus
331 2342 599 2379 numerus
638 2325 804 2379 suerit
847 2336 1018 2396 19¹l2,
1056 2327 1220 2380 sicuti
1267 2327 1418 2381 tertii
1458 2328 1605 2400 regis
1630 2329 1761 2382 anni

210 2410 423 2466 fuerint
443 2410 515 2465 30
530 2429 542 2448 ·
547 2422 613 2476 1,.
632 2413 787 2482 Quos
802 2413 1195 2467 Eratosthenes
1220 2415 1506 2468 revocavit
1524 2413 1595 2470 ad
1622 2432 1691 2487 ¹9
1706 2426 1763 2470 et

210 2496 287 2552 32
321 2496 426 2572 (z.
475 2493 895 2574 51),Manetho
935 2498 1007 2553 ad
1041 2517 1113 2553 2ο
1141 2511 1198 2554 et
1223 2500 1289 2554 31
1327 2499 1440 2573 (==
1490 2501 1628 2574 51).
1682 2533 1754 2546 -

209 2585 452 2655 Quintus
496 2602 597 2640 rex
655 2583 1029 2641 Eratosthenis
1078 2586 1414 2662 (Pemplzos)
1458 2590 1762 2663 respondet

208 2682 414 2726 octavo
462 2672 811 2727 Manethonis
852 2671 1273 2750 (Semempses).
1319 2678 1461 2732 Nam
1496 2696 1762 2735 numerus

207 2777 492 2813 annorum
525 2760 676 2815 idem
696 2770 777 2814 est
804 2760 956 2834 apud
980 2772 1284 2834 utrumque
1302 2803 1318 2831 ,
1358 2781 1542 2835 neque
1570 2767 1759 2818 nomi·

210 2847 302 2899 nis
321 2856 401 2900 est
427 2865 549 2918 quae
576 2846 755 2901 videri
784 2848 956 2919 possit
978 2846 1282 2905 diversitas.
1312 2850 1451 2904 Nam
1470 2868 1578 2921 pro
1608 2852 1762 2906 Pem-

207 2932 355 3005 phos
371 2932 727 2987 scribendum
751 2951 864 2988 esse
887 2933 1144 3006 Sempsos
1175 2933 1342 2989 docet
1370 2936 1758 3008 interpretatio

207 3020 480 3088 nominis3
508 3019 663 3091 quod
689 3037 865 3091 quum
882 3036 1058 3092 graece
1081 3037 1283 3074 sonare
1308 3019 1459 3074 dicat
1482 3015 1759 3095 Ἡρακλεί-

211 3106 325 3169 δης,
341 3105 498 3159 initio
511 3106 754 3158 nominis
768 3105 1080 3177 requiritur
1094 3106 1223 3160 Sem
1244 3104 1467 3180 (chous,
1500 3107 1723 3165 Chonsu
1738 3131 1758 3164 .-

211 3190 539 3263 Hercules),
561 3191 720 3245 sicuti
741 3191 802 3244 in
826 3192 1054 3245 nomine
1081 3193 1227 3266 regis
1247 3193 1319 3247 26
1347 3208 1362 3249 ε
1386 3194 1759 3267 Semphucra-

210 3287 320 3340 ees,
348 3271 405 3330 ’ὅ
442 3275 578 3331 ἐστιν
625 3273 891 3352 Ἡρακλῆς
924 3273 1300 3354 Ἁρποκράτη<.
1346 3280 1606 3354 Denique
1650 3300 1759 3354 pro

206 3362 482 3435 Semphos
515 3364 721 3418 rectius
757 3365 920 3419 etiam
953 3366 1239 3438 scripseris
1275 3366 1554 3439 Sempsos,
1604 3368 1760 3438 quod

210 3449 648 3504 Manethoniano
692 3450 1032 3523 Semempses
1070 3451 1271 3506 eodem
1312 3452 1485 3506 modo
1527 3471 1762 3526 respon-

208 3533 402 3603 deret,
431 3553 547 3607 quo
570 3537 836 3609 Rampses
860 3538 1166 3610 respondet
1208 3538 1423 3593 nomini
1451 3541 1755 3599 Ramesses,

210 3622 280 3677 V.
302 3621 626 3694 Jablonsky.
647 3641 736 3695 ap.
757 3625 981 3697 Vignol.
1014 3625 1226 3679 Chron.
1253 3626 1307 3679 11
1326 3666 1342 3691 ,
1364 3643 1424 3698 p.
1457 3626 1589 3699 739.

290 3707 459 3779 Quod
500 3710 697 3765 attinet
731 3712 1082 3765 Manethonis
1122 3730 1279 3784 reges
1331 3723 1468 3785 tres,
1516 3731 1760 3785 quorum

206 3795 364 3850 nulla
388 3796 541 3868 apud
560 3797 983 3852 Eratosthenem
1001 3799 1215 3852 mentio
1243 3795 1335 3865 fit,
1357 3816 1453 3853 eos
1470 3810 1569 3853 aut
1593 3802 1756 3856 simul

204 3884 341 3937 'cum
359 3893 562 3954 quarto
577 3901 707 3957 rege
727 3885 1104 3939 Eratosthenis
1125 3902 1377 3957 regnasse
1392 3887 1553 3940 statui
1568 3890 1758 3959 possit,

205 3982 309 4025 aut
335 3969 464 4024 ideo
485 3989 517 4024 a
543 3972 885 4026 Manethone
920 3984 1389 4027 commemoratos
1415 3992 1557 4042 esse,
1583 3986 1648 4029 ut
1673 3976 1758 4030 di-

207 4073 381 4109 versae
429 4074 552 4127 quae
598 4067 774 4111 essent
819 4056 891 4111 de
929 4059 1251 4113 nominibus
1303 4061 1572 4131 annisque
1617 4064 1761 4135 regis

207 4143 398 4212 quarti
434 4142 761 4198 traditiones
788 4143 1186 4201 indicarentur.
1226 4148 1306 4200 Ac
1328 4148 1606 4218 posterior
1632 4150 1760 4219 qui-

196 4226 345 4305 ‘dem
384 4230 652 4283 sententia
694 4247 761 4284 eo
805 4230 1160 4285 commendat
1193 4249 1278 4297 se,
1329 4232 1485 4303 quod
1531 4237 1759 4289 nomina

208 4315 361 4387 regis
386 4317 589 4387 quarti,
612 4318 795 4388 quinti
830 4328 888 4371 et
914 4319 1094 4372 octavi
1127 4316 1215 4389 (4.
1252 4318 1542 4392 Uenephes
1567 4339 1611 4376 s.
1643 4323 1699 4374 V
1695 4341 1759 4375 a·

208 4400 494 4472 vem-plus,-
517 4399 569 4457 5.
596 4400 887 4474 Usaphaes
910 4421 957 4459 s.
981 4402 1356 4475 Usaphaidos,·
1386 4404 1438 4457 8.
1458 4407 1761 4461 Bieneches

210 4485 566 4562 [Bienephes
592 4505 659 4542 ex
685 4487 833 4542 facili
870 4490 1286 4561 permutatione
1318 4491 1422 4544 litt.
1454 4510 1491 4566 χ
1527 4503 1583 4546 et
1616 4491 1688 4568 φ]
1715 4513 1757 4550 s.

206 4572 475 4627 Biemhes
494 4592 537 4629 s.
559 4574 613 4624 V
610 4570 822 4649 Ibestes)
841 4576 1059 4630 nonnisi
1073 4577 1237 4630 variae
1252 4576 1496 4647 ejusdem
1521 4581 1761 4635 nominis

209 4659 409 4712 formae
448 4678 560 4715 esse
587 4659 881 4729 videntia-3
912 4663 1057 4716 inter
1090 4680 1259 4736 regna
1303 4663 1538 4718 Miebidi
1574 4675 1759 4720 autem

208 4754 270 4799 et
297 4745 594 4800 Bieneches
619 4748 1011 4819 cognationem
1030 4747 1311 4819 quandam
1338 4748 1653 4805 traditionis
1672 4752 1759 4804 in-

213 4832 503 4886 tercedere
528 4833 657 4886 anni
684 4831 756 4886 26
773 4872 789 4899 ,
828 4835 927 4904 qui
954 4834 1243 4906 utriusque
1270 4852 1447 4909 regno
1482 4838 1756 4910 assignan-

208 4926 324 4983 tur,
352 4917 725 4973 subindicant.
751 4918 836 4974 Cf.
869 4919 1036 4976 infra.

291 5005 486 5075 Itaque
529 5005 574 5058 si
596 5004 1023 5079 chronologicas
1068 5007 1311 5061 rationes
1334 5018 1566 5080 spectaS,
1614 5009 1758 5064 Era-

208 5082 516 5136 tosthenica
546 5092 602 5136 et
657 5083 1085 5139 Manethoniana
1127 5086 1519 5158 componenda
1575 5085 1760 5141 forent

206 5169 289 5221 sie
316 5186 330 5220 t

2043 1815 2257 1862 Summa.
2298 1851 2309 1862 .
2352 1820 2434 1864 190

1928 2016 2077 2069 Num
2111 2016 2227 2087 ipse
2259 2016 2525 2071 Manetho
2567 2018 2641 2070 ita
2672 2035 2788 2070 rem
2845 2021 3198 2091 exposuerit,
3249 2039 3408 2078 sane—

1854 2119 2022 2173 quam
2057 2101 2260 2156 dubito
2285 2122 2299 2169 ;
2350 2103 2578 2175 ipseque
2607 2104 2912 2157 Bunsenius
2934 2103 3214 2160 dubitasse
3240 2107 3406 2163 vide·-

1854 2197 1945 2241 tur
1983 2206 2043 2259 p.
2075 2187 2169 2261 37,
2199 2189 2297 2242 ubi
2330 2189 2496 2255 dicit,
2532 2189 2808 2262 siquidem
2840 2190 3089 2247 criticam
3113 2192 3185 2246 ad
3223 2193 3405 2249 histo-

1852 2275 1991 2329 riam
2017 2276 2263 2329 attulerit
2292 2287 2506 2345 auctor,
2535 2296 2653 2331 non
2677 2276 2788 2331 253
2823 2276 2938 2350 (vel
2960 2277 3129 2353 263),
3155 2278 3253 2334 sed
3298 2280 3406 2338 188

1853 2380 2028 2416 annos
2054 2364 2248 2435 primae
2276 2362 2539 2435 dynastiae
2568 2364 2952 2437 assignandos,
2992 2367 3081 2419 vel
3129 2374 3279 2421 certe
3314 2367 3408 2422 al-

1851 2459 2030 2503 terum
2052 2467 2346 2503 numerum
2354 2449 2512 2519 juxta
2526 2451 2760 2504 alterum
2776 2451 3195 2506 memorandam
3218 2452 3407 2523 fuisse3

1851 2536 2052 2606 quodsi
2094 2554 2230 2589 vero
2261 2536 2426 2589 etiam
2456 2536 2619 2589 aliter
2665 2536 2925 2592 Manetho
2951 2539 3153 2611 egerit,
3192 2537 3407 2593 sontem

1852 2631 2036 2677 tamen
2054 2663 2070 2692 ,
2094 2621 2245 2677 unde
2267 2639 2364 2677 sua
2382 2600 2920 2695 scriptor'bauserit‚
2950 2641 3020 2678 eo
3049 2641 3165 2697 quo
3191 2623 3406 2679 dictum

1851 2720 1929 2764 est
1956 2710 2130 2764 modo
2157 2729 2278 2764 rem
2306 2709 2541 2764 voluisse
2567 2710 2822 2783 intelligi.

1928 2797 2016 2849 De
2037 2798 2264 2869 singulis
2289 2812 2296 2819 ·
2323 2795 2544 2867 rege'bus
2599 2814 2618 2847 :
2657 2814 2706 2849 1.
2750 2796 2963 2852 Mene-5.
3015 2797 3235 2851 Nomen
3288 2798 3408 2868 ejus

1850 2879 2104 2958 (MeNA)
2137 2884 2339 2956 legitur
2371 2883 2428 2935 in
2450 2883 2752 2937 Ramasseo
2802 2883 3041 2937 Thebaeo
3061 2924 3076 2951 ,
3111 2884 3209 2938 ubi
3244 2886 3406 2940 seriei

1851 2969 2074 3024 cuidam
2116 2988 2310 3043 regum
2369 2987 2576 3023 nomen
2600 2969 2776 3023 Menis
2802 2968 3111 3043 pra-figitur
3151 2968 3247 3043 (V.
3282 2973 3394 3026 Ro-

1848 3057 1968 3113 sell.
1995 3058 2153 3112 Mon.
2185 3068 2316 3113 scor.
2350 3066 2487 3109 tom.
2523 3057 2579 3124 1,
2607 3074 2667 3128 p.
2706 3056 2812 3110 123
2851 3068 2905 3111 et
2939 3076 2997 3129 p.
3039 3056 3223 3132 136),
3257 3068 3312 3112 et
3348 3060 3408 3113 in

1850 3142 2161 3217 fragmento
2185 3143 2733 3216 PapyriTurinensis.
2764 3143 2848 3198 Cf.
2890 3143 3115 3202 Boeckh.
3152 3162 3209 3217 p.
3261 3145 3405 3215 208;

1849 3232 2087 3288 Bunsen.
2118 3232 2209 3297 11,
2237 3249 2296 3304 p.
2333 3229 2428 3295 45.
2466 3232 2684 3284 Nomen
2725 3229 3120 3295 deducendum
3166 3250 3198 3286 a
3227 3231 3403 3286 verbo

1850 3335 1989 3385 men,
2033 3320 2070 3375 i.
2092 3337 2142 3372 e.
2170 3319 2414 3384 condere,
2431 3318 2698 3389 firmare‚·
2725 3318 3111 3372 Eratosthenes
3131 3319 3406 3391 interpre-

1853 3398 1999 3460 tatur
2022 3423 2036 3458 z
2069 3402 2270 3469 αἰώνιος
2286 3446 2302 3474 ,
2328 3415 2581 3460 aeternuS.
2607 3406 2690 3459 De
2718 3404 2921 3459 Graecis
2947 3405 3187 3459 nominis
3214 3406 3407 3461 formis

1849 3511 1903 3549 v.
1934 3511 2077 3565 quos
2100 3492 2289 3547 laudat
2314 3493 2491 3546 Baehr.
2529 3491 2602 3546 ad
2630 3489 2908 3547 Herodot.
2935 3492 3018 3559 11,
3044 3497 3101 3559 4,
3129 3510 3189 3565 Ρ.
3222 3492 3357 3558 483.

1929 3578 2012 3635 De
2037 3581 2200 3634 Mene
2242 3578 2578 3651 Memphidis
2617 3577 2915 3632 conditore
2942 3580 3247 3651 templique
3293 3582 3406 3635 He-

1848 3667 2042 3738 phaesti
2093 3676 2439 3721 exstructore
2485 3666 2614 3719 vide
2654 3665 2937 3721 Herodot.
2979 3667 3072 3736 11,
3103 3685 3206 3739 99,
3252 3667 3407 3739 cujus

1852 3755 2233 3808 narrationem
2259 3752 2532 3808 dilucidat
2564 3750 2885 3819 Bunsenius,
2917 3755 3013 3824 qui
3038 3754 3254 3808 Menem
3288 3756 3408 3827 pri·

1852 3859 2004 3893 mum
2029 3841 2159 3894 This
2189 3840 2345 3894 urbis
2372 3841 2712 3913 principem,
2741 3838 2947 3893 deinde
2976 3841 3146 3894 totius
3175 3840 3404 3914 AEgypti

1850 3944 2038 3999 regem
2061 3925 2222 3980 fuisse
2245 3927 2460 3993 statuit,
2493 3928 2567 3980 ita
2587 3937 2650 3979 ut
2663 3925 2790 3979 anni
2809 3925 2963 3997 regni
2984 3927 3263 3998 sexaginta
3285 3927 3402 3982 duo

1850 4012 2016 4064 etiam
2047 4029 2110 4066 ea
2143 4022 2394 4084 tempora
2438 4012 2642 4083 quibus
2668 4010 2887 4063 nonnisi
2912 4012 3104 4082 patriae
3142 4013 3405 4087 princeps

1850 4096 2037 4166 suerit,
2062 4098 2556 4171 comprehendant.
2572 4094 2802 4171 Regiam
2813 4115 2948 4150 vero
2971 4099 3024 4151 M
3031 4115 3191 4152 enem
3202 4099 3260 4152 in
3275 4100 3406 4155 This

1849 4183 1994 4237 urbe
2027 4184 2281 4239 habuisse
2296 4225 2311 4249 ,
2342 4203 2517 4256 quum
2539 4182 2685 4237 filius
2703 4183 2929 4237 demum
2953 4184 3213 4239 Athothis
3236 4186 3405 4241 Mem·

1848 4268 2035 4340 phidis
2076 4268 2312 4344 βασίλεια
2346 4270 2690 4325 exstruxerit.
2731 4300 2807 4310 —
2853 4269 3000 4321 Num
3046 4268 3280 4340 denique
3329 4272 3401 4326 ab

1849 4354 2258 4428 hippopotamo
2273 4357 2487 4429 primus
2499 4374 2594 4412 rex
2613 4355 2907 4410 devoratus
2927 4374 3031 4410 esse
3056 4366 3198 4410 recte
3213 4358 3401 4430 perhi-

1848 4440 2065 4514 beatur,
2096 4440 2344 4510 dubitat,
2371 4461 2545 4514 quum
2576 4443 2731 4515 signa
2758 4442 3174 4515 hieroglyphica
3206 4461 3404 4516 perpe—

1849 4544 1969 4581 ram
1989 4528 2258 4583 intellecta
2276 4546 2462 4583 ansam
2483 4528 2774 4584 traditioni
2794 4528 2924 4583 huic
2953 4528 3158 4583 dedisse
3176 4529 3404 4585 videan-

1851 4612 2050 4690 tur(v.
2093 4633 2224 4688 pag.
2267 4615 2379 4684 62,
2424 4616 2526 4670 ubi
2557 4616 2795 4670 aliorum
2839 4633 3062 4687 quoque
3102 4615 3170 4671 de
3196 4616 3300 4671 hac
3342 4635 3403 4672 re

1847 4703 2131 4757 sententias
2150 4701 2356 4757 indicat
2370 4702 2411 4778 ).

1928 4806 1985 4842 2.
2041 4787 2297 4842 Athothis
2335 4807 2538 4843 nomen
2572 4799 2698 4862 post
2726 4787 2934 4845 Menem
2973 4790 3100 4845 item
3133 4803 3403 4847 memorat

1847 4893 2094 4948 papyrus
2131 4875 2443 4931 Turinensis
2489 4873 2565 4949 (A
2603 4876 2723 4930 TeT
2748 4877 2832 4931 vel
2871 4872 3039 4952 TeT).
3087 4878 3400 4932 Restituen-

1850 4963 1985 5018 dum
2010 4961 2377 5036 probabiliter
2402 4962 2701 5033 Bunsenius
2722 4972 2897 5017 censet
2913 4962 3063 5034 apud
3089 4963 3288 5017 AElian.
3319 4964 3394 5022 Η.

1851 5053 1922 5105 Α.
1952 5050 2065 5117 XI,
2118 5055 2191 5114 40
2210 5089 2224 5117 ,
2255 5050 2354 5103 ubi
2387 5067 2401 5104 ε
2433 5044 2590 5125 Λέγει
2614 5045 2668 5104 δὲ
2693 5049 2721 5103 δ
2745 5045 2895 5111 αὐτὸς
2925 5048 3028 5122 (sc.
3058 5045 3278 5123 Ἀπίων)
3307 5048 3402 5117 καὶ,

1854 5131 1992 5190 κατὰ
2019 5133 2105 5190 τὸν
2144 5132 2330 5192 olma
2358 5134 2426 5209 (l.
2460 5134 2579 5191 κατ’
2615 5131 2886 5207 Ἀτώθιδα)
2916 5132 3003 5191 τὸν
3034 5131 3259 5203 Μήνιδος
3296 5136 3394 5209 βα-

1852 5218 2118 5277 σιλεύοντα
2161 5219 2429 5300 δικέφαλον
2461 5218 2675 5299 γέρανον
2712 5223 2967 5299 φανῆναι,
3009 5218 3098 5278 καὶ
3126 5219 3394 5292 εὗθινῆσαι
