3900 6042
1360 482 1365 491 ·
1482 450 1980 511 PRAGMENTA.

224 592 351 664 Qua
372 589 456 644 vel
476 588 552 643 sic
578 583 890 642 intercedat
920 587 1067 640 inter
1094 595 1348 664 auctum
1372 583 1689 639 differentia

154 691 208 744 et
238 679 495 734 dissensus
515 693 584 731 ex
611 664 947 747 ipsa'tabula
968 674 1216 747 colligas.
1259 673 1584 729 Accuratius
1617 670 1689 725 de

154 767 233 821 his
269 765 503 838 disputat
536 761 869 830 Bunsenius,
913 758 987 815 ad
1019 778 1190 832 quem
1229 760 1499 814 lectorem
1536 757 1689 813 rele-

217 870 344 907 mus.

153 871 381 1009 gaQuod
396 935 640 1009 singulos
658 932 826 1005 hujus
847 931 1113 1005 dynastiae
1133 950 1293 1006 reges
1317 933 1535 1006 attinet,
1557 949 1689 986 mo-

152 1034 399 1087 numenta
436 1021 686 1095 probant
735 1020 838 1075 sub
885 1037 1063 1094 reguo
1103 1019 1391 1074 Sesortesis
1423 1023 1596 1091 primi
1634 1026 1691 1072 et

152 1121 285 1175 artes
320 1109 571 1183 inprimis
596 1106 850 1163 floruisse
882 1118 1050 1180 atque
1073 1106 1346 1162 ditionem
1368 1107 1516 1161 ultra
1553 1103 1693 1160 fines

151 1199 361 1271 AEfflpti
388 1215 495 1271 per
515 1194 756 1251 Nubiam
776 1195 1018 1266 aliasque
1044 1194 1304 1268 regiones
1322 1194 1530 1248 vicinas
1549 1209 1688 1265 per-

150 1285 357 1339 tinuisse
382 1283 465 1358 (v.
500 1284 742 1339 Bunsen.
772 1300 825 1351 Ρ.
859 1279 1046 1353 307.).

218 1371 503 1426 Sesortoeis
542 1369 809 1424 secundus
847 1378 929 1423 est
975 1367 1195 1423 celeber
1238 1366 1331 1421 ille
1377 1384 1479 1421 rex
1522 1384 1691 1438 quem

147 1458 312 1515 Graeci
359 1457 632 1512 Sesostrin
676 1454 864 1509 dicere
905 1455 1105 1509 solent.
1144 1450 1406 1508 Manetho
1423 1494 1441 1526 ‚
1489 1463 1690 1526 utpote

152 1546 457 1618 AEgyptius,
478 1543 706 1598 nomine
725 1541 1046 1597 Graecanico
1071 1552 1296 1597 eatenus
1318 1552 1537 1596 tantum
1562 1558 1692 1595 usus

148 1632 336 1701 suerit,
371 1641 647 1703 quatenus
690 1628 1074 1684 demonstrare
1108 1627 1320 1683 studuit
1363 1628 1437 1684 ad
1476 1629 1692 1683 huncce

147 1717 393 1789 dynastiae
418 1716 770 1772 duodecimae
787 1733 1004 1789 regem,
1028 1734 1147 1770 non
1175 1733 1314 1771 vero
1353 1715 1425 1770 ad
1452 1717 1692 1770 Ramsen

146 1804 395 1875 dynastiae
425 1803 852 1859 undevicesimae
869 1842 886 1871 ,
909 1802 1008 1874 qui
1034 1802 1188 1857 haud
1212 1803 1291 1858 ita
1310 1803 1550 1857 multum
1564 1813 1692 1857 ante

144 1892 395 1947 Troicum
418 1891 633 1945 bellum
653 1890 822 1957 vixit,
851 1888 1144 1944 referenda
1175 1907 1311 1958 esse,
1339 1907 1463 1963 quae
1490 1889 1562 1945 de
1579 1891 1691 1945 Se-

145 1976 369 2032 sostride
394 1976 551 2051 apud
574 1976 797 2032 Graecos
835 1974 1349 2033 circumferrentur.
1391 1975 1533 2033 Cum
1573 1977 1688 2030 Ma·

142 2064 477 2129 nethoniana
504 2061 801 2131 traditione
836 2061 1211 2117 conferendus
1244 2073 1327 2117 est
1363 2063 1695 2135 Apollonius

142 2149 408 2217 Rhodius,
430 2151 535 2222 qui
560 2149 621 2204 in
636 2151 851 2223 Argon.
869 2151 963 2219 lv,
992 2148 1105 2222 259
1127 2167 1253 2223 sqq.
1282 2149 1354 2204 de
1369 2149 1692 2219 Sesostride‚

144 2237 239 2303 etsi
274 2253 404 2301 non
432 2236 737 2307 nominato,
751 2253 882 2309 rege
904 2276 921 2305 ,
963 2237 1041 2292 ita
1072 2236 1348 2309 loquitur,
1374 2246 1439 2291 ut
1465 2236 1695 2310 expedi·

143 2324 313 2379 tiones
355 2323 481 2396 ejus
524 2323 796 2395 urbesque
834 2340 940 2396 per
981 2324 1166 2379 Asiam
1221 2322 1473 2378 conditas
1511 2325 1699 2379 multis

137 2410 327 2469 seculis
344 2411 694 2483 antiquiores
711 2426 823 2465 esse
844 2409 1196 2483 navigatione
1220 2412 1593 2484 Argonautica
1611 2413 1694 2465 in·

140 2488 478 2563 telligantur.
508 2488 766 2544 Ceterum
794 2487 865 2543 de
893 2487 1219 2543 confusione
1246 2489 1567 2544 Sesostridis
1593 2490 1698 2564 dy·

137 2577 318 2648 uastis}
340 2577 551 2643 tertiae,
582 2576 936 2650 legislatoris,
966 2585 1133 2649 atque
1155 2577 1342 2631 Nostri
1367 2588 1426 2632 et
1454 2579 1697 2633 Rames-

134 2661 449 2735 sisdynast.
484 2663 625 2721 xlx
649 2663 780 2717 vide
807 2664 1043 2719 Bunsen.
1068 2681 1131 2736 p.
1163 2661 1277 2736 319
1303 2681 1428 2737 sqq.
1462 2667 1544 2719 Ac
1585 2664 1699 2737 ipse

140 2749 362 2807 sortasse
388 2750 785 2807 Eratosthenes
813 2768 931 2803 non
966 2748 1039 2805 de
1065 2750 1501 2806 Manethoniano
1530 2769 1692 2826 rege,

136 2836 232 2906 sed
255 2838 326 2893 de
349 2857 420 2893 eo
441 2880 461 2907 ‚
493 2856 662 2911 quem
684 2837 861 2893 Graeci
888 2848 1190 2905 noverant,
1219 2838 1525 2894 Sesostride
1544 2841 1698 2913 cogi·

140 2925 292 2985 tavit.
318 2957 397 2967 —
430 2924 606 2997 Quod
632 2925 890 2981 Sesostris
907 2935 1097 2979 noster
1121 2943 1251 2980 cum
1266 2925 1501 2984 osiride
1537 2944 1699 2981 com-

136 3018 392 3091 ponitur,
425 3018 493 3072 id
536 3018 613 3073 ita
632 3015 1028 3089 explicandum
1064 3033 1178 3070 esse
1204 3016 1449 3086 videtur,
1481 3028 1546 3071 ut
1571 3028 1701 3090 post

135 3104 447 3174 Osiridem,
505 3105 605 3176 qui
650 3121 874 3159 omnem
920 3101 1120 3158 orbem
1140 3113 1415 3159 terrarum
1454 3104 1699 3179 subegit,

132 3191 318 3247 nullus
374 3190 552 3246 fuerit
600 3208 702 3246 rex
755 3191 1082 3264 AEgyptius‚
1130 3190 1227 3263 qui
1274 3191 1456 3266 gloria
1502 3192 1703 3251 bellica

132 3295 260 3333 eum
280 3279 610 3354 aequaverit.
631 3277 800 3350 Quod
815 3276 887 3333 de
900 3287 1107 3333 statura
1126 3279 1273 3353 regis
1298 3277 1530 3339 affertur
1550 3282 1705 3356 apud

132 3366 476 3435 Eusebium,
512 3384 687 3439 quum
736 3366 799 3421 in
828 3364 1096 3421 Africano
1141 3367 1427 3440 Syncellus
1451 3387 1571 3425 non
1614 3370 1702 3425 le-

130 3453 270 3525 gisse
299 3454 589 3522 videatur,
619 3452 846 3508 fortasse
869 3470 939 3508 ex
960 3452 1261 3511 Herodoto
1287 3455 1349 3509 in
1365 3453 1581 3511 fontem
1597 3457 1704 3511 Eu-

131 3539 272 3603 sebii
316 3541 542 3596 illatum
586 3551 668 3595 est
702 3538 970 3617 (Bunsen.
1015 3558 1072 3613 p.
1128 3524 1238 3596 3‘22
1255 3540 1296 3616 ).
1339 3542 1705 3599 Monumenta

131 3624 301 3699 hujus
340 3628 509 3703 regni
537 3625 845 3683 admodum
884 3644 1031 3681 rara.
1077 3627 1270 3683 Unum
1300 3638 1485 3683 tamen
1497 3647 1703 3703 super-

134 3725 247 3782 est,
297 3732 423 3786 quo
450 3728 455 3733 ·
478 3714 724 3787 populus
747 3713 1001 3768 virorum
1022 3723 1243 3768 staturae
1283 3731 1534 3786 procerae
1560 3716 1707 3772 alhi-

131 3817 245 3871 que
271 3799 523 3867 coloris,
550 3809 836 3871 tamquam
862 3798 1112 3855 devictus
1133 3818 1167 3855 a
1196 3818 1329 3875 rege
1349 3841 1367 3871 ,
1395 3818 1705 3875 repraesen-

132 3896 288 3941 tatur
312 3884 517 3965 (Buns.
549 3903 609 3959 p.
635 3883 800 3961 323).

211 3974 770 4030 Mares-Amenemes
800 3972 914 4040 111,
945 3971 1059 4026 sive
1093 3972 1379 4028 Ila-mma
1419 3976 1706 4029 Anemen-

130 4059 250 4129 the,
280 4059 599 4133 labyrinthi
631 4068 962 4126 exstructor,
990 4058 1143 4133 apud
1174 4060 1569 4115 Manethonem
1602 4078 1708 4116 au-

131 4147 219 4221 dit
240 4150 527 4217 Lamares
551 4146 898 4222 (Lampares.
931 4145 1270 4222 Lachares).
1297 4147 1465 4220 Quod
1481 4166 1708 4217 nomen,

128 4236 435 4301 Bunsenio
486 4233 704 4306 judice,
748 4235 819 4289 ab
865 4228 1009 4307 ipso'
1033 4235 1353 4307 labyrintho
1403 4237 1463 4291 in
1518 4253 1709 4309 regem

129 4323 478 4377 translatum
531 4319 777 4376 videtur.
831 4320 1054 4376 Scilicet
1103 4321 1450 4392 labyrinthus
1495 4321 1706 4378 dictum

130 4408 314 4465 fuerit
338 4409 647 4475 Romae-es,
673 4406 712 4471 i.
742 4425 791 4464 e.
824 4417 1015 4481 porta,
1042 4406 1242 4462 domus
1272 4408 1533 4477 maridis,
1558 4408 1711 4463 unde

129 4495 391 4551 evaserit
421 4492 682 4566 deinceps
707 4495 991 4549 Lamares.
1012 4492 1272 4549 Diodoro
1296 4496 1352 4562 1,
1380 4494 1451 4549 61
1480 4512 1579 4549 rex
1616 4494 1712 4550 di-

127 4583 291 4636 citur
306 4581 531 4635 Mam..-
553 4580 644 4633 vel
667 4580 924 4645 Mart-us,-
957 4579 1106 4633 idem
1135 4579 1192 4646 1,
1217 4597 1290 4651 97
1326 4580 1490 4654 (coll.
1519 4583 1580 4652 1,
1606 4579 1708 4655 89)

127 4668 207 4723 ab
230 4668 367 4723 aliis
390 4666 619 4721 Marum
638 4684 846 4740 regem,
868 4665 939 4719 ab
962 4665 1082 4720 aliis
1098 4665 1360 4720 Mendem
1385 4662 1443 4739 (i.
1471 4683 1518 4721 e.
1539 4671 1712 4721 Ame-

126 4750 391 4829 nemhe)
421 4754 532 4808 dici
554 4752 745 4811 tradit.
765 4751 935 4826 Apud
960 4752 1293 4807 Strabonem
1317 4754 1578 4826 Epitome
1611 4755 1714 4809 ha·-

130 4842 237 4897 bet
266 4834 555 4915 Μαΐνδης,
598 4851 781 4896 textus
822 4849 1012 4895 noster
1054 4837 1296 4914 Ἰμάνδης
1340 4849 1395 4895 et
1434 4836 1715 4914 ’Ῑσμάνδης

132 4927 533 5001 (cLBunsen.
559 4929 636 5007 II.
662 4927 874 5000 praefat.
901 4945 963 5001 p.
987 4924 1092 5004 X).
1124 4928 1464 5001 Corruptum
1492 4927 1718 4983 Maridis

3225 460 3254 509 5
3264 458 3342 510 3⁴5

1777 582 2046 655 byrintho
2122 599 2215 637 use
2265 581 2479 637 disserit
2523 584 2762 637 Bunsen.
2808 599 2865 654 p.
2935 580 3216 650 327-340.
3261 610 3339 622 —-·

1777 669 1949 741 Quod
1990 669 2062 724 de
2101 666 2527 742 Scemiophride
2575 668 3085 742 (Sebeknophricle,
3116 679 3182 721 ut
3203 671 3340 723 scri-

1777 755 2027 811 bendum
2048 764 2209 828 putat
2228 755 2443 828 Fruin.)
2468 773 2652 810 sorore
2669 773 2761 827 ap.
2787 755 3180 809 Manethonem
3201 754 3343 809 Afri-

1778 843 1903 896 cani
1933 843 2119 915 legere
2144 852 2254 914 est,
2274 858 2525 897 errorem
2558 859 2672 896 esse
2696 853 3101 913 excerptorum
3128 842 3344 895 Buuse-

1780 928 1904 981 nius
1928 938 2110 1001 putat.

2055 1087 2335 1145 DECIMA
2373 1085 2650 1144 TERTIA
2687 1086 3072 1145 DYNASTIA.

2516 1230 2608 1285 38.

2118 1353 2516 1409 SECUNDUM
2557 1353 3014 1409 AFRICANUM.

1859 1483 2145 1555 syncellus
2159 1500 2222 1555 p.
2244 1482 2342 1551 61,
2357 1486 2405 1537 A
2428 1478 2880 1559 τΤρισκαιδικᾶτη
2895 1478 3169 1537 δυναστεία
3190 1486 3346 1540 Διοσ-

1779 1569 2004 1625 πολιτῶν
2030 1565 2286 1645 βασιλέων
2329 1565 2391 1638 ξ’,
2430 1564 2482 1625 οἳ
2534 1564 2879 1625 ἐὸασίλευσαν
2914 1565 3006 1636 ἔτη
3054 1565 3166 1644 υνγ’
3217 1566 3239 1644 [
3266 1569 3345 1623 sic

1779 1655 1907 1716 cod.
1927 1658 2004 1725 B;
2031 1653 2146 1731 ρπδ’
2166 1655 2296 1715 cod.
2328 1655 2376 1713 A
2401 1664 2456 1709 et
2482 1655 2675 1724 Goar.,
2701 1656 2799 1728 qui
2823 1654 3053 1727 quid-em
3081 1673 3350 1724 numerus

1779 1761 1848 1798 ex
1867 1752 2132 1816 sequente
2154 1742 2288 1815 dyu.
2313 1743 2424 1797 huc
2450 1732 2862 1817 aberraverit}¹

2517 1869 2607 1944 39.

2155 1994 2556 2053 SECUNDUM
2597 1995 2982 2053 EUSESIUM.

1863 2121 2066 2177 Euseb.
2096 2121 2303 2179 Chron.
2355 2141 2412 2195 p.
2453 2141 2531 2197 99
2564 2141 2578 2177 ε
2611 2124 2801 2177 Tertia
2825 2123 3050 2177 decima
3087 2122 3358 2193 dynastia.

1783 2209 2219 2283 Dios-politanam
2275 2211 2390 2264 LX
2434 2229 2625 2283 regum
2640 2250 2656 2278 ,
2700 2215 2798 2283 qui
2850 2221 3151 2281 regnarunt
3187 2214 3353 2262 annis

1787 2296 2146 2353 CCCCLIII
2169 2295 2318 2369 (454
2358 2294 2704 2371 Samuelis.)

1865 2383 2134 2439 Eusebius
2175 2384 2417 2457 Syncelli
2447 2384 2522 2439 ad
2547 2384 2784 2441 verbum
2815 2382 3010 2438 eadem
3050 2382 3222 2437 habet
3261 2393 3346 2436 at-

1788 2487 1899 2543 que
1925 2468 2237 2529 Africanus.

1867 2550 1935 2602 In
1960 2550 2245 2622 Excerptis
2284 2549 2550 2604 Barbaris
2572 2550 2703 2604 loco
2728 2547 3066 2603 duodecimo
3108 2545 3349 2619 ponitur

1781 2645 2025 2709 potestas
2052 2636 2489 2689 Bubastanomm
2534 2653 2665 2689 cum
2686 2636 2844 2690 annis
2877 2634 3056 2690 CLIII
3098 2631 3344 2707 (4531’).

1787 2722 1922 2792 Quae
1948 2721 2059 2775 huc
2082 2719 2309 2776 fortasse
2330 2720 2626 2776 referenda
2647 2731 2744 2777 est.
2764 2723 2829 2777 V.
2852 2720 3082 2775 Boeckh.
3110 2737 3169 2793 p.
3211 2717 3343 2774 156.

1867 2807 1959 2862 Ad
1979 2807 2125 2863 hanc
2156 2807 2464 2881 dynastiam
2493 2807 2803 2863 Buusenius
2845 2808 3128 2881 pertinere
3167 2815 3354 2861 censet

1792 2894 2172 2951 Eratosthenis
2197 2912 2356 2970 reges
2381 2905 2716 2969 postremos.

2527 3027 2644 3087 ιἰῡο,

2278 3149 2866 3210 EmnsTHENEs.

1869 3277 2158 3352 syncellus
2178 3275 2498 3353 chronogr.
2529 3297 2590 3352 p.
2634 3278 2740 3334 123
2769 3298 2783 3332 :

1873 3365 2132 3424 XXXVI.
2179 3362 2432 3432 Θηὸαίων
2457 3361 2542 3432 λς’
2561 3361 2864 3421 ἐὸασίλευσε
2882 3360 3125 3442 Σιφόας
3155 3359 3350 3440 (Buns.

1795 3451 2000 3530 Σιφθᾶ
2016 3450 2099 3527 ς),
2131 3448 2193 3527 [ὁ
2234 3448 2324 3506 καὶ
2372 3447 2613 3529 Ἑρμῆς]
2661 3448 2767 3516 υἱὸς
2808 3447 3128 3529 Ἡφαίστου,
3168 3445 3260 3519 ἔτη
3294 3445 3354 3505 s‘.

1792 3538 1902 3597 Τοῦ
1928 3535 1984 3594 δὲ
2013 3536 2209 3612 κόσμου
2238 3528 2302 3605 ἦν
2321 3534 2430 3605 ἔτος
2452 3535 2629 3615 ,γωπΝ

1869 3625 2142 3684 XXXVI.
2219 3622 2318 3700 (P.
2382 3624 2550 3699 147.)
2601 3622 2859 3694 Θηὸαίων
2906 3624 2983 3691 λζ’
3053 3621 3356 3681 ἑὸασίλευσε

1795 3715 1854 3774 Φ
1871 3732 2022 3790 ρουο
2037 3712 2124 3789 pas
2163 3711 2370 3786 (Buns.
2403 3707 2656 3788 Φουορῶ)
2678 3709 2792 3781 ἤτοι
2815 3712 3015 3785 Νεῖλος,
3040 3709 3127 3782 ἔτη
3153 3709 3194 3768 t'
3217 3714 3356 3785 (scr.

1797 3802 1858 3863 ιθ’
1873 3802 1913 3881 ).
1942 3803 2056 3859 Τοῦ
2085 3798 2139 3856 δὲ
2159 3798 2356 3870 κόσμου
2380 3788 2444 3870 ἦν
2469 3796 2580 3864 ἔτος
2600 3797 2855 3876 'ymmone'
2888 3798 3021 3874 (scr.
3046 3797 3294 3876 ,γωγωζῖ
3313 3796 3354 3875 ).

1878 3888 2177 3953 XXXVII.
2223 3884 2478 3957 Θηὸαίων
2501 3887 2587 3956 λη’
2634 3884 2938 3944 ἐῦασίλευσε
2961 3883 3359 3963 Ἀμουθαρταῖος

1798 3979 1993 4054 (nans.
2035 3970 2447 4051 Ἀμυντιμαῗος),
2468 3969 2559 4042 ἔτη
2589 3970 2680 4048 E(-
2708 3974 2759 4032 Τ
2761 3976 2818 4029 οῦ
2853 3970 2907 4029 δὲ
2930 3969 3127 4045 κόσμου
3154 3960 3221 4041 ἦν
3250 3968 3359 4036 ἔτος

1846 4072 1929 4121 ‘7³22
1964 4059 2001 4121 '.

1798 4086 1845 4142 ’Υ
1877 4085 2100 4228 Σιγφθᾶς,
2149 4150 2189 4203 i.
2236 4167 2286 4206 e.
2336 4128 2587 4222 si-pfah,
2633 4144 2780 4201 filius
2824 4147 3125 4219 Hephaesti.
3176 4144 3360 4201 Verba

1798 4240 1825 4294 ὁ
1852 4236 1941 4294 καὶ
1969 4232 2173 4312 Ἑρμῆς
2190 4236 2296 4290 nisi
2322 4235 2590 4309 glossema
2613 4242 2761 4301 sunt,
2784 4244 2914 4305 post
2937 4231 3044 4296 υἱὸς
3066 4229 3358 4309 Ἡφαίστου

1805 4323 2095 4400 ponenda.
2125 4352 2202 4366 -—
2230 4322 2472 4396 Φουορῶ,
2489 4322 2527 4375 i.
2546 4319 2827 4394 &ph-ior,
2866 4321 2895 4375 ὁ
2918 4318 3123 4384 Νεῖλος.
3149 4320 3360 4375 —No-
3385 4392 3390 4396 ᾗ

1807 4426 1938 4467 meu
1967 4411 2115 4483 regis
2139 4410 2408 4482 postremi
2430 4404 2793 4482 Ἀμυντιμαῖος
2826 4406 2898 4480 (i.
2918 4426 2970 4462 e.
2993 4408 3067 4461 ab
3093 4407 3356 4475 Ama-nte,

1812 4497 2102 4553 Ammonis
2111 4513 2306 4563 uxore,
2320 4495 2486 4549 datus
2497 4495 2534 4567 ),
2544 4494 2763 4568 scripsit
2774 4495 3095 4550 Bunsenius.
3108 4491 3364 4549 Stamens

1801 4587 1952 4640 enim
2003 4584 2203 4638 seriem
2245 4582 2723 4653 Eratosthenicam
2743 4623 2758 4649 ,
2805 4582 3027 4655 qualem
3075 4581 3362 4654 Syncellus

1803 4669 1982 4733 dedit,
2007 4671 2290 4742 pertinere
2304 4686 2480 4741 usque
2501 4667 2573 4722 ad
2597 4679 2811 4741 tempus
2855 4687 2970 4740 quo
3008 4678 3168 4723 vetus
3194 4669 3362 4742 AEgy·

1801 4759 2048 4831 ptiorum
2072 4775 2308 4832 reguum
2325 4755 3018 4812 aPastoribusdissolutum
3041 4766 3140 4823 est,
3157 4773 3364 4811 nomen

1803 4846 1950 4918 regis
1989 4846 2257 4917 postremi
2293 4862 2324 4900 e
2369 4844 2618 4916 Josepho
2655 4842 2968 4898 eruendum
3013 4860 3127 4898 esse
3176 4853 3360 4916 putat.

1806 4932 2028 4987 Scilicet
2054 4950 2231 5004 quum
2270 4930 2343 4986 de
2373 4941 2662 5003 pastorum
2683 4931 2969 4984 invasione
2987 4929 3223 5001 loquens
3242 4930 3366 4984 Ma-

128 5031 367 5069 nomen
400 5015 566 5069 etiam
588 5013 739 5088 apud
774 5016 1014 5070 Plinium
1042 5032 1156 5070 esse
1182 5014 1405 5070 videtur
1430 5016 1489 5069 in
1533 5016 1604 5071 H.
1646 5015 1715 5075 N.
1812 5017 1986 5073 netbo
2006 5035 2097 5090 ap.
2130 5017 2358 5090 Joseph.
2389 5016 2455 5072 C.
2487 5018 2696 5089 Apion.
2720 5014 2907 5070 dicat:
2944 5012 3188 5089 Ἐγένετο
3215 5017 3362 5090 βασι-

128 5099 439 5169 XXXVI,
467 5118 512 5154 c.
553 5100 644 5171 13,
664 5101 765 5156 ubi
786 5103 991 5175 Lyceas
1002 5102 1317 5157 Naucratita
1340 5101 1720 5173 labyrinthum
1808 5100 1922 5167 λεὺς
1950 5104 2078 5178 ἡμῖν
2099 5100 2305 5178 Τίμαιος
2351 5100 2610 5178 (Τίμαιος
2637 5101 2869 5174 Euseb.)
2895 5098 3077 5176 ὄνομα,
3123 5103 3230 5176 legi
3257 5120 3363 5175 pro

124 5187 358 5245 dixisse
392 5183 570 5241 fertur
589 5190 907 5261 sepulcrum
934 5189 1206 5246 Moeridis.
1239 5189 1494 5246 Ceterum
1525 5189 1597 5245 de
1638 5190 1720 5245 la-
1809 5192 1895 5246 his
1916 5192 2074 5245 vult:
2109 5186 2309 5268 ἐγένετο
2335 5175 2935 5266 βασιλὲὺςἏμυντίμαος
2972 5184 3365 5263 (Ἄμεντίμαιος
