3900 6042
1508 424 2002 487 FRAGMENTA.

3237 436 3348 486 49³

146 559 461 638 Ἰδομενεύς.
495 558 832 642 Ἀριστάρχου
852 559 973 636 γοῦν
994 549 1126 624 τινος
1149 558 1378 637 ἐρασθεὶς
1407 558 1708 637 μειρακίω,
1801 556 2030 633 αἰσχρῶς
2052 552 2142 611 καί
2165 556 2410 632 ἀπρεπῶς
2436 553 2611 634 ῥήτορι
2639 551 2919 630 ἐξαγομένη
2948 599 2967 631 ,
2997 553 3189 633 ἔχουσα
3218 554 3275 614 δέ
3295 579 3351 612 τι

144 651 242 709 καὶ
273 651 337 708 δι’
361 648 489 706 αὐτὸ
516 646 832 728 παροινήσας
853 648 922 711 εἷς
950 644 1269 720 Νικόδημον,
1290 646 1524 724 ἐξέκοψεν
1544 648 1703 704 αὐτοῦ

140 737 272 805 τοὺς
309 735 626 816 ὀφθαλμούς.
713 734 1077 814 Παραδίδοται
1117 733 1173 791 δὲ
1213 736 1302 790 καὶ
1341 733 1460 811 περὶ
1488 732 1590 811 ὄψα
1623 733 1714 789 καὶ

142 825 275 902 περὶ
308 824 450 889 νέους
481 822 571 880 καὶ
599 821 717 899 περὶ
753 821 1000 898 γυναῖκας
1031 818 1337 888 πολυτελής.
1424 822 1713 898 Τοιγαροῦν

144 912 246 970 καὶ
270 915 298 969 ὃ
324 908 660 990 γραμματεύς
682 910 795 966 ποτ’
826 910 980 964 αὐτοῦ
1014 898 1125 965 εἶπε
1142 930 1155 943 ·
1186 934 1209 957 ι
1235 907 1307 966 Τί
1331 906 1374 963 δ’
1401 906 1462 964 ἄν
1490 930 1566 972 τις
1593 906 1712 984 περὶ

146 998 517 1075 Δημοσθένους
552 996 720 1075 λέγειν
757 995 991 1065 δύναιτο,
1017 993 1083 1051 τὰ
1107 994 1206 1072 γὰρ
1235 997 1456 1072 ἐνιαυτῷ
1494 996 1716 1068 μελετη-

147 1086 308 1143 θέντα
334 1084 511 1164 ἐκείνῳ
535 1083 630 1160 μία
654 1083 782 1160 γυνὴ
808 1089 905 1161 μιᾷ
926 1079 1072 1139 νυκτὶ
1097 1078 1364 1159 συνέχεεν.
1391 1109 1413 1132 υ
1498 1079 1715 1137 Ἀναλα·

146 1174 268 1233 δεῖν
304 1179 425 1250 γοῦν
454 1171 545 1230 καὶ
583 1174 654 1237 εἰς
683 1169 777 1239 τὴν
817 1168 984 1227 οἰκίαν
1027 1168 1232 1245 λέγεταί
1272 1188 1391 1225 τινα
1428 1167 1716 1228 Κνωσίωνα

148 1257 511 1339 μειρακίσκον,
529 1257 699 1315 καίτοι
720 1263 940 1333 γυναῖκα
966 1254 1102 1333 ἔχων
1122 1276 1136 1291 ·
1162 1258 1232 1322 ὧς
1253 1255 1342 1313 καὶ
1371 1254 1533 1325 αὐτὴν
1554 1256 1710 1331 ἀγαν-

148 1347 465 1415 ακτήσασαν
489 1347 869 1422 συγκοιμᾶσθαι
894 1345 967 1421 τῷ
1002 1341 1290 1402 Κνωσίωνι.

238 1430 576 1513 Ἀριστάρχου
595 1437 714 1507 γοῦν
731 1429 873 1507 κτλ.]
898 1432 981 1487 Cf.
1004 1433 1292 1488 Demosth.
1313 1451 1363 1487 c.
1386 1429 1525 1486 Mid.
1552 1429 1585 1502 §
1611 1440 1717 1494 104

148 1542 304 1597 sqq„
346 1522 634 1578 AEschines
661 1521 720 1576 C.
741 1521 879 1574 Tim.
902 1538 959 1591 p.
990 1527 1085 1585 24,
1116 1518 1149 1592 S
1178 1536 1280 1587 171
1314 1536 1423 1590 sq.‚
1449 1516 1716 1573 Dinarch.

152 1612 221 1667 C.
270 1608 559 1666 Demosth.
590 1606 623 1680 S
659 1605 753 1674 30,
793 1608 1042 1661 Zosimus
1060 1607 1175 1662 vit.
1206 1607 1372 1661 Dem.
1406 1623 1466 1677 p.
1512 1609 1640 1677 149,
1668 1612 1723 1657 et

156 1698 333 1771 plura
379 1714 472 1768 ap.
523 1695 1013 1750 Westermannum
1051 1694 1136 1747 De
1198 1693 1388 1747 litibus
1435 1708 1572 1764 quas
1609 1693 1724 1746 De-

149 1784 364 1838 mosth.
395 1784 579 1837 oravit
607 1780 794 1856 (Lips.
830 1779 1014 1854 1834)
1044 1798 1102 1854 p.
1137 1778 1210 1834 23
1235 1797 1319 1852 sq.

897 1873 987 1932 14.

238 1954 525 2011 Plutarch.
561 1954 737 2011 Phoc.
780 1972 832 2011 c.
859 1958 889 2017 4
930 1946 1031 2010 :Et
1067 1947 1167 2026 γὰρ
1185 1939 1271 2021 ἦν,
1301 1946 1370 2014 ὥς
1402 1970 1558 2027 φησιν
1586 1947 1722 2007 Ἰδο-

159 2038 383 2116 μενεὺς,
413 2040 763 2098 δοιδυκοποιοῦ
796 2037 988 2116 πατρὸς
1029 2037 1093 2117 (ὁ
1130 2037 1408 2115 Φωκίων),
1442 2039 1535 2094 οὐκ
1568 2034 1630 2094 ἂν
1672 2039 1723 2093 ἐν

152 2129 237 2206 τῷ
275 2126 415 2205 λόγῳ
450 2124 784 2191 Γλαύκιππος
816 2130 844 2184 δ
887 2125 1162 2204 Ὑπερίδου
1208 2122 1369 2202 μυρία
1414 2122 1725 2201 συνειλοχὼς

155 2213 254 2271 καὶ
273 2213 491 2293 εἰρηκὼς
516 2217 636 2271 κατ’
663 2214 820 2271 αὐτοῦ
847 2212 986 2270 κακὰ
1008 2211 1104 2280 τὴν
1134 2208 1431 2288 δυσγένειαν
1454 2214 1717 2291 παρ’ἥκεν.

906 2355 993 2409 15.

247 2493 435 2550 Schol.
464 2492 539 2548 ad
563 2493 807 2549 AEschin.
839 2494 924 2549 De
952 2492 1072 2548 fals.
1096 2492 1205 2566 leg.
1231 2490 1533 2553 init.:‘'0u
1554 2490 1721 2562 peto-q·

157 2576 256 2648 τὴς
282 2576 482 2652 ἐγένετο
503 2581 607 2653 (sc.
638 2576 887 2654 Αἰσχίνης
912 2579 941 2633 ὁ
967 2577 1194 2656 ῥήτωρ),
1213 2579 1281 2641 ὡς
1302 2573 1395 2650 μὲν
1430 2572 1725 2653 Δημήτριος

159 2669 191 2721 ὁ
219 2661 536 2743 Φαληρεὺς,
566 2664 877 2741 Σωκράτους
910 2668 999 2721 τοῦ
1035 2662 1341 2742 φιλοσόφου,
1378 2651 1469 2718 εἷθ’
1510 2659 1723 2741 ὕστερον

159 2756 257 2809 τοῦ
279 2751 589 2819 Πλάτωνος,
611 2753 678 2815 ὡς
702 2748 755 2806 δὲ
784 2748 1052 2815 Καικίλιος
1073 2750 1159 2806 καὶ
1182 2748 1469 2823 Ἰδομενεὺς
1489 2747 1579 2804 καὶ
1601 2747 1727 2828 ‘'Ep-

163 2859 367 2912 μιππος
385 2880 402 2908 ,
422 2838 513 2894 οὐκ
530 2835 720 2907 ἤκουσε
743 2840 847 2894 τῶν
871 2838 1070 2915 ἀνδρῶν
1092 2836 1363 2910 μαθῆσεως
1386 2835 1562 2914 χάριν.
1586 2838 1726 2908 Qui-

162 2928 274 2982 bus
297 2926 670 2998 subjiciuntur
692 2945 707 2980 z
731 2924 879 2993 Φησὶ
899 2922 1001 3002 γὰρ
1027 2916 1420 3001 (Hermippu5‚
1439 2935 1580 2997 puto
1595 2965 1610 2993 ,
1637 2924 1725 2979 vel

162 3015 443 3083 Caecilius,
475 3016 573 3087 qui
610 3012 977 3068 Idomeneum
1013 3013 1297 3087 citaverit)
1337 3013 1408 3077 ὡς
1444 3010 1589 3067 οὐδὲν
1632 3014 1724 3066 τοῦ

162 3102 496 3177 χαρακτῆρος
526 3103 617 3155 τοῦ
664 3099 1005 3157 Πλατωνικοῦ
1043 3096 1222 3169 σώζει,
1265 3095 1383 3155 οὔτε
1421 3096 1481 3155 τὸ
1518 3094 1726 3176 ἀκριὸὲς

166 3185 259 3242 καῖ
298 3184 543 3263 καθαρὸν,
568 3182 719 3263 [οὔτε
740 3184 836 3263 τὸ]
861 3184 1133 3264 ἀπέριττον
1165 3184 1254 3242 καὶ
1283 3183 1555 3262 εὔρυθμον,
1590 3182 1725 3241 ἀλλὰ

164 3272 418 3350 κεχηνυῗά
448 3295 557 3337 πως
581 3271 718 3331 ἐστὶν
753 3274 908 3330 αὑτοῦ
932 3276 967 3342 ἠ
995 3271 1106 3331 ἰδέα
1133 3277 1224 3331 τοῦ
1251 3272 1404 3349 λόγου
1421 3315 1440 3345 ,
1467 3270 1559 3328 καὶ
1593 3270 1724 3330 ἅτε-

163 3381 287 3438 χνος
314 3358 409 3435 μὲν
436 3359 526 3417 καί
554 3358 812 3436 προπετὴς
847 3358 936 3417 καὶ
973 3358 1216 3439 εὐχερὴς,
1259 3358 1344 3416 ἐπὶ
1379 3357 1439 3416 τὸ
1479 3359 1724 3437 λοιδορεῖν

167 3524 377 3576 extudit.
404 3524 605 3575 Perinde
622 3539 736 3575 vero
753 3526 901 3576 etiam
923 3526 972 3575 in
995 3526 1191 3576 obsonia
1213 3527 1329 3575 etin
1351 3526 1729 3575 adolescentulos

167 3606 218 3654 et
235 3603 517 3654 inmulieres
533 3607 753 3666 sumptus
766 3604 976 3666 ingentes
988 3603 1250 3667 profudisse
1268 3605 1560 3667 perhibetur.
1572 3607 1733 3661 Quare

167 3679 326 3730 scriba
345 3680 472 3731 illius
487 3681 747 3743 aliquando
768 3681 890 3731 dixit
911 3700 925 3731 ε
949 3700 973 3725 «ι
1000 3685 1070 3732 De
1088 3682 1406 3731 Demosthene
1427 3681 1544 3743 quid
1575 3681 1734 3732 dicere

169 3757 407 3821 quispiam
428 3761 611 3822 possit?
638 3763 759 3809 Nam
778 3773 889 3822 quae
906 3759 986 3809 ille
1003 3762 1107 3809 toto
1124 3772 1250 3809 anno
1271 3759 1527 3809 meditatus
1544 3762 1646 3820 est,
1674 3772 1731 3809 ea

171 3840 271 3888 una
289 3841 427 3887 nocte
445 3852 542 3888 una
563 3839 735 3888 mulier
767 3840 936 3889 miscet
969 3840 1338 3901 conturbatque.
1364 3858 1388 3882 n
1411 3839 1541 3896 Quin
1563 3842 1613 3890 et
1642 3839 1731 3888 do-

166 3929 307 3965 mum
325 3930 463 3967 suam
482 3918 712 3981 recepisse
730 3918 880 3968 fertur
894 3919 1179 3968 caesionem
1198 3917 1440 3981 quendam
1459 3918 1734 3969 adolescen-

170 3998 359 4057 tulum,
382 4010 677 4060 quamquam
705 4010 907 4047 uxorem
933 3997 1113 4048 habens
1135 4010 1318 4060 :quare
1346 3996 1590 4060 indignata
1622 3998 1731 4055 ius.

168 4074 275 4137 ipsa
293 4087 489 4137 quoque
513 4088 627 4125 cum
646 4076 881 4125 cnosioue
899 4076 1177 4126 concubuit.

231 4235 284 4285 Si
318 4235 518 4299 quidem
551 4236 837 4298 pistillorum
869 4238 1196 4299 fabricatoris,
1230 4239 1289 4288 nt
1322 4237 1603 4288 Idomeneus
1631 4238 1729 4301 ait,

169 4315 297 4364 filius
318 4314 529 4364 Phocion
553 4319 658 4365 erat
674 4352 689 4378 ,
723 4315 950 4378 ignobiles
972 4315 1060 4364 has
1088 4315 1194 4377 ejus
1228 4316 1411 4366 natales
1436 4331 1729 4367 commeruo·

169 4404 278 4440 rare
297 4404 395 4439 non
414 4391 649 4441 omisisset
693 4393 745 4441 in
769 4392 985 4442 oratioue
1012 4405 1099 4441 sua
1143 4392 1439 4455 Glaucippus
1455 4430 1471 4455 ,
1516 4395 1721 4457 Hyperi·

168 4470 245 4518 dis
260 4468 413 4530 tilius,
427 4470 511 4533 qui
528 4474 753 4520 sexcenta
770 4472 822 4520 in
865 4484 977 4521 eum
995 4471 1214 4520 convicia
1231 4471 1426 4534 collegit
1443 4472 1723 4537 effuditque.

233 4632 482 4682 AEschines
502 4634 682 4695 orator,
701 4633 964 4683 secundum
985 4634 1282 4685 Demetrium
1313 4634 1595 4685 Phalereum
1612 4672 1629 4697 ,
1648 4640 1731 4686 So·

169 4710 318 4759 cratis
357 4709 622 4772 philosophi
636 4747 651 4771 ,
693 4710 866 4761 deinde
908 4723 1024 4761 vero
1061 4711 1271 4761 Platonis
1309 4711 1571 4774 discipulus
1610 4713 1727 4768 suit;

169 4786 434 4838 secuudum
458 4788 703 4838 caecilium
733 4800 849 4838 vero
878 4791 929 4838 et
961 4788 1269 4840 idomeneum
1297 4791 1347 4840 et
1380 4790 1720 4854 Hermippum,

170 4877 269 4913 non
292 4863 475 4913 audivit
492 4865 601 4914 illos
622 4866 753 4914 viros
779 4864 1040 4927 disciplinae
1059 4879 1220 4915 causa.

879 4949 945 4998 15
982 4956 1031 4997 a.

233 5042 401 5091 Oratio
412 5077 427 5102 ,
448 5054 592 5104 quam
612 5041 674 5091 de
692 5041 809 5091 salsa
825 5042 1059 5104 legatione
1076 5044 1245 5093 contra
1262 5042 1534 5094 AEschinem
1551 5046 1728 5095 Demo-

168 5118 363 5169 sthenes
378 5117 593 5181 scripsit,
612 5131 731 5169 num
754 5119 898 5169 etiam
916 5120 1045 5169 dicta
1070 5122 1160 5183 sit,
1182 5119 1308 5169 baud
1339 5121 1507 5184 liquet.
1540 5122 1729 5172 mome-

170 5208 293 5246 neus
322 5194 516 5258 quidem
550 5197 692 5247 refert
720 5195 912 5259 triginta
946 5200 1135 5249 tantmn
1178 5199 1417 5262 suffragiis
1456 5200 1729 5251 absolutum

1801 641 1892 699 καὶ
1932 638 2114 718 εὐφυὲς
2152 639 2238 697 καὶ
2281 638 2543 718 εὐάγωγον
2585 640 2672 697 καὶ
2710 630 2814 698 οἷον
2850 641 2911 698 ἂν
2941 641 3138 718 γένοιτό
3166 664 3265 699 τινι
3297 642 3357 699 έκ

1803 727 2001 809 φύσεως
2027 726 2119 784 καὶ
2142 725 2358 802 μελέτης
2382 728 2624 807 ἀφανοῦς.

2478 849 2545 906 15
2575 870 2627 908 a.

1884 971 2168 1028 Plutarch.
2195 971 2487 1027 Demosth.
2521 989 2570 1028 c.
2621 969 2689 1025 15
2724 989 2739 1025 t
2771 966 2839 1028 ‘O
2876 967 2930 1026 δὲ
2958 967 3072 1027 κατ’
3101 966 3354 1046 Αἰσχίνου

1805 1060 1897 1127 τῆς
1924 1055 2348 1135 παραπρεσὸείας
2381 1055 2570 1126 ἄδηλον
2604 1058 2649 1113 εἰ
2686 1056 2926 1115 λέλεκται
2947 1079 2959 1092 ·
2997 1058 3166 1115 καίτοι
3203 1049 3369 1134 φησὶν

1807 1143 2098 1219 Ἰδομενεὺς
2119 1142 2266 1221 παρὰ
2291 1142 2568 1220 τριάκοντα
2594 1144 2753 1218 μόνας
2769 1143 2861 1201 τὸν
2885 1143 3139 1221 Αἰσχίνην
3158 1148 3366 1223 ἀποφυ-

1807 1231 1938 1307 γεῖν.
2026 1229 2162 1287 Ἀλλ’
2190 1231 2284 1288 οὐκ
2303 1228 2466 1286 ἔοικεν
2488 1228 2649 1296 οὕτως
2672 1229 2809 1308 ἔχειν
2830 1230 3071 1302 τάληθὲς,
3096 1234 3141 1289 εἰ
3162 1232 3238 1287 δεῖ
3258 1234 3364 1294 τοῖς

1813 1317 1944 1397 Περὶ
1973 1315 2222 1397 στεφάνου
2256 1314 2631 1394 γεγραμμένοις
2660 1316 2917 1395 ἑκατέρων
2942 1316 3112 1396 λόγοις
3151 1318 3367 1392 τεκμαί·

1813 1408 2018 1480 ρεσθαι·
2050 1403 2311 1479 μέμνηται
2344 1402 2443 1483 γὰρ
2486 1404 2759 1482 οὐδέτερος·
2774 1406 2944 1461 αὐτῶν
2986 1407 3211 1482 ἐναργῶς
3252 1403 3367 1472 otei

1808 1493 2005 1569 τρανῶς
2030 1488 2225 1547 ἐκείνου
2247 1493 2335 1546 τοῦ
2365 1491 2560 1566 ἀγῶνος
2580 1492 2650 1555 ὡς
2685 1489 2810 1568 ἄχρι
2841 1491 2987 1561 δίκης
3013 1490 3365 1568 προελθόντος.

2552 1611 2642 1668 16.

1889 1732 2047 1790 Idem
2089 1733 2229 1789 ibid.
2276 1752 2326 1790 c.
2363 1732 2434 1789 23
2469 1750 2484 1790 t
2514 1729 2679 1798 Εὐθὺς
2707 1730 2754 1787 δ’
2790 1733 2818 1788 ὁ
2848 1730 3169 1811 Ἀλέξανδρος
3204 1729 3371 1809 ἐξῄτει

1814 1819 2038 1895 πέμπων
2062 1822 2164 1876 τῶν
2191 1820 2517 1895 δημαγωγῶν
2543 1817 2668 1876 δέκα
2703 1817 2817 1894 μὲν,
2856 1821 2925 1884 ὥς
2959 1817 3249 1890 Ἰδομενεὺς
3283 1819 3374 1876 καὶ

1813 1912 1996 1984 Δοῦρις
2018 1907 2303 1985 εἰρήκασιν,
2331 1903 2469 1964 ὀκτὼ
2492 1906 2535 1963 δ’
2559 1909 2630 1972 ὡς
2666 1909 2714 1964 οἰ
2739 1907 2972 1964 πλεῖστοι
3005 1909 3110 1964 τῶν
3138 1928 3366 1985 συγγρα·

1817 1994 1973 2074 φέων.
2002 1999 2069 2053 V.
2104 1998 2275 2052 Duris
2301 1996 2370 2051 fr.
2396 2015 2455 2069 9.

2544 2119 2632 2169 17.

1891 2226 2360 2285 Bekker.Anecd.
2386 2245 2447 2300 p.
2466 2234 2582 2301 249
2620 2246 2635 2280 :
2671 2219 3023 2299 Ἔμπουσα
3051 2246 3065 2281 t
3092 2221 3374 2301 Ἔμπουσα

1814 2312 1999 2394 φάσμα
2044 2312 2155 2371 ἐστὶ
2191 2315 2294 2370 τῶν
2349 2313 2447 2369 ὑπὸ
2483 2317 2575 2383 τῆς
2615 2310 2843 2381 Ἑκάτης
2889 2312 3256 2387 πεμπομένων,
3298 2315 3369 2378 εἰς

1813 2401 2010 2467 πολλὰς
2033 2398 2421 2475 ἀλλασσόμενον
2450 2398 2667 2480 μορφάς.
2712 2398 2991 2458 Ἐκαλεῖτο
3020 2399 3073 2456 δὲ
3100 2398 3188 2456 καὶ
3221 2400 3366 2459 Ὀνο-

1814 2488 1959 2559 κώλη
1988 2492 2139 2545 τοῦτο
2159 2485 2219 2544 τὸ
2245 2485 2550 2565 φάντασμα.
2634 2483 2922 2560 Ἔμπουσα
2951 2486 3004 2543 δὲ
3029 2487 3131 2543 ὑπὸ
3151 2492 3242 2544 τοῦ
3279 2488 3374 2562 ἐμ-

1815 2576 2039 2643 ποδίζειν
2065 2572 2183 2639 τοὺς
2212 2570 2534 2650 ἀνθρώπους,
2559 2571 2595 2642 ἢ
2628 2572 2733 2630 ἀπὸ
2769 2578 2857 2630 τοῦ
2903 2573 2991 2630 τὸν
3029 2572 3200 2651 ἕτερον
3235 2574 3373 2632 πόδα

1812 2664 2044 2741 χαλκοῦν
2075 2660 2233 2739 ἔχειν,
2278 2658 2364 2717 τὸν
2395 2658 2451 2717 δὲ
2492 2659 2666 2739 ἕτερον
2711 2659 2976 2737 βολίτινον.
3014 2659 3248 2733 Ἐκλήθη
3289 2652 3376 2719 οὖν

1812 2755 1846 2823 ἡ
1878 2749 2056 2828 μήτηρ
2085 2746 2340 2825 Αἰσχίνου
2371 2745 2690 2823 Ἔμπουσα,
2713 2752 2783 2813 ὡς
2805 2744 2898 2823 μὲν
2926 2746 3065 2822 λέγει
3092 2746 3372 2823 Δημοσθέ-

1815 2860 1900 2907 νης
1928 2839 2025 2914 (p.
2060 2855 2204 2908 270,
2231 2834 2373 2914 25),
2398 2835 2503 2892 ἀπὸ
2532 2839 2622 2892 τοῦ
2651 2833 2822 2891 πάντα
2843 2838 3007 2892 ποιεῖν
3034 2834 3125 2892 καὶ
3151 2835 3374 2912 πάσχειν

1819 2921 1940 3000 (καὶ
1988 2921 2089 3002 γὰρ
2128 2920 2188 2979 τὸ
2213 2920 2398 3001 φάσμα
2435 2921 2853 3001 παντόμορφον)·
2895 2926 2963 2987 ὡς
3005 2920 3059 2980 δὲ
3097 2920 3379 2998 Ἰδομενεύς

1816 3033 1941 3091 φησι
1972 3008 2133 3089 Περὶ
2163 3010 2238 3080 δη
2257 3013 2602 3086 μαγωγῶν,
2633 3010 2745 3067 ἐπεὶ
2779 3007 2883 3066 ἀπὸ
2907 3011 3178 3066 σκοτεινῶν
3205 3009 3378 3066 τόπων

1815 3096 2114 3177 ἀνεφαίνετο
2139 3103 2246 3163 τοῖς
2272 3095 2595 3171 μυουμένοις.

1891 3182 1927 3254 ἢ
1975 3182 2079 3241 ἀπὸ
2121 3182 2266 3260 κτλ.]
2318 3184 2632 3240 distinctius
2681 3184 2882 3240 Suidas
2920 3203 2978 3241 V.
3020 3179 3310 3258 Ἔμπουσα
3358 3202 3375 3239 t

1813 3268 2102 3347 Ἔμπουσα
2145 3271 2200 3329 δὲ
2232 3269 2378 3350 παρὰ
2418 3271 2477 3329 τὸ
2505 3268 2577 3328 ἑνὶ
2609 3270 2856 3348 ποδίζειν,
2888 3268 3046 3346 ἤγουν
3081 3269 3167 3326 τὸν
3205 3268 3373 3348 ἕτερον

1816 3358 1953 3416 πόδα
1980 3360 2210 3437 χαλκοῦν
2252 3357 2410 3437 ἔχειν.
2450 3391 2529 3401 —
2557 3355 2841 3434 Ἰδομενεύς
2874 3379 2932 3435 φ.
2984 3378 3040 3415 π.
3076 3357 3156 3435 8.]
3201 3360 3377 3433 vulgo

1822 3526 2093 3576 AEscbinem
2116 3525 2271 3575 fuisse.
2295 3529 2478 3575 Verum
2510 3524 2640 3574 haud
2659 3525 2726 3573 ita
2767 3536 2841 3573 res
2872 3536 2923 3573 se
2953 3523 3131 3573 habere
3167 3523 3376 3581 videtur,

1819 3603 1858 3651 si
1887 3600 2083 3663 quidem
2099 3614 2164 3650 ex
2201 3602 2495 3650 orationibus
2529 3604 2601 3651 De
2643 3613 2821 3650 corona
2852 3600 2917 3649 ab
2958 3604 3164 3662 utroque
3193 3600 3377 3662 scriptis

1821 3678 1979 3740 colligi
2004 3677 2186 3740 aliquid
2207 3677 2337 3728 licet.
2359 3680 2537 3728 Neuter
2552 3677 2680 3726 enim
2708 3677 3029 3727 contentionis
3046 3677 3191 3739 huius
3206 3678 3381 3727 diserte

1821 3758 1871 3806 et
1889 3755 2137 3818 perspicue
2153 3754 2222 3804 ita
2238 3755 2458 3805 memmit
2470 3791 2486 3817 ,
2501 3755 2557 3803 ut
2570 3753 2633 3803 ad
2654 3766 2847 3804 causam
2865 3753 3103 3804 sorensem
3118 3754 3378 3804 deventum

1822 3844 1924 3881 esse
1944 3833 2122 3894 pateat.

1882 3994 2054 4046 Statim
2072 3994 2201 4045 misit
2221 3995 2489 4046 Alexander
2514 3996 2601 4058 qui
2632 3993 2755 4044 tradi
2785 3994 2876 4044 sibi
2899 3993 3193 4057 postularent
3210 3992 3377 4042 dema-

1819 4086 1963 4133 gogos
1979 4071 2144 4122 decem
2157 4109 2172 4133 ,
2191 4073 2261 4123 uti
2285 4073 2568 4123 idomeneus
2585 4074 2634 4120 et
2654 4072 2794 4121 Duris
2819 4069 3145 4129 tradiderunt,
3171 4071 3245 4118 vel
3268 4072 3378 4118 octo

1820 4150 2006 4211 potius,
2051 4149 2192 4198 sicuti
2224 4150 2418 4212 plurimi
2452 4150 2581 4211 iique
2628 4147 2980 4209 praestantiores
3015 4145 3267 4208 scriptores
3301 4159 3378 4195 re·

1823 4225 1998 4274 serunt.

2553 4306 2639 4355 17.

1885 4390 2094 4448 Empusa
2123 4386 2363 4448 spectmm
2401 4387 2472 4434 est
2495 4398 2556 4434 ex
2590 4398 2758 4434 eorum
2793 4396 3021 4444 numero,
3056 4396 3168 4446 qum
3203 4385 3379 4433 Hecate

1821 4463 2080 4512 immittere
2097 4462 2218 4512 solet
2229 4480 2244 4524 ς
2265 4462 2421 4511 varias
2438 4461 2557 4511 illud
2575 4474 2814 4512 assumere
2834 4461 2955 4511 solet
2982 4461 3171 4511 formas.
3207 4460 3375 4510 Nomi-

1819 4540 2025 4589 nabatur
2058 4551 2174 4591 vero
2217 4538 2363 4587 etiam
2408 4538 2633 4588 Ouocole.
2666 4541 2873 4599 Empusa
2913 4540 3077 4586 autem
3129 4536 3378 4587 dicebatur

1818 4620 2070 4680 propterea
2103 4616 2234 4678 quod
2265 4617 2544 4679 ἐμποδίζειν,
2569 4616 2846 4678 impedire,
2873 4615 3089 4665 homines
3110 4616 3257 4676 solet,
3291 4616 3377 4664 aut

1819 4693 1931 4743 inde
1952 4692 2079 4756 quod
2102 4696 2188 4755 (ἐνὶ
2209 4695 2343 4754 ποδὶ,
2364 4706 2467 4742 uno
2492 4696 2698 4743 tantum
2712 4693 2866 4756 pede,
2899 4692 3101 4755 incedit,
3126 4694 3375 4756 quoniam)

1820 4773 2027 4822 alterum
2066 4771 2237 4835 pedem
2276 4785 2466 4821 aeneum
2505 4772 2679 4833 habet,
2720 4772 2925 4821 alterum
2965 4785 3081 4822 vero
3118 4772 3373 4824 asininum.

1820 4863 2057 4916 AEschinis
2090 4864 2254 4927 itaque
2282 4865 2438 4914 mater
2466 4867 2674 4926 Empusa
2702 4864 2983 4924 vocabatur,
3007 4867 3063 4914 ut
3091 4863 3375 4914 Demosthe-

1819 4955 1905 4992 nes
1921 4942 2063 5001 dicit,
2079 4941 2210 5005 quod
2224 4943 2384 4991 omnia
2410 4941 2585 4991 faceret
2620 4944 2955 5004 patereturque
2975 4943 3118 5005 (nam
3132 4945 3374 5004 spectrum

1819 5048 2015 5098 quoque
2040 5034 2216 5083 formas
2245 5046 2554 5096 quascunque
2574 5032 2836 5095 assumit);
2869 5033 3009 5083 sicuti
3043 5046 3157 5082 vero
3188 5032 3376 5083 Idome-

1819 5112 2014 5162 neusin
2035 5112 2156 5162 libro
2182 5114 2255 5162 De
2280 5111 2551 5175 demagogis
2572 5110 2668 5171 ait,
2692 5110 2825 5173 quod
2854 5124 2884 5161 e
2915 5111 3225 5162 tenebricosis
3256 5112 3374 5161 locis

1819 5191 2068 5252 appareret
2091 5188 2347 5273 initiandis.
