3900 6042
1136 495 1238 555 DE
1281 495 1781 557 PHILOSOPHIS
1830 497 2321 559 FRAGMENTA.

3195 513 3306 562 817

97 621 322 686 κολοιοῖς
359 619 452 692 δὲ,
489 619 580 678 διὰ
609 619 702 691 τὴν
742 620 959 700 φυσικὴν
1004 623 1383 702 φιλοστοργίαν.
1428 624 1535 683 Καὶ
1569 625 1670 702 γὰρ
1760 625 1971 691 τωνικὸς
1986 625 2075 684 καὶ
2093 625 2362 705 Κλέαρχος
2381 625 2570 705 φιάλην
2586 627 2946 696 ἀποσταλῆναι
2967 626 3064 685 ὑπὸ
3089 628 3309 706 Κροίσου

101 712 345 765 τοσοῦτον
394 708 696 788 πανουργίᾳ
740 707 1086 790 διαφέρουσιν,
1121 708 1262 785 ὅμως
1310 709 1435 768 ὅταν
1495 711 1670 769 ἐλαίου
1762 714 2012 793 Πιττακῷ
2032 711 2122 770 καὶ
2143 713 2276 770 οὕτω
2295 717 2685 791 περιενεχθῆναι
2713 714 2929 793 (φασίν).

97 792 299 874 κρατὴρ
336 798 470 871 τεθῇ
512 795 747 875 πλήρης,
774 798 822 853 οἱ
851 794 1062 861 στάντες
1089 798 1259 853 αὐτῶν
1283 797 1370 854 ἐπὶ
1392 795 1450 854 τὸ
1471 799 1668 876 χεῖλος,

1836 802 1997 857 Idem
2023 805 2073 873 Ι,
2097 802 2164 857 8ι
2178 843 2193 871 ,
2212 803 2284 857 de
2305 801 2563 860 Pittaco:
2589 798 2777 880 Τούτῳ
2804 802 3067 879 γυμνασία
3089 791 3151 872 ἦν
3173 802 3313 860 σῖτον

104 882 188 938 καὶ
227 879 672 961 καταὸλέψαντες
713 881 798 939 ἐπὶ
842 882 929 940 τὸν
973 881 1368 963 ἐμφαινόμενον,
1407 884 1668 962 καταράτ·
1758 889 1921 958 ἀλεῖν,
1945 886 2014 952 ὥς
2033 910 2160 967 φησι
2186 886 2456 966 Κλέαρχος
2475 891 2502 944 ὁ
2522 886 2812 967 φιλόσοφος.

101 990 260 1027 τουσι.
302 967 520 1048 Διόπερ
558 968 907 1049 ἑλαιοὸρόχων
939 967 1247 1047 γενομένων,
1273 974 1305 1039 ἡ
1329 974 1432 1030 τῶν
1467 973 1667 1050 πτερῶν

106 1055 272 1121 αὐτοῖς
295 1078 362 1112 συ
542 1078 657 1127 ησις
679 1055 820 1114 αἰτία
837 1056 1033 1134 γίνεται
1054 1060 1146 1127 τῆς
1170 1056 1425 1125 ἁλώσεως.
1458 1083 1482 1111 »ι

658 1197 1116 1257 ΑΡΚΕΣΙΛΑΣ.

809 1341 881 1400 44
924 1354 976 1392 a.

185 1470 373 1525 Schol.
409 1471 639 1528 Platon.
682 1488 739 1543 p.
768 1468 876 1534 451
921 1470 1098 1524 Bekk.
1135 1486 1149 1525 t
1193 1467 1350 1546 Παρὰ
1386 1465 1667 1547 παροιμίας

111 1554 226 1633 φησὶ
245 1559 337 1624 τῆς
361 1582 384 1606 α
419 1552 646 1624 Κινήσω
667 1555 755 1612 τὸν
780 1556 869 1633 ἀφ’
888 1557 1057 1633 ἱερᾶς,
1078 1581 1103 1606 ι
1122 1555 1156 1624 ἣ
1186 1553 1429 1612 τέτακται
1450 1553 1538 1611 ἐπὶ
1563 1556 1666 1610 τῶν

116 1640 199 1709 τὴν
224 1642 456 1719 ἐσχάτην
484 1641 730 1719 βοήθειαν
758 1639 1051 1702 κινούντων.
1091 1640 1451 1712 Μετείληπται
1480 1640 1531 1699 δὲ
1565 1639 1666 1697 ἀπὸ

114 1731 206 1784 τῶν
227 1729 608 1788 πεττευόντων.
639 1727 800 1807 Παρὰ
833 1728 1026 1794 τούτοις
1057 1726 1157 1807 γὰρ
1188 1726 1355 1786 κεῖταί
1390 1751 1465 1794 τις
1499 1731 1667 1809 ῇφος

118 1806 210 1873 οἷον
245 1814 360 1894 ἱερὰ
407 1815 506 1873 καὶ
562 1814 803 1886 ἀκίνητος
820 1860 837 1893 ,
876 1818 1001 1873 θεῶν
1048 1813 1385 1891 νομιζομένη,
1423 1813 1491 1881 ὥς
1536 1837 1663 1896 φησι

121 1902 377 1981 Κλέαρχος
401 1904 458 1959 ἐν
487 1901 786 1982 Ἀρκεσίλα.
808 1935 886 1948 -
903 1907 988 1960 De
1019 1905 1327 1977 proverbio
1352 1905 1424 1959 cf.
1451 1906 1664 1979 Dioge—

119 1993 258 2049 nian.
294 1995 379 2047 111
398 2035 416 2065 ,
442 1991 548 2061 36,
578 1992 837 2065 Apostol.
858 1994 924 2061 V,
962 1998 1029 2056 14
1054 2003 1110 2047 et
1137 2010 1258 2063 quae
1284 1993 1457 2046 multa
1487 1993 1662 2046 Leut-

122 2080 288 2133 schius
323 2079 612 2152 congessit
652 2078 725 2133 ad
759 2079 1096 2152 Diogenian.
1124 2079 1189 2145 V,
1216 2083 1308 2141 4ι.
1348 2079 1665 2132 Eustathius

125 2165 191 2219 ad
217 2166 403 2238 Odyss.
424 2185 489 2240 p.
534 2164 708 2237 1397,
733 2164 804 2220 33
832 2165 904 2220 de
925 2165 1248 2220 Graecorum
1269 2161 1479 2242 πεττεία
1499 2182 1666 2239 agens

125 2254 257 2308 inter
280 2254 386 2308 alia
411 2252 585 2308 affert
612 2269 628 2308 ε
657 2248 926 2329 Κλέαρχος
947 2250 1053 2316 τοῖς
1071 2247 1225 2308 πέντε
1251 2248 1380 2328 φησὶ
1404 2248 1659 2321 πλάνησιν

126 2338 376 2414 ἀναλογεῖν
406 2341 512 2416 (sc.
547 2336 667 2401 τοὺς
687 2336 837 2395 πέντε
871 2334 1092 2403 πεσσοὺς
1116 2339 1219 2394 τῶν
1250 2335 1661 2412 πεττευόντων).

130 2456 196 2466 -
221 2428 300 2481 De
336 2436 676 2500 argumento
712 2425 845 2480 libri
891 2422 1188 2501 Ἄρκεσιλᾶς
1221 2443 1424 2499 parum
1463 2425 1660 2498 liquet.

131 2507 589 2568 verisimillimum
612 2524 796 2567 tamen
819 2522 900 2567 est
925 2512 1086 2568 fuisse
1115 2512 1187 2568 de
1214 2514 1495 2569 Arcesilan
1518 2516 1665 2568 Aca-

135 2597 363 2669 demico,
403 2600 664 2655 Clearchi
703 2600 900 2672 aequali
918 2640 934 2668 ‚
977 2601 1076 2672 qui
1103 2602 1276 2655 vitam
1302 2599 1465 2655 duxit
1487 2618 1666 2675 usque

133 2685 195 2738 ad
221 2703 302 2740 an.
338 2693 444 2752 241
488 2705 541 2744 a.
584 2687 717 2744 Chr.
746 2687 830 2759 (v.
858 2687 1104 2745 Clinton.
1146 2686 1219 2742 ad
1259 2704 1352 2744 an.
1394 2687 1665 2762 299)·—

137 2770 360 2826 Fortasse
386 2774 558 2828 etiam
592 2772 667 2827 de
698 2773 817 2827 aliis
834 2774 1183 2847 philosophis
1199 2772 1500 2829 Clearchus
1525 2775 1665 2829 scri-

137 2857 245 2926 psit.
269 2859 431 2929 Quod
457 2861 504 2915 si
532 2870 649 2926 est,
671 2861 1046 2932 pertinuerint
1065 2861 1176 2915 huc
1199 2878 1324 2933 quae
1353 2859 1425 2916 de
1454 2861 1666 2933 Pytha-

139 2960 256 3015 gora
282 2958 337 3001 et
370 2946 441 3002 de
469 2945 704 3020 Septem
729 2947 1072 3020 sapientibus
1093 2947 1425 3004 afferuntur.

808 3064 879 3124 Ιιίι
922 3058 981 3117 b·

209 3170 270 3225 A.
290 3170 492 3227 Gellius
513 3175 616 3241 IV,
656 3190 679 3226 1
695 3190 743 3242 1,
761 3170 835 3227 de
861 3173 1189 3249 Pythagorae
1216 3173 1660 3229 transformatio-

145 3253 305 3314 nibus.
321 3255 459 3314 Vide
487 3259 803 3315 Dicaearchi
836 3258 907 3314 fr.
941 3259 1035 3317 30.
1068 3259 1280 3315 Eadem
1303 3260 1475 3315 habet
1501 3258 1663 3313 Phle-

144 3357 239 3411 gon
253 3346 330 3400 De
355 3347 552 3404 mirab.
583 3366 635 3404 c.
669 3353 699 3412 4
717 3388 732 3414 ,
757 3346 858 3402 ubi
880 3366 988 3420 pro
1031 3347 1348 3425 Κλείταρχος
1371 3364 1657 3419 reponen-

145 3425 259 3482 dmh
279 3426 539 3515 Κλέαρχος
562 3450 678 3490 esse
695 3436 1016 3490 monuimus
1042 3433 1115 3490 ad
1138 3435 1400 3491 Clitarchi
1425 3435 1493 3492 fr.
1522 3432 1618 3493 25.

802 3555 876 3615 44
920 3568 972 3607 c·

1836 977 2090 1032 Stobaeus
2139 976 2334 1032 Floril.
2386 978 2556 1046 XXI,
2614 996 2711 1047 ια,
2741 977 2812 1033 de
2859 978 3095 1033 dicterio
3147 979 3316 1035 Γνῶθι

1759 1062 1974 1120 σεαυτόν
2011 1084 2025 1118 :
2069 1060 2193 1121 Εἴτε
2224 1061 2485 1142 Κλεάρχῳ
2509 1060 2820 1141 προσεκτέον
2864 1064 3060 1138 μᾶλλον
3096 1068 3185 1120 τοῦ
3219 1064 3313 1139 μὲν

1765 1147 1956 1207 Πυθίου
1973 1148 2216 1228 φράζοντι
2237 1139 2366 1205 εἶναι
2385 1148 2737 1227 παράγγελμα
2752 1193 2768 1221 ,
2790 1155 3081 1229 χρησθῆναι
3105 1149 3159 1209 δὲ
3183 1150 3312 1210 Χεί-

1755 1234 1880 1292 λωνι
1903 1233 1963 1291 τὸ
1992 1234 2199 1312 ἄριστον
2225 1233 2508 1313 ἀνθρώποις
2522 1238 2703 1310 μαθεῖν
2728 1234 3116 1317 πυνθανομένῳ.

1830 1324 2156 1396 Apostolius
2171 1325 2268 1390 VI,
2295 1330 2366 1388 42
2394 1340 2408 1380 τ
2432 1322 2502 1380 Οἵ
2532 1321 2715 1380 πολλοὶ
2740 1320 2793 1380 δὲ
2812 1323 3048 1389 Χίλωνος
3076 1314 3206 1381 εἶναι
3255 1324 3315 1381 τὸ

1761 1403 2071 1484 ἀπόφθεγμα
2090 1407 2305 1484 (φασίν)·
2336 1406 2606 1486 Κλέαρχος
2625 1406 2679 1465 δὲ
2700 1407 2800 1465 ὑπὸ
2819 1414 2906 1466 τοῦ
2928 1413 3040 1466 θεοῦ
3061 1410 3310 1488 λεχθῆναι

1762 1492 1961 1551 Χίλωνι
1983 1492 2305 1570 Δαμαγήτου
2335 1494 2755 1573 Λακεδαιμονίῳ.
2780 1498 3072 1552 Chilonem
3097 1510 3313 1554 senten·

1757 1582 1888 1635 tiam
1910 1583 2015 1637 sibi
2045 1582 2379 1652 vindicasse,
2412 1580 2853 1650 ἐξιδιοποιεῖσθαι,
2890 1597 3077 1639 narrat
3106 1587 3311 1659 Dioge·

1753 1686 1850 1723 noe
1896 1672 1963 1725 L.
2012 1672 2070 1736 1,
2120 1676 2216 1735 4ο.
2275 1671 2359 1725 De
2404 1680 2700 1724 auctorum
2741 1671 2907 1725 variis
2950 1672 3314 1743 opinionibus

1751 1773 1808 1811 v.
1855 1756 2267 1814 Schneidewin.
2287 1757 2524 1813 Paroem.
2555 1758 2611 1824 1,
2632 1774 2692 1830 p.
2718 1755 2823 1829 391
2840 1798 2851 1810 .
2877 1758 3135 1813 Ceterum
3157 1759 3314 1813 locus

1752 1853 1941 1897 noster
1964 1844 2131 1897 etiam
2163 1843 2237 1897 ad
2276 1844 2713 1898 proverbiorum
2748 1862 2888 1917 opus
2914 1855 3096 1916 potest
3122 1846 3308 1903 referi.

2203 1989 2383 2047 ΠΕΡΙ
2432 1988 2874 2048 ΠΑΡΟΙΜΙΩΝ.

2487 2108 2579 2174 45.

2230 2222 2276 2277 Ε
2315 2222 2537 2278 LIBRO
2577 2222 2826 2278 PRIMO.

1833 2360 2129 2414 Athenaeus
2149 2360 2224 2427 X,
2243 2376 2297 2432 p.
2326 2356 2463 2428 457,
2483 2359 2525 2413 C
2549 2375 2563 2414 τ
2584 2354 2719 2415 Τίνα
2744 2354 2799 2413 δὲ
2815 2357 3027 2414 κόλασιν
3057 2357 3309 2434 ὑπέμενον

1752 2441 2021 2513 Ἀθήνησιν
2047 2445 2094 2500 οἱ
2119 2441 2191 2518 μὴ
2221 2443 2467 2506 λύσαντες
2493 2441 2581 2499 τὸν
2608 2440 2918 2522 προτεθέντα
2948 2451 3150 2523 γρῖφον,
3178 2444 3304 2520 εἴγε

1756 2531 1925 2588 ἔπινον
1986 2530 2176 2610 φιάλην
2232 2528 2634 2609 κεκερασμένην,
2687 2532 2757 2595 ὡς
2810 2530 2900 2587 καὶ
2950 2535 2979 2588 ὁ
3034 2530 3307 2611 Κλέαρχος

1754 2620 1997 2697 προεῖπεν
2013 2619 2066 2675 ἐν
2082 2612 2343 2695 τῷ”ορῳ;
2364 2618 2478 2674 Κάν
2493 2618 2567 2696 τῷ
2580 2614 2772 2696 πρώτῳ
2791 2615 2846 2673 δὲ
2863 2616 2994 2697 Περὶ
3013 2622 3309 2696 παροιμιῶν

1753 2701 1938 2782 γράφει
1982 2701 2165 2767 οὕτως·
2199 2728 2223 2754 ιι
2256 2704 2378 2761 Τῶν
2405 2700 2600 2781 γρίφων
2630 2706 2663 2772 ἡ
2697 2701 2908 2771 ζήτησις
2934 2704 3027 2759 οὐκ
3056 2704 3312 2782 ἀλλοτρία

1754 2787 2057 2869 φιλοσοφίας
2081 2788 2212 2847 ἐστί.
2251 2787 2356 2847 Καὶ
2381 2792 2427 2844 οἱ
2450 2788 2665 2846 παλαιοὶ
2684 2785 2776 2858 τὴν
2796 2792 2887 2858 τῆς
2909 2788 3144 2854 παιδείας
3172 2789 3307 2847 ἀπό-

1754 2874 1905 2944 δειξιν
1929 2879 1982 2934 ἐν
2009 2874 2204 2940 τούτοις
2225 2875 2505 2933 ἐποιοῦντο.
2532 2874 2866 2954 Προέὸαλλον
2889 2873 2990 2954 γὰρ
3018 2875 3163 2954 παρὰ
3186 2875 3305 2942 τοὺς

1753 2965 1968 3036 πότους,
1990 2966 2088 3043 οὐχ
2109 2962 2286 3041 ὥσπερ
2305 2965 2352 3020 οἱ
2370 2966 2457 3019 νῦν
2476 2965 2764 3042 ἐρωτῶντες
2787 2963 3070 3034 ἀλλήλους,
3099 2962 3177 3029 τίς
3202 2967 3302 3021 τῶν

1755 3054 2217 3132 ἀφροδισιαστικῶν
2273 3051 2633 3124 συνδυασμῶν,
2681 3048 2716 3120 ἢ
2774 3049 2849 3115 τίς
2898 3049 2932 3119 ἢ
2974 3050 3117 3116 ποῖος
3164 3050 3307 3127 ἰχθὺς

1754 3137 1992 3210 ἥδιστος,
2016 3135 2052 3207 ἢ
2074 3136 2149 3203 τίς
2177 3135 2552 3213 ἀκμαιότατος,
2581 3135 2657 3194 ἔτι
2682 3133 2737 3194 δὲ
2759 3136 2836 3202 τίς
2866 3140 2981 3212 μετ’
3004 3135 3305 3216 Ἀρκτοῦρον

1754 3224 1789 3295 ἢ
1820 3223 1953 3300 μετὰ
1986 3224 2249 3295 Πλειάδα,
2280 3222 2314 3295 ἢ
2347 3222 2423 3290 τίς
2470 3221 2604 3298 μετὰ
2644 3221 2791 3282 Κύνα
2836 3223 3067 3296 μάλιστα
3095 3222 3305 3303 βρωτός,

1755 3311 1864 3370 Καὶ
1893 3310 1979 3370 ἐπὶ
2005 3309 2202 3378 τούτοις
2242 3302 2376 3369 ἆθλα
2407 3308 2499 3387 μὲν
2528 3318 2633 3375 τοῖς
2669 3313 2850 3367 νικῶσι
2877 3310 3181 3390 φιλήματα,
3213 3310 3308 3387 μί-

1756 3421 1873 3463 σους
1910 3396 2031 3465 ἄξια
2062 3406 2167 3463 τοῖς
2206 3396 2474 3476 ἐλευθέραν
2518 3396 2754 3467 αἴσθησιν
2784 3395 3002 3475 ἔχουσι,
3027 3397 3218 3471 ζημίαν
3250 3398 3302 3456 δὲ

1755 3492 1859 3551 τοῖς
1897 3488 2164 3556 ἡττηθεῖσι
2198 3484 2468 3542 τάττουσιν
2498 3483 2721 3563 ἄκρατον
2749 3483 2905 3555 πιεῖν,
2948 3480 3004 3541 ὃν
3041 3482 3186 3553 ἥδιον
3213 3489 3306 3554 τῆς

1753 3571 1946 3648 ὑγιείας
1968 3573 2222 3631 πίνουσιν.
2251 3573 2458 3648 Κομιδῇ
2488 3570 2588 3649 γάρ
2616 3572 2727 3627 ἔστι
2754 3568 2922 3627 ταῦτά
2948 3592 3006 3645 γε
3034 3569 3172 3638 τινὸς
3199 3579 3307 3636 τοῖς

211 3659 470 3734 Diogenes
481 3665 617 3733 L.1‚
639 3662 816 3734 3o,de
834 3664 1205 3736 phialaquam
1222 3664 1663 3737 Croesussapien·
1751 3659 2055 3725 Φιλαινίδος
2075 3658 2165 3715 καὶ
2192 3657 2294 3723 τοῖς
2336 3655 2709 3736 ’Ἀρχεστράτου
2745 3655 3148 3735 συγγράμμασιν
3186 3658 3310 3735 ἐνῳ-

151 3742 330 3801 ῐὶἱείῐιιο
360 3750 685 3806 Graecorum
711 3750 836 3805 dari
861 3751 1080 3805 voluit:
1109 3746 1365 3813 Δαίδαλος
1394 3747 1437 3805 δ’
1459 3751 1487 3805 ὃ
1514 3750 1661 3807 Πλα-
1750 3745 1966 3817 κηκότος
1984 3792 2000 3823 ,
2033 3745 2110 3803 ἔτι
2156 3745 2209 3803 δὲ
2249 3745 2370 3825 περὶ
2408 3744 2501 3811 τὰς
2547 3743 2870 3820 καλουμένας
2916 3744 3306 3822 Γαστρολογίας

153 3907 221 3965 qni
239 3914 468 3976 vomunt,
481 3915 640 3965 simile
658 3914 887 3976 quiddam
898 3916 1081 3976 narrat,
1095 3913 1260 3963 diceus
1281 3933 1293 3963 z
1314 3932 1338 3955 κ
1352 3917 1505 3976 Atque
1523 3914 1667 3963 etiam

155 3986 330 4043 &aculis
359 3992 455 4041 tale
484 3993 604 4055 quid
636 3992 811 4042 accidit
842 3994 1035 4056 propter
1068 3994 1289 4041 innatum
1320 3993 1394 4041 sui
1432 3992 1662 4043 similium

155 4071 353 4112 imorem·
379 4069 460 4117 llis
480 4070 611 4119 enim
626 4105 644 4131 ,
675 4069 897 4131 quamvis
920 4068 1040 4117 adeo
1062 4068 1275 4117 versutia
1298 4068 1635 4131 praestantibus
1651 4105 1669 4130 ,

157 4137 296 4187 tamen
320 4142 356 4190 si
385 4147 545 4206 patera
591 4150 860 4208 apponatur
886 4146 994 4195 oleo
1021 4146 1227 4208 repleta,
1259 4144 1308 4194 in
1342 4147 1465 4195 labio
1492 4150 1669 4209 paterae

160 4212 414 4281 residentes,
447 4224 497 4272 et
529 4223 793 4272 introrsum
826 4225 1118 4285 spectantes,
1154 4233 1265 4268 cum
1309 4222 1488 4283 impetu
1515 4224 1664 4270 ruunt

163 4299 304 4340 versus
319 4306 448 4345 avem
462 4312 609 4361 quam
627 4300 758 4348 intus
779 4302 1144 4361 conspexerunt.
1171 4300 1336 4361 itaque
1353 4299 1459 4347 oleo
1478 4297 1669 4346 maden·

161 4362 271 4415 mm
290 4372 662 4433 conglutinantur
682 4375 772 4425 alae
785 4411 801 4438 ‚
824 4377 873 4425 et
891 4375 1028 4425 sacile
1045 4375 1160 4438 ipsae
1176 4375 1446 4437 capiuntur.
1487 4394 1510 4417 i>
1580 4422 1592 4431 ,

656 4524 1138 4585 AROESILAUS.

811 4663 883 4713 44
924 4674 974 4713 c.

221 4779 421 4834 uadatus
450 4788 717 4839 Platonicus
746 4793 797 4841 et
827 4789 1083 4839 clearchus
1118 4788 1326 4851 phialam
1358 4801 1386 4836 a
1414 4792 1580 4838 Croeso
1605 4789 1670 4836 sd

173 4853 377 4907 Pittacum
397 4862 582 4915 missam
617 4869 763 4928 atque
793 4866 864 4916 sic
895 4879 978 4927 per
1002 4865 1167 4914 orbem
1202 4866 1554 4927 (sapientium)
1577 4863 1673 4912 cir-

177 4930 507 4995 cmhhmeese
536 4941 719 4991 dicunt.

226 5008 386 5060 Pittaco
417 5019 691 5068 exercitium
721 5022 824 5068 erat
853 5020 1063 5069 triticum
1102 5019 1306 5077 molere,
1340 5020 1392 5066 ut
1417 5017 1677 5068 clearchus

179 5082 447 5149 &filosophus
459 5094 671 5147 testatur.

2228 3923 2324 3981 DE
2368 3921 2838 3981 PROVERBus.

2487 4028 2575 4078 45.

1819 4127 2063 4180 Quasnam
2084 4132 2198 4169 vero
2214 4132 2381 4182 poenss
2406 4118 2585 4168 dabant
2601 4118 2799 4169 Athenis
2825 4117 2873 4165 hi
2896 4118 2978 4179 qui
3008 4119 3307 4179 propositum

1756 4199 1976 4260 gripiium
1996 4196 2182 4247 solvere
2200 4209 2296 4245 non
2327 4197 2552 4257 possent,
2579 4194 2830 4256 siquidem
2859 4192 3065 4255 phialam
3096 4194 3300 4243 mixtam

1757 4276 1980 4324 biberunt
1993 4310 2007 4335 ,
2030 4275 2085 4322 ut
2102 4274 2169 4323 sit
2186 4272 2445 4322 Clearchus
2466 4271 2517 4319 in
2538 4269 2850 4319 Definitione?
2873 4269 3006 4319 idem
3025 4282 3138 4319 vero
3157 4272 3302 4319 etism

1758 4354 1878 4404 libro
1899 4352 2054 4415 primo
2080 4355 2149 4402 De
2172 4351 2351 4412 adagiis
2381 4350 2452 4399 sic
2468 4349 2634 4398 scribit
2660 4366 2675 4397 z
2697 4366 2724 4392 ιι
2740 4348 3031 4410 Gripboruin
3051 4350 3310 4411 propositio

1757 4433 2030 4494 solutioque
2051 4442 2150 4480 uon
2176 4433 2249 4480 est
2280 4430 2439 4478 aliena
2465 4441 2495 4478 a
2522 4426 2848 4490 philosophia,
2876 4428 2925 4475 et
2947 4427 2995 4475 in
3026 4426 3099 4475 his
3122 4428 3311 4476 veteres

1757 4509 1999 4572 specimen
2013 4508 2220 4558 edebant
2241 4505 2541 4556 eruditionis.
2577 4509 2710 4562 Quas
2726 4503 2852 4552 enim
2868 4503 2917 4551 in
2933 4503 3165 4551 convivus
3180 4517 3310 4566 quae-

1758 4588 1935 4636 stiones
1959 4586 2314 4648 proponebant,
2334 4597 2430 4633 non
2449 4586 2586 4634 erant
2602 4582 2700 4632 illae
2720 4582 2899 4632 similes
2916 4581 2990 4630 bis
3004 4594 3116 4644 quse
3138 4582 3313 4632 nostris

1757 4665 2057 4728 temporibus
2068 4664 2415 4728 agitarit-solent,
2424 4675 2577 4725 quum
2591 4662 2819 4723 querunt
2826 4659 3050 4719 invicem,
3068 4659 3310 4721 quodnam

1758 4756 1908 4803 genus
1923 4742 2117 4791 venerei
2132 4739 2419 4790 concubitus
2437 4740 2499 4789 sit
2511 4737 2910 4801 jucundissimum
2922 4772 2938 4798 ‚
2956 4739 3043 4785 aut
3063 4736 3171 4798 quis
3186 4749 3310 4799 qua-

1759 4820 1883 4868 lisve
1915 4819 2057 4880 piscis
2083 4818 2147 4867 sit
2172 4815 2509 4878 suavissimus,
2540 4816 2628 4865 aut
2658 4815 2769 4876 quis
2795 4814 3007 4862 maxime
3025 4814 3074 4861 in
3104 4826 3313 4876 praesens

1760 4897 1948 4958 vigeat?
1985 4898 2093 4945 tum
2124 4895 2234 4957 quis
2262 4897 2372 4957 post
2402 4896 2594 4944 Arcturi
2626 4897 2713 4942 sut
2739 4891 2987 4942 Pleiadum
3008 4895 3171 4941 ortum
3188 4928 3204 4953 ‚
3226 4894 3314 4941 aut

1762 4975 1871 5034 post
1892 4972 2176 5021 Caniculam
2204 4971 2412 5020 maxime
2438 4970 2623 5020 edendo
2645 4970 2737 5019 sit?
2766 4973 2828 5018 Et
2853 4982 2996 5031 super
3019 4969 3092 5017 his
3113 4969 3311 5030 praemia

1763 5046 2068 5097 vincentibus
2097 5049 2319 5096 statuunt
2335 5047 2525 5106 oscula,
2559 5045 2722 5095 odiosa
2753 5045 3026 5094 hominibus
3054 5045 3309 5105 ingenuum

1763 5137 1956 5173 sensum
1997 5123 2312 5183 habentibu83
2344 5134 2534 5185 poensm
2563 5136 2679 5171 vero
2715 5122 2877 5181 victis,
2906 5121 3069 5170 bibere
3097 5134 3309 5179 merum,

1762 5203 1894 5262 quod
1924 5203 2148 5251 libentius
2176 5202 2349 5250 bibunt
2377 5213 2523 5262 quam
2542 5200 2758 5249 sanitatis
2776 5201 3020 5261 poculum.
3052 5202 3173 5247 Sunt
3196 5212 3310 5248 sanc
