3900 6042
1550 521 2028 587 FRAGMENTA

142 686 311 723 secum
321 676 552 739 portant
575 662 821 734 longiore
846 667 1044 717 itinere
1058 703 1070 726 ,
1121 679 1191 715 ne
1218 662 1360 715 desit
1394 658 1631 730 olfactus
1663 680 1682 713 .·

140 761 381 830 graviore
390 754 570 827 paulo
590 751 754 806 odore
775 750 935 804 haud
948 746 1256 822 difficulter
1277 754 1616 802 exanimari.

226 860 308 914 ¹9·
350 841 538 913 Supra
562 838 662 892 hos
702 848 951 891 extrema
979 841 1038 889 in
1058 846 1223 908 parte
1262 841 1525 889 montium
1562 836 1681 889 Tri·

140 929 395 1002 spithami
434 929 799 999 Pygma-ique
823 936 1131 990 narrantur,
1166 933 1349 976 ternas
1377 921 1686 995 spithamas

145 1013 507 1088 longitudine,
559 1012 662 1066 hoc
695 1023 804 1077 est,
839 1023 1020 1066 ternos
1046 1010 1341 1064 dodrantes
1367 1027 1478 1064 non
1515 1027 1681 1063 exce-

142 1105 347 1167 dentes,
374 1101 588 1154 salubri
604 1099 741 1153 coeb)
765 1116 1084 1171 semperque
1103 1108 1379 1163 cremante,
1414 1097 1684 1152 montibus

147 1193 210 1245 ab
249 1193 510 1264 aquilone
547 1192 806 1263 oppositis
852 1208 872 1240 .-
919 1206 1052 1260 quos
1094 1206 1134 1240 a
1174 1187 1399 1260 gruibus
1430 1183 1685 1254 infestati

145 1277 398 1332 Homerus
428 1296 641 1350 quoque
680 1275 943 1350 prodidit.
1023 1274 1207 1328 Fama
1239 1285 1348 1341 est,
1391 1275 1685 1327 insidentes

144 1369 364 1418 arietum
393 1381 794 1437 caprarumque
810 1362 1011 1426 dorsis,
1040 1373 1282 1416 armatos
1300 1365 1521 1432 sagittis
1549 1366 1685 1414 veris

147 1465 373 1526 tempore
392 1521 397 1526 ι
416 1456 668 1507 universo
706 1455 932 1522 agmine
957 1450 1040 1502 ad
1078 1467 1233 1504 mare
1266 1449 1594 1503 descendere
1630 1460 1690 1502 et

145 1559 235 1593 ova
251 1542 540 1612 pullosque
565 1557 753 1594 earum
778 1539 971 1592 alitum
998 1553 1312 1591 consumere
1343 1555 1362 1588 .·
1389 1540 1557 1588 ternis
1581 1554 1685 1589 ea:-

144 1626 459 1696 peditionem
484 1643 612 1679 eam
629 1625 897 1679 mensibus
916 1622 1135 1696 confici,
1157 1623 1322 1676 aliter
1324 1618 1538 1691 sumt-is
1554 1639 1683 1692 gre·

146 1712 296 1781 gibus
320 1730 429 1767 non
451 1717 657 1767 resisti.
743 1711 923 1767 Casas
952 1729 1136 1765 eorum
1168 1711 1276 1763 luto
1294 1713 1597 1782 pennisque
1629 1718 1685 1762 et

147 1818 346 1854 ovorum
365 1801 755 1874 putaminibus
780 1804 1036 1855 construi.
1125 1795 1481 1873 [Aristoteles
1502 1802 1560 1850 in
1587 1814 1682 1850 ca·

152 1893 311 1942 vernis
337 1894 511 1942 vivere
551 1889 848 1962 Pygmaeos
886 1887 1060 1941 uadit
1099 1906 1119 1939 .·
1163 1897 1347 1940 cetera
1371 1886 1444 1940 de
1469 1884 1582 1953 liis,
1624 1895 1689 1938 ut

148 1975 372 2046 reliqui.]

223 2078 311 2115 22.
340 2055 584 2140 [Ctesias
606 2059 695 2134 (fr.
724 2058 758 2113 8
772 2059 819 2132 1)
841 2072 1056 2133 gentem
1077 2079 1150 2115 ex
1169 2058 1276 2127 his,
1296 2077 1426 2132 quoe
1435 2059 1682 2131 appelle·

151 2158 230 2198 eur
245 2148 503 2202 Pandere
517 2190 531 2212 ,
574 2153 635 2201 in'
656 2148 994 2202 convallibus
1014 2151 1180 2200 sitam
1193 2185 1213 2211 ,
1249 2163 1427 2199 annos
1448 2145 1686 2213 ducenos

154 2238 334 2302 vivere,
363 2238 419 2287 in
445 2239 681 2305 juventa
724 2234 967 2288 candido
1006 2234 1239 2307 capillo,
1294 2237 1389 2304 qui
1429 2237 1486 2285 in
1523 2251 1685 2286 sene-

152 2331 281 2373 ctute
314 2326 615 2394 nigrescat.
702 2319 907 2376 Contra
951 2321 1094 2374 alios
1140 2320 1527 2391 quadragenos
1576 2337 1686 2373 non

153 2408 397 2462 excedere
422 2426 603 2462 annos
608 2413 830 2478 junctos
849 2408 1187 2475 Macrobiis,
1214 2402 1688 2478 quorumsemince

153 2496 310 2548 semel
339 2501 582 2568 pariant
622 2515 643 2548 .·
685 2496 853 2568 idque
890 2506 946 2549 et
982 2492 1433 2566 Agatharchides
1482 2494 1680 2562 tradit;

148 2594 406 2654 prce-terea
438 2586 660 2638 locustis
680 2602 773 2638 eos
799 2584 883 2636 ali
916 2593 971 2636 et
995 2600 1111 2636 esse
1130 2579 1424 2657 pernices]
1508 2582 1686 2635 Man-

154 2669 331 2724 dorum
359 2671 704 2744 (Pandarum
727 2668 1047 2744 Schwanb.)
1074 2687 1273 2724 nomen
1299 2674 1363 2722 iis
1381 2670 1536 2723 dedit
1565 2669 1687 2724 Cli-

159 2755 360 2811 tarchus
387 2769 444 2812 et
464 2757 987 2830 Megasthenes,
1013 2769 1379 2831 trecentosque
1401 2774 1585 2811 eorum
1614 2761 1686 2810 vi·

156 2861 237 2897 cos
273 2858 618 2902 annumerat.
708 2847 972 2900 Femina-s
1020 2849 1253 2919 septimo
1306 2848 1496 2900 oetatis
1538 2861 1687 2897 aaetno

154 2949 347 3002 parere,
377 2944 656 2987 senectam
684 2932 1111 3005 quadragesimo
1140 2932 1409 2986 accidere.

870 3048 964 3112 34.

226 3149 489 3207 Plutarch.
505 3154 592 3206 De
606 3150 710 3207 fac.
734 3153 794 3205 in
816 3153 947 3206 luna
969 3170 1017 3208 c.
1040 3158 1133 3218 24,
1156 3169 1214 3224 p.
1239 3149 1515 3227 988‚B(p.
1545 3170 1566 3205 1
1585 3149 1691 3216 148

158 3236 342 3312 Didot)
373 3236 519 3305 εΤὴν
546 3234 642 3312 μὲν
664 3236 763 3313 γὰρ
788 3232 1008 3305 Ἰνδικὴν
1038 3235 1201 3314 ῥίζαν,
1228 3235 1293 3307 ἥν
1319 3259 1445 3315 φησι
1471 3239 1525 3296 Μ
1542 3260 1564 3294 ε
1580 3261 1690 3315 γα·

1727 632 1743 674 i

3206 539 3326 591 ⁴25

1775 672 1952 716 merat
1975 658 2071 732 (fr.
2099 659 2173 714 30
2195 661 2315 716 init.
2333 657 2371 736 ),
2396 677 2538 732 quos
2558 661 2778 716 referta
2795 663 3029 736 gruibus
3053 663 3322 721 infestari.

1773 746 1841 801 Id
1865 746 2020 818 quod
2050 748 2327 802 Homerus
2349 755 2362 812 t
2387 748 2458 820 11,
2486 750 2593 821 111,
2619 745 2708 822 6.)
2732 746 2804 801 de
2825 747 3088 821 Pygmaeis
3115 751 3331 822 cogita·-

1774 834 1854 886 vit
1881 852 2018 886 num
2041 851 2110 887 ex
2133 833 2295 888 India
2316 833 2431 903 jam
2456 836 2762 888 manaverit
2781 852 2987 900 necne,
3016 836 3072 890 h.
3102 836 3142 890 l.
3176 837 3327 891 inte-

1773 937 1937 992 grum
1967 921 2340 992 relinquatur.
2387 920 2613 974 Indicos
2655 931 2836 974 autem
2887 922 3172 994 Pygmaeoe
3207 921 3329 992 jam

1774 1007 2232 1060 commemoravit
2242 1007 2444 1061 Ctesias
2451 1006 2574 1061 Ind.
2589 1005 2673 1077 (fr.
2689 1005 2780 1075 57,
2798 1025 2816 1059 1
2837 1007 2903 1079 1),
2913 1025 3081 1078 quam
3092 1008 3332 1063 eandem

1773 1093 2149 1147 narrationem
2173 1111 2205 1148 a
2222 1094 2412 1148 multis
2431 1094 2794 1166 scriptoribus
2813 1104 2937 1166 post
2964 1096 3335 1168 Megasthenis

1775 1188 2029 1250 tempora
2051 1180 2349 1251 repetitam
2389 1178 2659 1234 videmus.
2741 1179 2870 1233 Indi
2896 1181 3180 1254 Pygmaeos
3213 1200 3335 1236 esse

1778 1266 2098 1319 Cirdtarum
2143 1275 2368 1339 gentem
2407 1265 2720 1319 existimant
2742 1305 2758 1332 ,
2808 1284 2931 1338 quoe
2981 1267 3176 1339 opinio
3215 1277 3332 1321 tam

1770 1350 1937 1407 firma
1967 1363 2047 1406 est
2070 1351 2224 1424 apud
2244 1369 2341 1406 eos
2358 1392 2373 1418 ,
2397 1363 2462 1405 ut
2485 1369 2625 1406 voce
2648 1358 2826 1407 cirdta
2851 1364 2907 1408 et
2927 1363 3147 1426 gentem
3178 1355 3330 1409 illam

1774 1447 1830 1490 et
1872 1455 2265 1509 quemcunque
2296 1437 2573 1509 pumilum
2613 1438 2727 1492 sive
2761 1439 3074 1511 Pygmaeum
3118 1442 3332 1514 signifi-

1776 1534 1920 1577 cent.
1952 1523 2037 1579 Cs.
2063 1525 2344 1578 Vilsonem
2366 1542 2409 1578 s.
2435 1541 2491 1577 v,
2517 1523 2735 1578 Deinde
2752 1524 2962 1579 Ciratas
2987 1545 3114 1580 cum
3144 1529 3330 1584 vultu·

1773 1609 1929 1663 ribus
1948 1610 2258 1682 aquilisque
2277 1627 2532 1684 pugnare
2556 1610 2878 1681 opinantur,
2902 1628 3070 1682 quam
3093 1627 3331 1687 propter

1772 1713 1892 1749 rem
1931 1692 2118 1751 Vis'n'i
2146 1696 2392 1768 aquilam
2419 1697 2648 1749 nomine
2673 1697 2944 1767 cirduiein
2975 1694 3051 1772 (i.
3073 1717 3125 1751 e.
3155 1700 3326 1754 Cir-d·-

1772 1793 1859 1835 tas
1874 1781 2112 1855 vorans)
2141 1783 2444 1855 appellant.
2473 1784 2543 1836 Et
2567 1799 2743 1853 quum
2770 1782 2966 1838 ciratae
2993 1782 3066 1837 ad
3091 1787 3331 1860 Mongo-

1773 1868 1904 1923 licas
1941 1879 2132 1942 gentes
2169 1871 2516 1942 pertineant,
2559 1868 2688 1922 Indi
2721 1870 2782 1922 in
2813 1869 2922 1924 illis
2956 1868 3335 1928 describendis

1772 1952 1972 2009 faciem
1993 1956 2275 2029 Mongolis
2290 1956 2580 2028 propriam
2603 1956 2785 2008 multo
2805 1954 3202 2012 deformiorem
3231 1959 3332 2014 de-

1771 2042 2097 2113 pinxerunt.
2135 2044 2321 2113 Quare
2353 2042 2734 2115 Megasthenes
2763 2044 2951 2114 potuit
2990 2043 3178 2099 dicere
3207 2062 3221 2102 :
3259 2034 3333 2100 ὧν

1775 2145 1919 2190 τινας
1955 2123 2293 2204 ἀμῦκτηρας,
2332 2124 2591 2191 ἀναπνοὰς
2619 2124 2834 2203 ἔχοντας
2878 2125 3032 2201 μόνον
3071 2128 3201 2206 ὑπὲρ
3241 2135 3333 2187 τοῦ

1776 2210 2031 2286 στόματος
2058 2213 2150 2288 (⁴²).

1854 2325 1879 2350 ι
1898 2303 2043 2356 Tum
2067 2302 2401 2356 memoravit
2421 2302 2798 2376 Megasthenes
2815 2299 3202 2369 Ἐνωτοκοίτας.
3235 2308 3334 2361 Ne·
3419 2361 3422 2364 .

1778 2405 1890 2459 que
1917 2390 2011 2443 ille
2037 2389 2128 2443 vel
2164 2390 2259 2445 alii
2279 2390 2458 2448 Graeci
2475 2431 2490 2458 ,
2514 2388 2614 2444 sed
2640 2390 2743 2462 ipsi
2766 2388 2896 2444 Indi
2914 2391 3021 2445 sibi
3049 2390 3337 2448 finxerunt

1776 2477 2166 2543 Enotoeoetas,
2214 2478 2312 2548 qui
2369 2477 2632 2530 sanserite
2680 2489 3077 2550 nuncupantur
3111 2475 3334 2534 carn'a-

1773 2558 2130 2629 prdvdran'oe
2150 2564 2189 2619 i.
2211 2579 2261 2619 e.
2283 2567 2385 2634 qui
2417 2563 2643 2616 auribus
2661 2566 2824 2633 quasi
2847 2575 3152 2636 tegumento
3173 2563 3332 2621 u'tun·

1780 2659 1885 2704 tur.
1912 2648 2168 2719 Quorum
2184 2649 2398 2702 mentio
2417 2649 2478 2701 in
2504 2649 2676 2720 epicis
2701 2650 3037 2705 carminibus
3059 2670 3176 2706 non
3201 2671 3334 2708 raro

1780 2736 2079 2804 iuvenitur,
2110 2754 2178 2791 ex
2207 2753 2257 2791 c.
2294 2733 2534 2791 Mahab'.
2564 2734 2642 2802 11,
2698 2752 2876 2808 1170,
2919 2735 3099 2807 1875,
3131 2748 3185 2792 et
3222 2748 3334 2793 tam

1781 2833 2045 2877 consueta
2073 2832 2154 2877 est
2179 2820 2333 2893 apud
2373 2820 2547 2878 Indos
2572 2822 2688 2876 haec
2722 2824 3019 2896 cogitatio,
3052 2835 3118 2879 ut
3150 2826 3330 2897 ipsum

1779 2927 1990 2963 nomen
2015 2910 2313 2982 proprium
2339 2903 2876 2981 Carn'aprdvaran'd
2897 2912 3207 2984 reperiatur
3223 2915 3334 2968 Ma·

1777 2994 1925 3049 hab’.
1969 2996 2077 3064 IX,
2123 2995 2298 3061 2643.
2349 2997 2417 3049 Et
2449 2996 2510 3049 iu
2546 2994 2867 3067 Rmajm'a
2911 2999 3068 3053 locus
3101 2999 3332 3072 quidam

1780 3092 1960 3137 exstat
2009 3082 2265 3137 nondum
2317 3081 2561 3149 editura,
2590 3099 2760 3154 quem
2808 3085 2994 3139 attulit
3034 3088 3328 3141 Lassenius

1784 3167 2081 3239 (Zeitschr.
2109 3166 2174 3239 f.
2225 3170 2423 3224 Kunde
2463 3171 2525 3226 d.
2565 3170 2844 3243 Morgenl.
2887 3172 2963 3226 11.
3001 3173 3173 3246 40.),
3217 3191 3332 3245 quc

1780 3267 2166 3311 memorantur
2211 3257 2456 3323 εἰπάτω,
2510 3275 2743 3329 quorum
2785 3259 2894 3312 alii
2935 3263 2996 3312 in
3041 3260 3334 3315 Mundam

158 3341 188 3376 ⁶
202 3319 337 3391 θὲνη
351 3347 375 3389 ς
408 3323 534 3398 μήτ’
558 3323 818 3389 ἐσθίοντας
847 3322 982 3398 μήτε
1019 3322 1259 3390 πίνοντας
1290 3324 1405 3381 ἀλλ’
1435 3324 1689 3401 ἀστόμους
1783 3354 1963 3397 monte
1983 3342 2262 3411 habitant,
2288 3345 2395 3398 aliz·
2416 3345 2642 3398 auribus
2657 3349 2821 3417 quase·
2839 3355 3152 3418 tegumento
3175 3360 3334 3402 umn-

159 3405 290 3474 &vtae
307 3411 581 3491 ὓπῡτῦφειν
604 3410 693 3468 καὶ
719 3415 902 3485 θυμιᾶν
928 3411 1017 3468 καὶ
1039 3409 1311 3491 τρίφῑσθᾶῑ
1329 3415 1393 3490 τῇ
1412 3414 1571 3490 ὀσμῇ,
1594 3412 1688 3469 πό·
1783 3441 1891 3497 tur,
1931 3429 2245 3496 horribiles,
2295 3435 2470 3504 nigris
2491 3427 2786 3500 faciebus,
2836 3435 3072 3503 singulis
3109 3435 3332 3506 quidem

160 3498 235 3550 ⁰⁸⁹
267 3495 325 3552 ἄν
362 3520 436 3565 τις
463 3501 573 3557 ἶκίῖ
615 3498 873 3577 φυομένην
923 3496 1075 3557 λᾶὅθῑ
1117 3497 1193 3574 μὴ
1241 3497 1559 3578 §moy-ivn<
1596 3504 1687 3570 τῆς
1734 3511 1744 3591 fl
1774 3511 2031 3588 pedibus,
2081 3528 2267 3571 tamen
2307 3521 2403 3591 qui
2435 3519 2685 3587 veloces,
2724 3520 2898 3573 deleri
2931 3538 3042 3574 non
3071 3533 3323 3593 possunt,

164 3581 392 3654 ocimo

230 3669 522 3727 Recensitis
541 3714 557 3742 ,
588 3691 710 3745 quae
738 3674 1115 3749 Megasthenes
1143 3672 1213 3727 de
1239 3674 1464 3747 populis
1491 3674 1695 3729 Indicis

164 3755 334 3824 tradit,
347 3760 479 3814 utile
498 3771 556 3814 et
566 3759 880 3831 jucundum
900 3760 1172 3832 subjicere
1192 3780 1314 3833 quae
1335 3761 1405 3815 de
1423 3761 1509 3815 his
1522 3761 1695 3828 ,docet

160 3843 608 3902 Schwanbeckius
646 3865 705 3920 p.
739 3845 811 3901 65
857 3866 982 3920 sqq.
1009 3872 1033 3896 α
1052 3850 1297 3904 Primum
1322 3848 1696 3924 Megasthenes

164 3932 391 3984 narravit
420 3932 533 3987 hoc
580 3952 593 3986 ε
632 3928 769 3995 Τοὺς
800 3929 888 3987 τὸν
926 3930 1200 3990 Καύκασον
1229 3933 1491 3998 οἰκοῦντας
1527 3937 1582 3991 ἐν
1623 3938 1696 4014 τῷ

165 4017 351 4093 φανερῷ
388 4015 585 4086 γυναιξὶ
629 4017 905 4093 μίσγεσθαι
956 4018 1047 4075 καὶ
1091 4027 1436 4099 σαρκοφαγεῖν
1479 4020 1545 4077 τὰ
1590 4024 1692 4079 τῶν

162 4104 401 4176 συγγενῶν
416 4103 639 4179 σώματα
666 4106 769 4179 (fr.
800 4126 872 4178 27
898 4117 1040 4163 extr.
1056 4108 1099 4183 ).
1126 4109 1447 4165 Herodotus
1468 4129 1697 4183 quoque

164 4188 380 4245 alterum
399 4192 469 4247 de
488 4195 710 4250 Calatiis
725 4204 783 4249 et
793 4193 1002 4250 Padaeis
1018 4194 1155 4270 (111,
1185 4196 1279 4251 38.
1303 4197 1440 4272 99),
1460 4198 1697 4252 alterum

78 4285 79 4294 ¹
164 4273 229 4329 de
254 4277 356 4332 alio
371 4280 616 4352 quodam
635 4281 832 4337 Indico
845 4283 1065 4354 populo
1082 4282 1364 4356 narravit(
1382 4285 1492 4351 111,
1530 4303 1629 4340 101
1652 4283 1693 4359 ).

166 4360 310 4418 Idem
343 4368 556 4422 Marcus
590 4369 792 4423 Paulus
839 4369 988 4442 (111,
1040 4373 1133 4444 17)
1173 4369 1391 4440 retulit,
1425 4382 1479 4425 et
1516 4373 1698 4428 adhuc

164 4467 286 4518 gens
304 4454 357 4505 in
380 4453 590 4524 vind'ja
616 4467 806 4510 monte
834 4455 1088 4511 habitans
1109 4468 1377 4532 cognatos
1403 4459 1699 4516 comedere

168 4534 376 4593 dicitur.
398 4541 481 4597 Cf.
506 4543 709 4595 Ritter.
734 4546 902 4596 Asien
923 4544 1010 4612 11,
1041 4542 1171 4616 519.
1190 4545 1388 4615 Itaque
1409 4563 1516 4617 pro
1542 4557 1696 4602 certo

167 4626 476 4681 sumendum
502 4639 616 4695 aet,
646 4629 787 4683 hanc
810 4647 929 4683 rem
957 4629 1297 4703 Megastheni
1325 4649 1386 4685 re
1417 4649 1547 4687 vera
1569 4651 1701 4688 nar-

172 4719 330 4764 ratam
371 4732 508 4783 esse,
549 4717 800 4788 quamvis
841 4716 1122 4786 conjicere
1169 4719 1374 4786 liceat,
1396 4719 1457 4772 in
1492 4719 1691 4774 descri-

170 4792 339 4852 benda
378 4804 551 4874 gentis
585 4803 890 4876 aboriginis
930 4805 1270 4860 immanitate
1310 4806 1514 4874 Indos»,
1558 4810 1698 4862 sicut

170 4881 361 4950 solent,
385 4888 616 4942 modum
644 4900 699 4944 et
720 4891 1011 4944 veritatem
1034 4893 1338 4946 excessisse.

1780 3608 1896 3657 viri
1930 3604 2261 3677 proevalidi,
2309 3604 2760 3679 anthropophagi
2797 3603 2915 3680 (¹⁸³).
2948 3607 3065 3661 Hos
3106 3625 3335 3681 quoque

1843 3749 1905 3809 (*)
1921 3749 1992 3798 Cf.
2012 3750 2137 3798 ctoe.
2156 3747 2302 3812 lnd.§
2324 3755 2371 3798 11
2403 3751 2561 3798 ιαῦτοὶ
2577 3751 2765 3813 &citici
2779 3768 2827 3799 τε
2843 3752 2921 3800 καὶ
2937 3752 3140 3815 αῖσχροί.
3163 3754 3331 3802 AElian.

1782 3819 1843 3866 H.
1860 3823 1916 3866 Α.
1940 3820 2068 3877 xvi,
2085 3824 2142 3866 22
2162 3821 2222 3867 :X
2236 3835 2290 3866 κι
2303 3823 2468 3882 ρᾶται
2486 3821 2628 3883 πέραν
2643 3820 2797 3870 Ἰνδῶν
2816 3821 2940 3876 Ιθνος
2955 3823 3082 3883 σιμοὶ
3093 3823 3330 3885 τὰςρἶνας.

1784 3886 1955 3948 Peripl.
1974 3899 2096 3935 mar.
2119 3888 2310 3949 Erythr.
2331 3901 2381 3950 p.
2398 3897 2459 3940 ³5
2476 3890 2626 3940 Huds.
2649 3893 2896 3954 εΚιρρᾶδαι
2910 3927 2924 3951 ,
2938 3893 3066 3951 γένος
3076 3892 3334 3954 ἀνθρώπων

1784 3956 2149 4019 ἐκτιθλιμμὲνων
2165 3959 2247 4015 τὴν
2265 3959 2385 4021 ῥῖνα,
2402 3960 2591 4022 ἀγρίων.
2609 3961 2700 4021 Ipsi
2719 3960 2824 4010 ludi
2841 3961 3157 4010 intereetems
3174 3966 3338 4023 gentes

1780 4039 2157 4077 connumerare
2178 4030 2335 4078 solent
2351 4030 2786 4092 K'ipit’andsicas
2807 4031 2840 4078 i.
2865 4042 2909 4079 e.
2931 4030 3061 4091 σιμοὶ
3081 4030 3165 4086 τὰς
3187 4033 3329 4093 ῥῖνας.

1783 4100 1866 4146 As.
1888 4101 2002 4147 Res.
2034 4100 2163 4148 vlu.
2201 4101 2309 4147 340.
2340 4101 2524 4148 Nomen
2563 4102 2780 4159 seyr-iles
2815 4102 2949 4159 (var.
2971 4098 3007 4147 1.
3046 4100 3270 4160 syricus
3286 4102 3332 4160 ),

1782 4166 1913 4227 quod
1932 4166 2113 4216 Plinius
2133 4181 2196 4218 ex
2223 4168 2522 4230 Megasthffle
2543 4168 2764 4230 tradidit,
2789 4168 3004 4229 paullum
3020 4166 3334 4230 depravatum

1786 4234 1993 4284 videtur.

1846 4304 1934 4366 θ’)
1961 4303 2163 4354 Mahab'.
2185 4308 2250 4368 n,
2277 4309 2396 4355 ¹170
2413 4325 2426 4354 ε
2446 4308 2543 4362 Qui
2563 4307 2618 4355 in
2632 4306 2819 4355 insulis
2838 4307 3063 4355 marinis
3085 4305 3333 4357 habitant

1784 4386 1954 4435 reyes,
1986 4388 2021 4423 a
2050 4375 2279 4425 barbara
2307 4378 2456 4437 cente
2478 4375 2723 4430 oriundi,
2761 4373 3008 4434 Nts’ddoe,
3030 4378 3082 4424 et
3112 4376 3335 4426 Anthro-

1782 4443 2007 4506 paphum
2022 4479 2037 4504 ,
2079 4443 2615 4507 Carn'aprdvaran'oe
2654 4447 2722 4502 (s.
2744 4445 3056 4503 ‚Enotccoetae
3069 4444 3087 4504 )
3100 4480 3116 4506 ,
3155 4447 3206 4493 et
3243 4449 3334 4508 qui

1785 4513 2196 4575 Melonem-osopi
2233 4513 2591 4576 appellantur,
2627 4514 2694 4562 ab
2717 4514 3005 4564 hominibus
3022 4517 3074 4563 et
3099 4513 3329 4565 λάεσσι,

1785 4581 2014 4632 oriundi.

1850 4655 1905 4701 ln
1932 4652 2206 4701 universum
2229 4654 2506 4716 pervulgata
2527 4656 2602 4703 est
2622 4653 2750 4714 apud
2783 4653 2925 4703 Indos
2953 4653 3140 4716 opinio,
3177 4657 3340 4716 gentes

1786 4721 2016 4770 barbaras
2031 4722 2212 4783 magnis
2227 4723 2424 4773 auribus
2439 4736 2542 4772 esse
2560 4723 2780 4785 prmditas
2800 4737 2814 4771 ε
2835 4724 2904 4772 ita
2925 4736 3022 4772 non
3044 4723 3187 4772 modo
3217 4736 3336 4773 car·

1788 4790 2201 4853 n'aprdvaran'oe
2224 4794 2551 4841 memorantur
2569 4823 2630 4834 —
2659 4793 2790 4854 quod
2817 4791 3010 4854 quidem
3027 4804 3202 4842 nomen
3218 4805 3332 4842 con-

1787 4861 1918 4909 fundi
1938 4862 2076 4909 tacite
2094 4862 2279 4923 poterat
2295 4874 2408 4910 cum
2436 4874 2553 4912 voce
2570 4859 3073 4925 tannaprdvaran'a
3094 4862 3151 4920 (i.
3170 4875 3212 4911 e.
3233 4864 3335 4924 pel-

369 4974 379 4985 ,
784 4982 793 4992 ‚
1307 4985 1316 4993 ,
1741 4939 1748 4972 i
1787 4931 1911 4978 libus
1927 4930 2226 4989 indutus)—
2250 4931 2332 4980 sed
2357 4932 2500 4980 etiam
2521 4931 2788 4993 carn'tcoe,
2811 4931 3205 4988 lumbacarn'oe,
3229 4945 3336 4981 ma·

242 4992 263 5016 «ι
286 4972 494 5029 Deinde
527 4976 1010 5048 Pentaspithamos
1043 4990 1101 5031 et
1134 4980 1533 5051 Trispithamos
1552 5000 1693 5034 neu·
1740 4977 1749 5045 Ι

1788 4998 2054 5048 luicarn'ce
2083 5000 2147 5060 (i.
2173 5014 2201 5049 e
2247 5001 2585 5064 μεγαλώτιοι),
2605 5001 2986 5052 us’l’racarn'oe
3020 5002 3080 5062 (i,
3108 5015 3154 5052 e.
3181 5019 3334 5064 καμη-

177 5079 3310 5114 ———————-———-———--————-—-—

232 5219 377 5269 indica
404 5224 479 5274 illa
508 5226 669 5288 radix,
692 5242 838 5290 quam
872 5148 1278 5292 guinegasmenes
1313 5245 1421 5291 coS,
1463 5231 1544 5293 qui
1583 5232 1697 5282 nihil

158 5293 572 5367 stimulantque
590 5343 604 5367 ,
624 5321 773 5370 quum
796 5322 850 5358 os
881 5322 977 5358 non
1009 5310 1211 5360 habeant
1225 5346 1240 5372 ,
1275 5310 1436 5360 suffire
1456 5315 1598 5374 atque
1634 5312 1696 5360 ita

1786 5151 1931 5198 odore
1965 5153 2111 5198 vitam
2148 5153 2413 5200 sustentare
2444 5165 2605 5212 suam,
2649 5151 2777 5200 unde
2818 5154 2929 5200 nata
2969 5151 3066 5200 illic
3105 5154 3312 5201 sumatui

1785 5243 1935 5292 quum
1965 5231 2095 5280 nulla
2114 5232 2274 5280 lunam
2296 5230 2439 5293 rigeat
2459 5230 2651 5292 pluvia?

1926 5469 1954 5492 ο
