3900 6042
1237 494 1654 557 ARGOLIDIS
1696 495 2204 557 RESPUBLICAE.

116 623 303 703 ᾤκισε,
335 620 558 690 δόξαν
529 618 580 679 οὲ
621 619 850 695 μάλιστα
894 619 1102 676 πάντων
1132 622 1203 686 ὡς
1240 619 1368 700 ἀνὴρ
1413 619 1580 697 λόγιος
1618 622 1673 678 ἐν

116 715 212 775 τοῖς
237 710 354 767 τότε
385 708 482 768 καὶ
508 707 805 787 σοφώτατος
826 705 1001 784 ἔσχεν.
1027 697 1135 766 Ἦν
1159 707 1212 765 δὲ
1236 712 1329 778 τῆς
1348 709 1532 789 σοφίας
1549 710 1677 767 ἐκεί·

119 821 200 868 νης
213 794 436 866 τοιαύτη
463 818 578 868 τις,
606 801 680 860 ὡς
702 793 890 864 ἔοικεν,
912 792 1023 850 ἰδέα
1048 793 1137 851 καὶ
1161 793 1406 871 δύναμις,
1429 794 1515 853 οἵα
1540 817 1673 874 χρη-

119 885 329 960 σάμενος
357 882 610 948 Ἡσίοδος
637 880 896 956 εὐδοκίμει
927 878 1180 954 μάλιστα·
1199 882 1321 960 περὶ
1352 880 1445 948 τὰς
1473 884 1528 939 ἰν
1569 886 1676 948 τοῖς

118 971 320 1049 Ἔργοις
341 969 731 1047 γνωμολογίας.
761 966 870 1027 Καὶ
894 966 1022 1043 μίαν
1050 989 1109 1042 γε
1132 967 1331 1026 τούτων
1367 968 1567 1037 ἐκείνην
1589 967 1675 1027 λέ-

118 1081 256 1135 γουσι
283 1055 529 1124 Πιτθέως
557 1047 714 1128 εἶναι,

231 1190 408 1245 Μισθὸς
440 1188 485 1236 δ’
521 1187 649 1250 ἀνδρὶ
683 1185 799 1250 φίλῳ
830 1189 1064 1250 εἰρημένος
1093 1186 1251 1250 ἄρκιος
1282 1188 1422 1235 ἔστω.

119 1310 276 1366 Τοῦτο
303 1309 401 1383 μὲν
429 1299 525 1366 οὗν
553 1307 648 1365 καὶ
688 1306 1046 1387 Ἀριστοτέλης
1077 1310 1106 1364 ὁ
1151 1307 1423 1386 φιλόσοφος
1450 1305 1672 1384 εἴρηκεν.

122 1397 442 1452 Welckerus
475 1395 673 1470 (Cycl.
696 1414 755 1468 p.
791 1396 896 1470 49)
921 1397 1074 1451 hunc
1102 1399 1293 1451 locum
1314 1413 1346 1450 e
1365 1396 1521 1449 libris
1543 1392 1675 1469 Περὶ

121 1484 336 1551 tot-eidi*
364 1481 601 1538 fluxisse
625 1494 838 1560 censet3
867 1483 1028 1555 quod
1045 1501 1166 1537 non
1191 1485 1527 1556 negaverim.

791 1619 891 1697 [96
919 1619 1000 1696 a.]

195 1765 399 1843 [Arist.
431 1768 564 1822 Pol.
595 1769 729 1836 vll,
760 1769 858 1837 ι4,
883 1776 967 1833 4:
1004 1765 1099 1826 Ἐν
1127 1764 1271 1831 ὅσαις
1307 1763 1407 1844 γὰρ
1440 1768 1542 1822 τῶν
1571 1765 1673 1822 πό-

127 1854 241 1909 λεων
269 1850 698 1930 ἐπιχωριάζεται
736 1874 797 1910 το
841 1851 983 1918 νέους
1019 1851 1351 1929 συζευγνύναι
1386 1856 1500 1909 καὶ·
1521 1850 1670 1928 νέας,

129 1939 304 2004 ἀτελεῖς
331 1939 426 1996 καὶ
470 1960 659 2018 μικροι
694 1938 763 1996 τὰ
799 1938 1023 2015 σώματά
1051 1941 1200 1999 εἰσιν.
1243 1935 1371 1997 Ἔτι
1404 1935 1460 1995 δὲ
1488 1939 1541 1995 ἐν
1566 1942 1675 2004 τοῖς

129 2026 274 2091 τόκοις
314 2029 369 2083 αἱ
408 2026 527 2083 νέαι
565 2024 785 2084 πονοῦσί
825 2049 882 2084 τε
925 2026 1126 2102 μᾶλλον
1164 2025 1253 2083 καὶ
1299 2023 1674 2104 διαφθείρονται

127 2113 333 2179 πλείους·
369 2113 450 2171 διὸ
482 2113 583 2172 καὶ
611 2112 700 2170 τὸν
727 2112 967 2192 χρησμὸν
993 2112 1230 2191 γενέσθαι
1263 2110 1395 2177 τινές
1421 2134 1549 2190 φασι
1589 2110 1673 2169 διὰ

131 2198 348 2270 τοιαύτην
378 2199 560 2256 αἰτίαν
588 2199 698 2265 τοῖς
718 2198 1064 2279 Τροιζηνίοις,
1100 2201 1170 2266 ὡς
1201 2199 1410 2256 πολλῶν
1438 2199 1671 2278 διαφθει-

133 2283 336 2361 ρομένων
382 2284 469 2343 διὰ
515 2285 586 2343 τὸ
632 2285 984 2362 γαμίσκεσθαι
1023 2285 1116 2353 τὰς
1155 2283 1430 2364 νεωτέρας,
1459 2286 1575 2342 ἀλλ’
1615 2287 1674 2343 οὗ

136 2370 242 2447 πρὸς
261 2369 351 2442 τὴν
380 2374 484 2429 τῶν
505 2374 733 2449 καρπῶν
755 2370 994 2448 κομιδήν.
1004 2372 1027 2449 ]

204 2462 316 2514 «In
340 2463 608 2536 margine
660 2460 792 2516 cod.
831 2459 1008 2516 Paris.
1049 2460 1199 2516 2023
1243 2471 1672 2565 peropportune

138 2556 382 2601 servatum
407 2548 586 2603 nobis
614 2559 697 2603 est
711 2545 825 2603 hoc
851 2548 1179 2603 oraculum.
1208 2544 1282 2620 μὴ
1306 2544 1363 2602 τὲ
1389 2544 1530 2622 (sic)
1549 2567 1674 2621 μνε-

136 2651 180 2685 νε
183 2652 233 2694 ας
257 2631 389 2709 (sic)
418 2631 629 2703 ἄλοκα,
651 2634 691 2690 i.
719 2653 769 2692 e
801 2630 876 2707 μὴ
899 2621 1057 2709 τέμνε
1070 2629 1188 2697 νίας
1214 2630 1415 2689 ἄλοκα·
1435 2634 1552 2687 nole·
1569 2635 1676 2686 sub-

140 2737 240 2773 cum
268 2725 591 2794 Imprimem
620 2727 823 2797 vit-gin?
851 2717 1023 2800 (νέα),
1051 2741 1180 2795 quoe
1193 2722 1432 2775 nondum
1457 2733 1675 2775 matura

141 2817 207 2858 est
223 2812 356 2877 vim,
386 2810 478 2865 vel
509 2829 525 2864 ι
558 2805 638 2884 μὴ
668 2806 820 2883 τέμνε
849 2815 965 2873 νεᾶς
987 2806 1185 2876 ἄλοκα,
1208 2809 1326 2863 noli
1345 2810 1554 2862 sulcum
1571 2826 1673 2862 em·

133 2898 345 2960 prime-re
379 2900 591 2952 novali.
626 2897 804 2970 Igitur
841 2895 913 2951 i'ta
944 2896 1171 2951 fortasse
1198 2896 1444 2950 habebat
1468 2913 1674 2952 oracu-

41 2975 44 3060 ῙΙ
146 2977 238 3034 Ιιιιιι
264 3001 277 3034 :
303 2979 456 3039 Ἀλλὰ
483 2980 638 3050 νέας,
666 2981 920 3060 Τροίζην,
948 2980 1142 3047 οἷλοκας
1161 2979 1236 3055 μὴ
1264 2979 1419 3056 τέμνε
1446 2981 1675 3060 βαθείας.

41 3117 44 3154 5
128 3065 257 3129 »Νέας
280 3070 446 3142 igitur
472 3069 552 3127 ad
577 3067 641 3126 τὸ
671 3068 981 3146 γαμίζεσθαι
1002 3066 1095 3135 τὰς
1116 3065 1367 3146 νεωτέρας
1392 3072 1674 3144 pertinet;

41 3163 44 3216 ξ
145 3159 241 3218 νεᾶς
262 3174 391 3211 vero
413 3156 490 3213 ad
515 3154 624 3224 τὴν
641 3159 744 3213 τῶν
760 3158 974 3235 καρπῶν
993 3154 1231 3229 κομιδήν.
1250 3159 1437 3229 Atque
1463 3159 1680 3212 Troeze·

141 3239 205 3298 nii
231 3242 298 3295 ita
321 3245 727 3301 intellexerunt
750 3246 1071 3311 oraculum,
1096 3245 1251 3316 quasi
1273 3250 1390 3307 νεᾶς
1422 3243 1674 3312 dixisset,

41 3339 42 3342 ’
146 3347 295 3400 quum
318 3331 432 3396 νέας
453 3334 954 3407 pronuntiasset.
987 3333 1273 3404 Goetele'ng.
1306 3331 1379 3387 ad
1399 3334 1457 3385 h.
1482 3334 1518 3386 l.

208 3420 283 3473 De
307 3421 569 3504 Mycem's
599 3412 927 3475 Arist'oteles
954 3419 1217 3475 laudatur
1244 3419 1397 3493 apud
1425 3420 1675 3477 Eustath.

41 3559 42 3562 ,
149 3502 527 3578 ιά.11.Δ,ι.ο,
557 3527 623 3581 p.
661 3507 771 3573 443
806 3509 930 3562 init.
963 3510 1159 3565 τΔοκεῖ
1181 3504 1231 3562 δὲ
1255 3507 1473 3562 ἐνταῦθα
1499 3526 1678 3581 μαντι·

41 3599 42 3602 ’
149 3586 340 3668 εώτερον
356 3596 689 3671 παρακαλεῖν
713 3596 741 3649 ὁ
761 3591 981 3664 ποιητὴς
1007 3590 1138 3663 τὴν
1131 3596 1224 3661 τῆς
1251 3591 1439 3660 Μυκήν
1414 3615 1504 3660 νης
1528 3590 1676 3647 ἀπώ-

41 3741 44 3744 Ᾰ
149 3674 270 3733 λειαν
279 3677 373 3749 ,ἣν
395 3681 451 3737 ἐκ
473 3683 582 3738 τῶν
616 3681 864 3759 ῥηθεισῶν
890 3682 1046 3758 τριῶν
1075 3681 1183 3754 (sc.
1217 3677 1448 3748 πόλεων,
1465 3671 1680 3753 Ἄργους

153 3761 370 3841 Σπάρτης
391 3767 478 3825 καὶ
508 3765 796 3842 Μυκήνης)
827 3769 998 3831 κακῶς
1027 3769 1299 3823 παθουσαν
1322 3763 1412 3820 καὶ
1441 3761 1677 3840 Ἀριστο-

151 3844 278 4008 ³3³5
293 3850 553 3993 ἱρτόρηκε.
597 3855 737 3926 Quae
762 3857 935 3928 petita
956 3871 1069 3910 esse
1086 3864 1228 3927 puto
1247 3871 1317 3908 ex
1345 3847 1675 3927 Ἀπορήμασι

267 3958 307 4014 i?
328 3960 446 4005 ’‘0‘ss-

155 4099 294 4162 auxit,
308 4103 388 4153 sed
403 4117 502 4167 prm
516 4104 753 4195 ’omnibus
776 4117 952 4154 nomen
975 4105 1184 4154 obtinuit
1200 4102 1330 4152 docti
1348 4117 1435 4192 pro
1453 4103 1547 4152 iliis
1565 4106 1680 4152 tem-

95 4272 106 4288 κ
156 4249 250 4300 talis
271 4253 386 4317 fere,
409 4261 463 4307 ut
485 4257 687 4308 credere
714 4271 798 4320 per
825 4217 927 4320 est,
945 4258 1127 4320 species
1156 4259 1205 4306 et
1223 4258 1327 4317 vis,
1355 4255 1486 4319 quali
1512 4257 1677 4306 noeio-

158 4325 234 4376 dus
247 4343 384 4392 quum
417 4337 654 4396 uteretur,
678 4335 1000 4385 celebritatem
1033 4336 1235 4397 adeptus
1256 4337 1329 4385 est
1354 4335 1594 4396 proecipuc
1618 4347 1680 4381 ex

159 4410 372 4461 sententiis
387 4413 434 4462 in
455 4415 611 4476 libro,
633 4427 778 4476 quem
798 4418 954 4477 Opera
970 4413 1229 4476 appellavit
1242 4450 1257 4475 ,
1282 4414 1486 4477 scriptis.
1524 4416 1679 4463 Unam

163 4481 307 4535 harum
326 4489 490 4540 Pitthei
509 4492 676 4540 serunt
699 4491 838 4540 misse
850 4528 865 4552 ,
889 4491 1014 4540 hanc
1029 4489 1254 4540 videlicet
1267 4528 1280 4550 ,

250 4566 432 4618 sufficiat
448 4585 619 4620 merces
637 4585 735 4630 qun
752 4573 1022 4619 decernatur
1039 4575 1202 4619 amico.

167 4646 300 4707 Atque
334 4649 420 4700 boc
453 4654 730 4703 Aristoteles
761 4665 958 4715 quoqne
992 4652 1302 4715 philosophus
1330 4650 1544 4701 tradidit.

811 4757 902 4822 [96
929 4758 1002 4822 a.]

221 4856 511 4920 [argumento
527 4869 600 4915 est
612 4867 742 4928 quod
768 4866 945 4928 quibus
961 4866 1011 4915 in
1027 4865 1301 4915 civitatibus
1318 4864 1685 4915 adolescentulis

170 4935 299 4985 soient
311 4940 525 4999 menatae
548 4944 727 4993 nubere
739 4980 753 5003 ,
776 4944 827 4992 in
846 4944 920 4993 his
935 4944 1149 4993 homines
1166 4944 1429 5005 imperfecti
1447 4946 1496 4993 et
1512 4956 1682 5004 corpo·

173 5008 441 5077 ribinexigui
467 5022 743 5069 naseuntur.
767 5021 839 5070 Ad
868 5020 975 5069 hoec
999 5021 1045 5068 in
1068 5023 1208 5082 partu
1228 5020 1397 5082 puenoe
1415 5018 1684 5069 adolescen-

173 5087 680 5166 tulaeungislabornnt,
712 5101 761 5147 et
794 5098 954 5159 piures
977 5099 1234 5147 intereunt.
1264 5101 1431 5160 ltaque
1458 5097 1521 5145 ob
1538 5099 1682 5147 talem

175 5176 339 5217 faunam
357 5173 608 5223 Troezeniis
630 5176 811 5224 alitum
830 5189 931 5225 esse
954 5177 1200 5225 oraculum
1225 5177 1417 5238 quidam
1447 5177 1680 5238 interpre-

177 5245 333 5306 ¹³¹¹¹⁸¹¹¹2
360 5252 546 5311 [winde
567 5254 701 5316 «lilasi
729 5256 896 5305 multa·
916 5257 1133 5306 mulieres
1164 5257 1436 5317 interirent,
1457 5257 1567 5318 qnia
1603 5256 1681 5316 ju-
1721 5280 1731 5294 ·

3202 514 3308 564 137

2263 622 2277 696 (
2298 623 2805 700 ΕΠΙΔΑΥΡΙΩΝ.)

2489 753 2586 808 97·

1841 847 2045 903 Strabo
2074 845 2237 922 vm,
2260 867 2316 921 p.
2351 847 2509 918 374ε
2550 845 2619 906 Ἡ
2651 846 2963 929 Ἐπίδαυρος
3002 851 3045 908 δ’
3083 851 3319 909 ἐκαλεῖτο

1763 927 2071 1011 Ἐπίκαρος·
2112 931 2239 1013 φησὶ
2288 931 2388 1012 γὰρ
2430 932 2788 1012 Ἀριστοτέλης
2829 941 3114 1014 κατασχεῖν
3157 936 3319 1008 αὐτὴν

1765 1017 1975 1097 Κᾶρας,
2020 1019 2198 1100 ὥσπερ
2248 1019 2337 1077 καὶ
2368 1018 2686 1099 Ἑρμιόνην·
2727 1025 2830 1080 τῶν
2875 1024 2920 1080 δ’
2967 1023 3321 1132 Ἡρακλειδῶν

1763 1106 2147 1180 κατελθόντων,
2175 1103 2362 1172 Ἴωνας
2405 1107 2576 1173 αὐτοῖς
2613 1130 2947 1181 συνοικησαι,
2976 1133 3093 1177 τους
3132 1111 3191 1169 ἐκ
3231 1134 3321 1181 της

1764 1188 1996 1263 Ἀττικῆς
2017 1194 2373 1272 τετραπόλεως
2401 1193 2775 1270 συνεπομένους
2799 1198 2867 1262 εἰς
2891 1194 3093 1276 Ἄργος.
3123 1201 3320 1272 Sequi·

1764 1288 1857 1334 tur
1885 1284 2134 1336 narratio
2157 1281 2228 1336 de
2258 1282 2469 1355 templo
2504 1282 2826 1358 AEsculapii.

1844 1361 2164 1443 Ἐπίκαρος]
2195 1367 2417 1422 emend.
2451 1364 2766 1425 Casaubon.
2787 1385 2801 1400 ⁴
2786 1367 3152 1449 ,Ἐπίταυρος
3187 1372 3318 1427 libri

1764 1471 1976 1528 omnes,
2005 1455 2217 1509 Vitium
2244 1456 2571 1526 antiquum,
2623 1457 2706 1509 uti
2755 1458 2970 1531 colligis
3002 1476 3071 1512 ex
3117 1459 3310 1530 Steph.

1764 1542 1893 1613 Byz.
1921 1559 1979 1594 v.
2009 1538 2369 1618 Ἐπίδαυροςε
2397 1540 2632 1598 ἐκαλεῖτο
2660 1540 2752 1597 καὶ
2790 1541 3059 1600 Μυλισσία
3092 1541 3180 1600 καὶ
3216 1541 3322 1602 Ai'-

1765 1646 1954 1703 μηρα..
1968 1671 1983 1686 .
2027 1615 2140 1684 εἶτα
2182 1624 2495 1703 Ἐπίταυρος
2529 1625 2618 1684 καὶ
2660 1626 2992 1707 Ἐπίδαυρος.
3027 1632 3322 1731 Vulgatarn

1763 1708 2074 1791 Ἐπίταυρος
2109 1715 2257 1769 tueri
2298 1716 2478 1768 voluit
2504 1715 2760 1770 Grashof.
2795 1718 2829 1771 l.
2860 1718 2897 1774 l.
2936 1736 2996 1790 p.
3044 1717 3151 1771 168
3172 1719 3320 1789 ‚qui

1763 1794 2021 1872 Hesssoehii
2033 1801 2286 1874 glossam,
2299 1795 2480 1855 ἕπίταυ
2489 1820 2590 1875 ρος,
2604 1797 2815 1876 ἰσχυρόν
2831 1841 2849 1871 ,
2861 1802 3097 1856 asserens
3106 1804 3323 1875 putavit

1762 1887 2093 1958 Epitaurum
2115 1885 2446 1960 significasse
2472 1879 2673 1941 urbem
2700 1885 2873 1942 firmae
2901 1889 3047 1942 inter
3075 1889 3239 1943 Cares
3266 1897 3322 1943 et

1761 1974 1926 2028 Iones
1970 1975 2120 2028 initae
2153 1975 2445 2029 societatis.
2494 1975 2646 2029 Talia
2687 1976 2866 2031 aliena
2909 1987 3037 2031 sunt
3076 1994 3108 2031 a
3141 1978 3323 2049 prisca

1762 2061 2112 2133 antiquitate.
2138 2060 2308 2134 Apud
2340 2061 2680 2133 Hesychium
2711 2080 2850 2117 vero
2877 2060 3149 2137 ἐπίταυρος
3176 2062 3314 2117 falso

1762 2147 1871 2220 legi
1898 2166 2006 2220 pro
2038 2144 2314 2225 ίπίγαυρος
2334 2148 2457 2219 jam
2495 2149 2623 2202 satis
2663 2159 2896 2204 constat.
2931 2151 3013 2204 Ex
3050 2150 3325 2206 Strabone

1760 2251 1858 2288 sua
1892 2234 2063 2288 habet
2088 2235 2336 2291 Eustath.
2366 2234 2439 2289 ad
2468 2235 2535 2289 11.
2563 2236 2639 2302 B,
2676 2233 2810 2303 561,
2836 2255 2895 2309 p.
2928 2236 3040 2306 287
3063 2277 3080 2304 ‚
3109 2235 3202 2292 38.

1837 2322 1924 2376 De
1942 2330 2199 2394 tempore
2222 2338 2339 2392 quo
2365 2321 2531 2375 Iones
2560 2320 2909 2394 Epidaurum
2928 2323 3186 2376 venerint
3213 2323 3316 2377 ali-

1762 2415 1847 2460 ter
1874 2407 2063 2460 statuit
2081 2407 2374 2460 Pausanias
2398 2407 2479 2476 11,
2501 2405 2575 2461 26
2593 2446 2610 2474 ‚
2644 2425 2667 2460 1
2697 2426 2711 2461 :
2735 2404 2868 2484 Πρὶν
2888 2403 2922 2476 ἢ
2941 2405 3321 2484 παραγενέσθαι

1762 2489 1993 2568 Δωριέας
2013 2492 2063 2557 ἐς
2092 2489 2487 2561 Πελοπόννησον
2510 2491 2817 2567 βασιλεῦσαί
2842 2492 3166 2566 (Epidauri)
3193 2514 3321 2571 φασι

1764 2575 1997 2655 Πιτυρέα
2033 2574 2210 2644 Ἴωνος
2252 2575 2501 2653 ἀπόγονον
2534 2580 2628 2635 τοῦ
2656 2574 2884 2635 Ξούθου·
2928 2581 3107 2634 τοῦτον
3135 2600 3316 2655 παρα·

1763 2663 1937 2721 δοῦναι
1961 2662 2199 2740 λέγουσιν
2217 2663 2414 2742 ἀμαχεὶ
2433 2661 2526 2734 τὴν
2542 2667 2637 2741 γῆν
2655 2663 2919 2743 Δηιφόντῃ
2939 2663 3030 2721 καὶ
3050 2663 3312 2744 Ἀργείοις.

1763 2753 1932 2824 Quod
1959 2753 2188 2826 praefert
2208 2753 2431 2808 Miiller.
2464 2755 2600 2808 Dor.
2624 2755 2680 2823 1,
2711 2752 2808 2807 81.
2838 2772 2897 2809 ιι.
2928 2759 2984 2818 4.
3094 2779 3103 2787 ·

1841 2840 2011 2913 Apud
2033 2840 2209 2894 schol.
2232 2840 2517 2895 Theocrit.
2539 2840 2645 2894 XV
2661 2881 2677 2908 ‚
2709 2838 2782 2903 64
2804 2839 3067 2894 laudatur
3092 2836 3319 2915 Ἀριστο-

1761 2923 1914 2994 τίλης
1939 2926 1994 2982 ἐν
2016 2927 2092 3004 τῷ
2124 2924 2244 3003 περὶ
2277 2921 2557 3003 Ἑρμιόνης
2578 2926 2702 3003 ἱερῷ
2743 2925 2890 3001 (sic3
2924 2926 2962 2979 l.
3008 2925 3178 3003 ἱεροῦ)
3198 2968 3215 3001 ,
3247 2946 3314 2982 ex

1763 3033 1945 3087 eoque
1972 3024 2233 3068 narratur
2254 3013 2441 3068 sabula
2464 3013 2536 3067 de
2558 3012 2680 3090 ἱερῷ
2698 3010 2856 3094 γάμῳ
2883 3013 2915 3067 J
2919 3013 3038 3066 ovis
3066 3023 3121 3067 et
3144 3014 3176 3068 J
3179 3032 3317 3069 uno-

1766 3102 1871 3157 ιιίε.
1900 3102 2091 3156 Putari
2118 3102 2304 3174 possit
2333 3100 2690 3154 Aristotelem
2712 3100 2857 3153 hauc
2899 3098 3149 3154 fabulam
3176 3119 3310 3155 nar-

1764 3204 1906 3241 rasse
1942 3188 2001 3240 in
2024 3188 2168 3259 Rep.
2198 3186 2716 3255 Hermionensium3
2741 3184 2837 3239 sed
2855 3202 3055 3257 parum
3079 3186 3189 3238 hoc
3216 3201 3317 3238 ve-

1775 3273 2033 3342 risimile3
2063 3292 2272 3328 nomen
2294 3272 2534 3326 auctoris
2565 3283 2897 3344 corruptum
2919 3288 3033 3326 esse
3061 3270 3316 3340 videtur;

1765 3378 2107 3433 quamquam
2130 3359 2418 3414 emendari
2446 3370 2604 3414 certo
2640 3359 2857 3431 nequit.
2888 3359 3003 3413 Nos
3026 3357 3312 3431 fragmen-

1767 3457 1884 3499 tum
1908 3446 2297 3501 exhibebimus
2324 3464 2392 3501 eo
2422 3445 2583 3513 loco,
2607 3444 2707 3498 ubi
2735 3444 2807 3500 de
2829 3445 3004 3517 Peplo
3036 3444 3313 3499 Aristote-

1765 3531 1830 3585 lis
1854 3549 2040 3586 sermo
2064 3534 2190 3588 erit.

2316 3622 2770 3721 ίΑΣΙΝΑΙΩΝ.)

2540 3736 2596 3793 8.

1844 3850 2047 3906 Strabo
2074 3849 2209 3905 VIII
2231 3890 2248 3918 ‚
2282 3848 2392 3919 373
2426 3867 2441 3906 :
2477 3755 2729 3926 Δ9ρυόπων
2768 3846 2815 3903 δ’
2859 3843 3154 3921 οἷκητήριόν
3188 3865 3315 3924 φασι

1765 3934 1855 3992 καὶ
1877 3934 1972 4005 τὴν
1997 3934 2046 3994 ’A
2055 3933 2199 4005 σίνην
2216 3957 2230 3971 ·
2253 3933 2344 3992 εἴτ’
2368 3936 2427 3992 ἐκ
2445 3936 2548 3992 τῶν
2575 3932 2695 4012 περὶ
2724 3932 3013 4011 Σπερχειὸν
3042 3931 3215 3989 τόπων
3236 3930 3322 3988 ὄν·-

1767 4102 1924 4152 niores
1942 4101 2115 4163 nuptui
2130 4100 2450 4163 traderentur,
2474 4112 2571 4149 non
2589 4102 2782 4163 propter
2798 4099 3043 4147 fructuum
3057 4095 3321 4160 perceptio-

1769 4192 1879 4229 nem
1896 4177 2383 4241 (intempestivam).
2402 4175 2420 4239 l

2202 4276 2835 4352 (EPIDAURIORUM.
2847 4275 2876 4355 )

2492 4406 2582 4457 97.

1831 4530 2101 4592 Epidaurus
2131 4529 2248 4578 oiim
2283 4527 2622 4577 nominabatur
2656 4527 2885 4588 Epiearus
2918 4543 2930 4572 ε
2969 4522 3146 4572 etenim
3175 4526 3324 4573 cares

1769 4607 1886 4656 olim
1912 4605 2081 4655 urbem
2105 4605 2314 4655 tenuisse
2330 4603 2467 4653 sicuti
2484 4605 2632 4653 etiam
2651 4601 2941 4653 Hermionen
2970 4600 3114 4649 refert
3145 4599 3321 4648 Aristo·

1771 4688 1916 4746 teles;
1946 4685 2040 4734 sub
2074 4684 2229 4733 reditu
2260 4696 2374 4733 vero
2409 4682 2766 4733 Heracliden-um
2790 4679 3087 4730 cohabitasse
3121 4691 3233 4726 cum
3264 4678 3325 4726 iis

1770 4767 1934 4823 lones,
1954 4761 2037 4824 qui
2054 4773 2150 4809 una
2166 4772 2278 4810 cum
2305 4751 2565 4810 Heraclidis
2590 4773 2651 4809 ex
2672 4757 2893 4820 tetrapoli
2912 4756 3071 4807 Attica
3096 4755 3144 4804 in
3163 4759 3316 4817 Ango-

1770 4842 1914 4892 lidem
1939 4841 2196 4890 venissent.

2267 4934 2284 5010 (
2305 4931 2821 5004 ASINAEORUM.)

2498 5056 2587 5105 98.

1835 5173 2008 5223 Asinen
2052 5176 2297 5233 Dryopum
2340 5169 2668 5224 habitaculum
2698 5167 2841 5214 fuisse
2866 5164 3061 5220 dieunt,
3102 5175 3225 5223 quos
3263 5175 3323 5210 ex

1773 5254 2046 5314 regionibus
2073 5254 2197 5303 circa
2217 5253 2508 5315 Spercheum
2527 5249 2629 5299 sitis
2667 5252 2851 5310 Dryops
2870 5244 3061 5298 Arcadis
3084 5243 3209 5293 fliius
3227 5243 3325 5291 ῐιιιι·
