3900 6042
1566 424 2070 483 FRAGMENTA.

231 559 437 634 plieari
479 554 639 614 facile
664 564 865 629 potest.
894 554 1115 611 Scilicet
1137 574 1311 628 quum
1342 558 1571 629 Asychis
1608 575 1784 630 pyra-

234 648 451 703 midem
477 665 509 702 e
539 644 805 701 lateribus
833 645 1217 712 exstruxisset,
1248 646 1413 717 eique
1446 646 1613 701 incisa
1651 653 1787 700 esset

234 735 528 808 inscriptio
543 774 557 800 ,
590 750 701 804 qua
724 732 907 785 haecce
932 731 1182 804 pyramis
1201 732 1443 803 reliquas
1470 750 1662 785 omnes
1692 750 1787 784 su-

230 839 437 895 perare
457 819 889 894 praedicabatur,
916 812 1236 873 Herodotus
1262 836 1446 873 saxeas
1468 820 1594 874 istas
1618 837 1787 892 pyra·

232 910 445 977 mides,
470 918 679 981 quarta:
702 906 966 977 dynastiae
986 923 1188 978 opera,
1212 924 1340 960 cum
1360 907 1603 961 latericia
1632 925 1788 961 com-

232 999 428 1072 parari
455 1006 659 1070 putans
685 995 948 1065 Sasychin
970 994 1256 1064 Mycerino
1283 995 1653 1066 posteriorem
1675 1011 1788 1048 esse

235 1084 488 1137 statuisse
502 1080 744 1137 videtur.
759 1108 839 1121 —
852 1080 1110 1133 Ceterum
1132 1080 1376 1151 pyramis
1398 1080 1620 1151 Sasychi
1645 1080 1789 1151 regis

235 1172 345 1225 sita
366 1180 447 1224 est
464 1186 645 1241 prope
662 1168 884 1237 Dasjux
907 1165 1054 1241 (vid.
1082 1168 1317 1220 Bunsen.
1338 1184 1407 1239 91
1432 1185 1553 1238 sqq.
1576 1176 1631 1220 et
1649 1167 1785 1222 Tab.

235 1258 317 1311 IV
336 1267 391 1310 et
412 1255 458 1311 V
480 1255 517 1326 ).
542 1257 610 1309 In
634 1272 698 1308 ea
718 1252 963 1325 lapidem
986 1253 1301 1326 Perringius
1322 1253 1533 1307 invenit
1553 1271 1681 1306 cum
1702 1266 1789 1306 re·

235 1344 320 1417 gii
353 1344 594 1397 nominis
623 1341 989 1413 inscriptione
1031 1341 1243 1394 mutila.
1287 1342 1421 1410 Quae
1450 1340 1559 1413 legi
1605 1337 1788 1393 adhuc

236 1439 426 1503 potest
450 1428 693 1483 nominis
724 1445 855 1499 pars
878 1435 1159 1498 postrema
1192 1435 1271 1479 est
1297 1414 1479 1479 hae³cce
1503 1442 1516 1477 :
1550 1425 1605 1479 K
1626 1426 1690 1480 E.
1716 1424 1785 1477 U.

237 1518 613 1588 Bunseniusp.
640 1521 735 1589 94,
766 1513 894 1569 coll.
912 1531 971 1586 p.
1004 1531 1113 1585 109
1134 1513 1389 1584 supplet:
1417 1510 1645 1585 (stson)
1667 1512 1789 1565 ΚΕ.

234 1605 297 1659 U
319 1605 458 1657 ——R
475 1607 544 1658 A.
581 1604 851 1656 Praeterea
884 1617 1164 1672 superesse
1191 1600 1411 1672 signum
1436 1598 1599 1667 dicit,
1631 1596 1788 1670 quod

236 1709 340 1745 ma
355 1687 662 1763 significare
677 1729 691 1756 ‚
714 1688 958 1759 ideoque
984 1704 1298 1759 cognomen
1315 1687 1461 1758 regis
1482 1687 1671 1738 Mares
1692 1704 1788 1739 cx·

236 1777 495 1851 pressisse
520 1774 799 1829 videatur.
834 1777 1018 1845 Atque
1038 1772 1155 1826 haec
1184 1772 1556 1843 inscriptionis
1583 1770 1787 1827 indicia

236 1863 582 1919 Bunsenimn
623 1870 951 1928 moverunt,
996 1870 1062 1917 ut
1095 1859 1358 1930 Sasychin
1385 1858 1784 1931 legislatorem,

236 1948 321 2005 ad
340 1948 708 2004 Sesorcheren
732 1948 816 2014 11,
840 1964 957 2000 non
976 1963 1112 2000 vero
1130 1944 1203 1999 ad
1226 1955 1626 1998 antecessorem
1651 1944 1784 2017 ejus,

234 2053 415 2108 quem
450 2052 517 2089 ex
544 2032 881 2088 Manethone
908 2041 1191 2103 tamquam
1222 2030 1591 2104 legislatorem
1620 2034 1781 2085 novi-

236 2140 369 2177 mus
382 2162 396 2190 ,
415 2119 774 2175 referendum
792 2137 904 2173 esse
924 2127 1192 2172 censeret.
1219 2119 1347 2187 Quo
1367 2117 1602 2186 accedit,
1629 2118 1788 2190 quod

237 2209 353 2264 alia
385 2217 634 2282 spectant
660 2208 807 2280 leges
844 2206 1159 2273 Sesortasis,
1190 2205 1296 2259 alia
1322 2204 1471 2277 leges
1506 2206 1785 2276 SasychiS,

236 2294 390 2351 adeo
416 2305 481 2349 ut
506 2296 646 2349 alter
672 2293 902 2348 fortasse
930 2292 1238 2365 expleverit
1261 2310 1384 2364 quae
1419 2291 1559 2345 alter
1581 2293 1789 2347 intacta

236 2382 567 2455 reliquerat.

324 2469 393 2524 V.
438 2470 674 2540 Quintus
698 2485 798 2521 rex
825 2466 1179 2522 Eratostheni
1212 2476 1294 2520 est
1322 2463 1635 2537 AnoyphIs,
1662 2467 1702 2522 i.
1735 2484 1786 2521 e.

236 2553 553 2627 κωμαστής,
597 2565 951 2621 comessator,-
980 2553 1303 2609 Manethoni
1341 2550 1598 2625 Soypht's.
1633 2550 1789 2608 Idem

237 2660 455 2698 nomen
480 2643 550 2697 ab
585 2652 830 2715 utroque
857 2640 1123 2707 indicari,
1147 2640 1236 2694 vel
1268 2638 1400 2693 inde
1422 2648 1603 2711 patet,
1634 2640 1791 2711 quod

236 2730 635 2784 Eratosthenes
659 2746 846 2802 regem
867 2728 973 2782 XV
989 2726 1243 2799 Saophin
1262 2727 1660 2799 interpretatur
1677 2723 1789 2781 ἐπί-

239 2836 445 2887 κωμον,
483 2814 639 2886 quod
668 2813 821 2869 idem
856 2814 972 2869 fere
1000 2811 1271 2886 significat
1296 2822 1463 2884 atque
1485 2809 1789 2886 κωμαστής.

240 2897 481 2970 Ἄνουφις
503 2903 691 2974 itaque
715 2910 903 2955 ortum
930 2900 1098 2954 suerit
1120 2917 1187 2954 ex
1214 2894 1305 2955 Ἂν
1333 2897 1563 2976 Σωῦφιῧ
1591 2902 1791 2955 vocula

242 2985 313 3044 ἂν
345 2987 494 3044 aliud
518 2987 766 3059 ejusdem
803 2987 951 3061 regis
975 3004 1184 3041 nomen
1218 2987 1505 3041 continere
1544 2986 1789 3057 videtur,

202 3072 223 3081 ”
240 3087 313 3132 ut
342 3078 409 3131 sit
433 3096 448 3132 ε
475 3069 571 3133 Ἂν
599 3073 633 3144 ἢ
664 3076 892 3153 Σωῦφις.
914 3076 1054 3132 Nam
1079 3076 1227 3149 regis
1248 3092 1458 3129 nomen
1479 3079 1532 3129 A
1541 3077 1603 3131 N
1627 3078 1794 3149 quin-

242 3175 373 3219 tum
399 3174 478 3219 est
502 3165 563 3218 in
584 3165 726 3219 serie
756 3164 1120 3231 carmeiam,
1150 3172 1367 3217 sextum
1405 3180 1542 3217 vero
1570 3174 1648 3218 est
1684 3165 1796 3219 Sa-

242 3252 416 3317 bura,
455 3250 613 3323 quod
649 3250 954 3325 respondet
994 3251 1244 3322 sequenti
1273 3250 1393 3324 regi
1418 3250 1796 3307 Eratosthenis

239 3338 418 3393 Sirio.
441 3341 494 3391 A
501 3338 557 3392 N
566 3356 773 3392 nomen
788 3338 953 3392 etiam
972 3336 1043 3391 ad
1061 3336 1377 3411 pyramides
1398 3336 1796 3394 Gizehianasin

241 3425 516 3497 sepulcris
533 3426 744 3498 reperit
764 3425 1022 3497 Lepsius‚
1047 3442 1151 3479 nec
1177 3435 1296 3478 non
1327 3425 1386 3477 in
1425 3436 1792 3479 monumento

243 3521 427 3569 exstat
463 3510 621 3584 quod
660 3513 777 3585 ipse
808 3512 1113 3567 Bunsenius
1138 3510 1398 3585 possidet.
1441 3510 1527 3566 Cf.
1568 3522 1690 3567 not.
1724 3512 1797 3567 ad

244 3616 373 3673 reg.
399 3599 713 3672 septimum.

332 3685 571 3760 Soyplu's
587 3687 828 3741 nominis
841 3685 1019 3741 sonna
1039 3686 1303 3759 AEgyptia
1321 3695 1622 3753 estonum,
1639 3688 1797 3759 quod

245 3773 451 3845 saepius
488 3790 779 3828 recurrere
815 3772 1130 3828 videbimus
1177 3773 1239 3825 in
1282 3770 1529 3844 dynastia
1580 3785 1793 3846 quarta.

245 3860 442 3934 Quare
463 3859 689 3917 difficile
715 3860 872 3915 dictu
885 3870 994 3928 est,
1017 3878 1155 3915 num
1170 3877 1281 3914 una
1298 3860 1386 3914 vel
1409 3861 1579 3916 altera
1596 3863 1796 3917 inseri-

246 3949 380 4023 ptio
410 3948 481 4003 ad
499 3958 750 4003 nostrum
765 3948 1113 4021 potissimum
1136 3964 1327 4021 regem
1342 3949 1635 4019 pertineat.
1657 3950 1796 4004 Buu-

247 4035 440 4092 senius
470 4036 582 4090 huc
615 4037 899 4109 pertinere
929 4036 1239 4108 suspicatur
1257 4052 1465 4088 nomen
1486 4037 1705 4109 regium
1740 4039 1798 4091 in

247 4123 515 4197 sepulcro
532 4140 712 4196 prope
725 4122 1091 4177 Benihassam
1106 4131 1414 4194 repertum,
1437 4122 1593 4193 quod
1612 4121 1799 4192 Chusa

248 4207 558 4282 legendum
583 4208 827 4277 videtur,
854 4210 954 4263 etsi
979 4208 1130 4263 idem
1153 4226 1359 4261 nomen
1386 4209 1446 4261 in
1469 4209 1587 4262 aliis
1608 4210 1798 4264 inscri-

248 4296 546 4370 ptionibus
571 4297 690 4351 aliis
715 4298 883 4371 signis
906 4296 1342 4369 hieroglyphicis
1369 4296 1606 4370 exprimi
1635 4298 1794 4355 solet.

336 4383 434 4437 vl.
490 4384 686 4439 Sextus
729 4401 829 4438 rex
880 4401 972 4456 ap.
1014 4382 1436 4438 Eratosthenem
1471 4392 1554 4437 est
1597 4384 1793 4450 Sirius,

249 4486 297 4525 s.
333 4465 439 4531 υἱὸς
469 4465 649 4547 κόρης,
676 4470 745 4533 ὥς
772 4465 826 4525 δὲ
855 4465 1017 4547 ἕτεροι
1053 4466 1401 4537 ἁὸάσκαντος,
1432 4492 1453 4518 α
1484 4469 1542 4526 h.
1576 4487 1608 4525 e
1636 4470 1804 4542 filius

245 4558 459 4631 pupilli
495 4554 693 4633 [se-In·
715 4558 805 4612 vel
825 4554 1017 4632 ,η’-ἑνί]
1038 4558 1129 4612 vel
1161 4556 1367 4612 fascino
1393 4572 1508 4610 non
1538 4566 1740 4627 tactus,
1771 4578 1802 4615 a

252 4642 410 4699 malo
431 4644 596 4699 oculo
619 4644 785 4701 liber.
814 4645 1011 4699 Oculus
1032 4645 1180 4699 enim
1198 4645 1471 4718 AEgyptiis
1491 4646 1799 4715 veteribus,

253 4728 321 4784 id
347 4728 503 4801 quod
530 4731 855 4785 Plutarchus
877 4730 1099 4797 docuit,
1125 4731 1356 4802 Lepsius
1383 4748 1451 4785 ex
1471 4750 1803 4786 monumen·

254 4817 330 4870 tis
359 4818 774 4888 comprobavit,
798 4823 881 4884 iri,
910 4835 1028 4871 non
1053 4817 1160 4883 bal,
1195 4827 1258 4870 ut
1285 4836 1435 4872 nunc
1460 4817 1681 4891 Coptis,
1700 4829 1800 4876 est.

252 4903 341 4958 Iri
377 4904 613 4976 proprie
654 4904 899 4977 pupilla,
937 4903 1141 4975 quibus
1179 4902 1414 4958 fascinus
1457 4905 1803 4960 circumferri

254 4988 554 5045 dicebatur
581 4989 735 5063 (Cic.
768 5009 859 5063 ap.
896 4991 1038 5045 Plin.
1073 4991 1143 5045 Η.
1181 4991 1251 5046 N.
1281 4992 1442 5053 vm.
1488 4991 1595 5065 ης
1631 5010 1804 5063 quare

257 5084 500 5149 utraque
522 5076 899 5131 Eratosthenis
924 5077 1385 5148 interpretatione
1414 5078 1578 5133 lectio
1600 5076 1804 5133 confir-

251 5170 464 5218 matur.
512 5162 601 5216 Sic
641 5160 785 5217 infra
814 5163 1055 5230 Mekssiri,
1095 5159 1237 5239 φίλος
1262 5159 1417 5241 κόρης
1461 5182 1527 5218 ex
1568 5166 1802 5238 interpr.

3308 443 3411 490 54³

1876 557 2272 613 Eratosthenis.
2300 558 2559 612 Ceterum
2584 559 2838 613 conferre
2850 559 3006 629 juvat
3029 575 3041 615 :
3069 564 3138 613 iri
3157 563 3426 634 [Egyptiis

1880 643 2119 715 pupilla3
2135 630 2238 718 ἶρις
2257 643 2458 698 Graecis
2475 661 2537 697 ea
2557 644 2704 697 oculi
2717 661 2847 716 pars
2864 645 3148 698 coloribus
3169 645 3425 701 distincta

1877 730 2022 783 circa
2051 730 2353 802 pupillam,
2384 747 2506 801 quae
2534 729 2768 785 medicis
2793 735 2885 783 iris
2907 731 3114 784 dicitur
3142 751 3155 784 ε
3189 743 3243 786 et
3268 735 3425 788 Lati-

1878 834 2082 871 norum
2096 818 2324 889 pupilla
2350 834 2380 871 a
2401 835 2583 889 pupa,
2613 827 2678 871 ut
2703 818 3024 873 Graecorum
3057 816 3203 893 κόρη.
3239 844 3262 868 υ
3296 822 3425 875 Haec

1877 904 2182 974 Bunsenius
2201 904 2284 958 111
2299 944 2314 971 ,
2339 922 2400 976 p.
2428 904 2521 958 63.
2547 905 2612 957 In
2631 904 2819 958 tabula
2838 905 3172 959 Carnaciana
3191 924 3426 978 respon-

1879 987 1977 1043 det
2016 1006 2224 1042 nomen
2260 998 2505 1057 sextum,
2556 1006 2786 1043 smum.
2817 990 2900 1043 Ita
2928 992 3105 1057 enim,
3141 1011 3258 1046 non
3287 1011 3424 1048 vero

1878 1074 2183 1141 Amehura,
2220 1075 2521 1149 legendum
2565 1094 2678 1130 esse
2707 1075 3108 1131 demonstravit
3148 1080 3418 1135 Birchius.

1877 1161 2059 1217 Suhor
2084 1163 2302 1235 coptice
2335 1161 2607 1235 significat
2642 1181 2655 1215 τ
2670 1162 2829 1236 fidus
2864 1169 3044 1229 caniS,
3072 1170 3256 1221 sirius.
3287 1168 3421 1236 Quae

1879 1250 2160 1303 cohaerere
2207 1267 2335 1303 cum
2379 1249 2525 1303 Sirio
2564 1250 2943 1305 Eratosthenis
2970 1251 3268 1323 probabile
3307 1263 3410 1307 est.

1877 1335 2019 1390 Vide
2038 1337 2370 1401 Bunsen.lI,
2390 1336 2604 1407 praefat.
2628 1355 2681 1408 p.
2696 1338 2833 1393 XII.
2859 1339 3076 1392 Nomen
3097 1338 3322 1393 Sabura
3342 1358 3428 1393 re-

1878 1432 2101 1494 pertum
2117 1422 2282 1475 etiam
2309 1421 2381 1475 ad
2408 1422 2730 1477 Gizehianas
2753 1424 3091 1494 pyramides,
3119 1427 3427 1499 saepiusque

1880 1510 2127 1563 occurrit
2166 1510 2226 1562 in
2256 1510 2429 1563 muris
2463 1511 2928 1582 septemtrionalis
2955 1510 3027 1565 ad
3051 1511 3261 1566 Abusir
3286 1514 3422 1570 sitae.

1879 1596 2076 1666 Itaque
2093 1595 2336 1668 pyramis
2356 1594 2471 1650 haec
2494 1597 2808 1669 sepulcrum
2827 1597 2973 1669 regis
2998 1596 3158 1650 fuisse
3181 1598 3424 1654 videtur.

1958 1680 2219 1738 Ceterum
2251 1682 2428 1735 Sirius
2464 1700 2532 1736 ex
2571 1683 2832 1736 Bunsenii
2881 1683 3148 1736 sententia
3191 1702 3307 1736 non
3348 1696 3426 1739 est

1878 1785 2086 1821 nomen
2113 1769 2286 1841 regis,
2309 1767 2406 1821 sed
2437 1786 2779 1841 cognomen3
2805 1784 3013 1821 nomen
3041 1769 3268 1822 exhibet
3303 1771 3426 1824 Ma-

1878 1853 2249 1907 nethonianus
2280 1854 2604 1919 Tosertose's,
2629 1852 2797 1926 ‘quod
2826 1853 3222 1927 corrigendum
3241 1856 3300 1908 in
3317 1857 3426 1910 So-

1878 1940 2112 1992 sertasis.
2143 1940 2321 2013 igitur
2347 1948 2529 1992 sextus
2551 1956 2650 1992 rex
2683 1948 2760 1993 est

2118 2079 2579 2132 Sitis-Sesortasis
2599 2074 2614 2151 (
2631 2056 2824 2132 SeSeR
2831 2078 3041 2132 TeSeN
3057 2074 3071 2153 )
3101 2082 3140 2131 I
3141 2083 3175 2133 1
3181 2119 3191 2131 .

1878 2219 1964 2272 De
1992 2219 2151 2291 regni
2193 2228 2454 2291 tempore
2493 2216 2756 2270 Manetho
2788 2235 2902 2270 uno
2932 2227 3144 2270 tantum
3179 2237 3326 2272 anno
3356 2219 3428 2272 ab

1880 2305 2244 2359 Eratosthene
2275 2304 2478 2358 dissert.

1963 2393 2087 2447 vn.
2118 2392 2394 2463 Septimus
2412 2389 2789 2444 Eratosthenis
2811 2409 2826 2442 :
2852 2389 3112 2444 Chmcbus
3139 2392 3224 2445 vel
3247 2393 3429 2447 Gneu-

1878 2497 1969 2532 νος
1996 2475 2064 2554 (i.
2094 2495 2144 2534 e.
2177 2495 2371 2530 aurum
2408 2478 2509 2530 vel
2549 2474 2806 2549 aureus),
2855 2474 3000 2531 filius
3031 2477 3426 2536 antecedentis·

1880 2566 1981 2619 His
2025 2581 2253 2635 quoque
2300 2581 2616 2636 cognomen
2669 2563 2818 2633 regis
2869 2563 3203 2616 continetur.
3257 2564 3428 2636 Apud

1880 2651 2274 2706 Manethonem
2300 2651 2534 2722 septimo
2566 2649 2694 2702 loco
2732 2649 2964 2720 ponitur
2992 2648 3189 2703 Aches.
3231 2649 3417 2715 Idem,

1880 2746 1943 2791 ut
1979 2735 2224 2804 videtur,
2263 2752 2472 2789 nomen
2505 2735 2726 2807 regium
2761 2744 2840 2788 est
2882 2736 3230 2802 A—A-KEU,
3272 2736 3432 2808 quod

1880 2825 2111 2897 Lepsius
2149 2824 2360 2895 reperit
2394 2823 2455 2875 in
2493 2821 2754 2893 sepulcro
2796 2820 2869 2875 ad
2909 2821 3227 2894 pyramides
3261 2823 3430 2878 Gizeh

1885 2914 1900 2983 ζ
1921 2911 2087 2966 Buns.
2106 2928 2164 2983 p.
2191 2927 2298 2978 107
2317 2909 2358 2982 ).
2384 2907 2646 2966 Conferri
2663 2917 2847 2979 potest
2872 2910 3036 2962 etiam
3057 2926 3266 2962 nomen
3283 2926 3429 2976 Asns,

1883 2995 2040 3069 quod
2059 3005 2321 3068 quartum
2338 3004 2416 3048 est
2431 2994 2490 3046 in
2502 2994 2642 3047 serie
2660 2993 2999 3050 Carnaciana
3014 3013 3029 3062 3
3049 3011 3232 3065 neque
3249 3005 3434 3050 tamen

1882 3082 1956 3137 ad
1983 3092 2236 3137 nostrum
2248 3099 2434 3155 regem
2458 3080 2670 3134 referre
2690 3080 2834 3135 licet.
2856 3081 3206 3152 Quamquam
3224 3083 3429 3138 Bunse·

1882 3170 2008 3222 nius
2028 3171 2173 3223 Asen
2191 3169 2355 3222 istum
2379 3166 2451 3222 ad
2464 3168 2647 3239 prima
2668 3166 2929 3239 dynastiae
2949 3178 3150 3221 nostrae
3178 3178 3432 3240 tempora

1884 3256 2078 3310 referri
2094 3256 2323 3322 mavult,
2341 3253 2613 3326 ambiguis
2629 3262 2814 3308 tamen
2836 3271 2965 3307 usus
2982 3257 3335 3327 argumentis.
3356 3287 3433 3298 --

1885 3345 2012 3398 Jam
2030 3343 2452 3397 Eratosthenem
2480 3351 2537 3394 et
2553 3341 2949 3395 Manethonem
2977 3342 3142 3394 etiam
3163 3342 3273 3395 hoc
3304 3342 3432 3397 loco

1886 3432 1960 3484 ita
1987 3428 2411 3503 conjungendos
2437 3429 2747 3501 putaveris,
2770 3439 2834 3481 ut
2854 3446 2955 3482 rex
2979 3431 3243 3501 septimus
3268 3429 3437 3485 suerit

1886 3515 2068 3570 Aches
2093 3517 2430 3593 cognomine
2458 3515 2726 3573 Chnubos
2752 3517 2864 3570 sive
2892 3516 3165 3571 GneuroS.
3192 3516 3260 3571 ld
3297 3536 3433 3575 vero

1884 3604 1994 3657 hoc
2031 3604 2159 3656 loco
2187 3621 2306 3657 non
2349 3602 2478 3656 fecit
2520 3604 2855 3669 BunseniuS,
2896 3605 2994 3674 qui
3044 3621 3254 3657 nomen
3291 3607 3437 3680 regis

1886 3689 2289 3743 Eratosthenici
2312 3689 2473 3743 fuisse
2495 3690 2615 3743 vult
2637 3708 2651 3742 ε

1964 3775 2271 3830 Sesertesen
2310 3776 2423 3829 sive
2450 3775 2749 3830 Sesortasis
2775 3778 2907 3840 III,
2960 3783 3282 3848 cognomine
3309 3778 3436 3831 Nub

1891 3862 2122 3937 (aureus
2139 3862 2183 3933 );
2208 3871 2404 3917 contra
2427 3861 2619 3915 Achen
2645 3864 2795 3917 Man.
2826 3880 2937 3916 esse
2961 3880 3149 3935 regem
3164 3903 3179 3929 ,
3202 3863 3301 3933 qui
3323 3880 3434 3919 una

1888 3970 2017 4005 cum
2053 3950 2316 4005 Sesortasi
2350 3952 2677 4022 regnaverit.
2708 3948 2796 4003 Sic
2831 3951 2980 4003 enim
3009 3949 3303 4020 explicari,
3333 3966 3435 4003 cur

1888 4036 2151 4091 Manetho
2193 4054 2293 4090 suo
2322 4038 2441 4109 regi
2475 4037 2686 4090 tribuat
2717 4054 2891 4090 annos
2927 4041 3031 4101 42,
3061 4034 3197 4088 dum
3235 4035 3436 4089 Erato-

1888 4124 2106 4178 sthenes
2131 4123 2354 4177 nonnisi
2380 4141 2446 4175 21
2483 4132 2737 4176 numeret
2762 4140 2775 4174 z
2802 4120 3014 4176 scilicet
3042 4121 3434 4176 Manethonem

1889 4211 2180 4282 utriusque
2230 4211 2374 4283 regis
2409 4226 2591 4269 annos
2638 4207 2710 4262 ad
2736 4227 2912 4261 unum
2957 4208 3206 4275 retulisse
3225 4209 3435 4264 ‘Acben

1894 4297 2038 4372 (v.p.
2064 4300 2185 4371 77).
2201 4297 2335 4370 Quae
2356 4296 2585 4370 quidem
2597 4296 2895 4350 leviuscula
2911 4297 3315 4368 argumentatio
3338 4305 3435 4351 est.

1969 4385 2122 4440 VIII.
2158 4387 2392 4453 Rugosis
2421 4383 2797 4438 Eratosthenis
2828 4383 3140 4457 explicatur
3167 4401 3307 4437 voce
3342 4383 3437 4458 ἀρ-

1890 4467 2173 4547 χικράτωρ.
2196 4469 2364 4541 Quod
2382 4470 2939 4542 interpretamentum
2958 4470 3123 4523 docet
3137 4487 3244 4543 pro
3271 4468 3438 4527 PAT-

1893 4557 2076 4616 ΩΣΙΣ
2116 4558 2384 4612 levissima
2421 4557 2729 4613 mutatione
2769 4555 3130 4611 scribendiun
3171 4574 3281 4610 esse
3311 4557 3433 4614 PA-

1898 4644 2148 4715 anlz,
2174 4641 2452 4705 Ῥάσωσις.
2485 4645 2554 4698 In
2593 4645 2968 4699 monumentis
2997 4643 3258 4697 scribitur
3293 4645 3438 4698 RA-

1893 4733 2124 4788 SESUR
2171 4728 2300 4809 (ra,
2330 4733 2440 4796 sol,
2497 4736 2735 4786 omm'um
2765 4748 2944 4786 rerum
2978 4734 3218 4793 initium,·
3263 4746 3435 4793 sesur,

1892 4814 2256 4895 dominatio).
2287 4849 2365 4859 —
2385 4816 2556 4891 Apud
2578 4817 2973 4872 Manethonem
2997 4826 3224 4870 octavus
3240 4833 3342 4869 rex
3361 4827 3440 4873 est

1892 4905 2172 4981 Sophia-is,
2219 4906 2326 4960 Hic
2369 4923 2506 4958 vero
2547 4905 2705 4959 sicuti
2733 4921 2916 4958 nonus
2951 4920 3048 4956 rex
3088 4901 3269 4957 alieno
3311 4901 3437 4957 loco

1892 4995 2105 5067 positus
2131 5002 2226 5049 est.
2254 4992 2507 5063 Uterque
2536 4990 2608 5045 ad
2638 4992 2857 5044 initium
2890 4991 3134 5063 pertinet
3178 4987 3440 5060 dynastiae

1896 5088 2125 5152 quartae.
2167 5076 2376 5135 Contra
2415 5077 2526 5130 hue
2573 5075 2940 5131 transferendi
2968 5086 3094 5130 sunt
3136 5092 3201 5128 ex
3243 5083 3437 5146 quarta

1897 5166 2147 5238 dynastia
2185 5182 2340 5237 reges
2367 5165 2595 5236 quintus
2634 5173 2688 5218 et
2715 5173 2924 5229 sextus,
2961 5165 3204 5216 Ratoises
3238 5172 3290 5214 et
3339 5162 3438 5214 Be·-

3123 5268 3195 5305 as-
