3900 6042
1566 436 2054 497 FRAGMENTA.

258 564 443 629 Ἄλλοι
466 567 559 644 μὲν
582 567 618 638 ἢ
647 564 851 645 μακρὰν
878 564 979 645 γὰρ
1006 564 1283 643 ἀπέχουσιν
1313 565 1417 623 θεοὶ

343 655 381 725 ἢ
409 657 504 713 οὐκ
532 654 739 734 ἔχουσιν
763 643 906 728 ὦτα,

264 742 301 813 ἢ
324 745 419 803 οὐκ
446 741 595 813 εἰσὶν,
622 740 658 811 ἢ
690 742 749 799 οὗ
772 738 1112 818 προσέχουσιν
1135 742 1261 815 ἡμῖν
1287 737 1401 798 οὗδὲ
1427 737 1503 796 ἕν·

258 860 261 865 ·
346 828 404 888 σὲ
429 827 483 886 δὲ
510 829 725 906 παρόνθ’
749 831 972 906 δρῶμεν,

260 918 325 974 οὗ
351 915 568 987 ξύλινον,
597 913 711 972 οὐδὲ
732 914 938 986 λίθινον,
963 911 1079 971 ἀλλ’
1103 912 1361 985 ἀληθινόν.

346 1002 660 1081 Εὖχόμεσθα
690 1000 753 1071 δή
780 1024 861 1059 σοι
878 1023 891 1037 ·

262 1092 480 1169 πρῶτον
505 1087 600 1164 μὲν
630 1090 672 1144 εἷ
708 1088 837 1158 ήνην
864 1084 1101 1158 ποίησον,
1125 1085 1339 1165 φίλτατε
1355 1109 1368 1120 ·

346 1174 520 1253 κύριος
540 1171 642 1252 γὰρ
667 1197 690 1231 ε
741 1172 823 1232 σύ.

264 1262 399 1332 Τὴν
425 1263 470 1318 δ’
493 1260 609 1339 οὐχὶ
637 1259 860 1336 Θηὸῶν,
888 1259 1004 1317 ἀλλ’
1031 1257 1154 1329 ὅλης
1179 1261 1269 1327 τῆς
1299 1256 1552 1322 Ἑλλάδος

346 1347 557 1424 Σφίγγα
576 1351 1006 1428 περικρατοῦσαν,

256 1435 496 1501 Αἰτωλὸς
514 1434 654 1500 ὅστις
677 1435 762 1492 ἐπὶ
785 1434 975 1515 πέτρας
1003 1432 1323 1508 καθήμενος,

343 1521 523 1601 ὥσπερ
552 1526 587 1592 ἡ
626 1520 860 1593 παλαιὰ,

258 1609 331 1667 τὰ
359 1610 563 1685 σώμαθ’
589 1612 738 1684 ἡμῶν
765 1607 920 1665 πάντ’
946 1606 1251 1687 ἀναρπάσας
1272 1604 1417 1686 φέρει
1437 1649 1451 1673 ,

346 1699 474 1755 κούκ
502 1695 611 1773 ἔχω
641 1695 932 1774 μάχεσθαι,

263 1787 282 1860 (
307 1783 598 1844 Αἰτωλικὸν
619 1780 720 1860 γὰρ
737 1825 757 1858 ,
780 1780 1014 1859 ἁρπάσαι
1035 1780 1103 1839 τὰ
1125 1783 1228 1838 τῶν
1255 1779 1444 1847 πέλας,

345 1874 434 1926 νῦν
463 1868 516 1925 δὲ
539 1868 631 1925 καὶ
659 1868 725 1925 τὰ
762 1868 939 1947 πόρρω
957 1874 1001 1941 ·)

258 1955 496 2015 μάλιστα
522 1953 617 2031 μὲν
647 1953 709 2024 δὴ
733 1955 952 2014 κόλασον
980 1953 1153 2019 αὐτός·
1179 1955 1224 2011 εἶ
1246 1952 1301 2010 δὲ
1333 1952 1406 2028 μὴ
1423 1997 1440 2025 ,

346 2041 598 2103 Οἰδίπουν
619 2044 716 2098 τιν’
745 2039 884 2121 εὓρὲ,

260 2129 362 2200 τὴν
387 2130 593 2209 Σφίγγα
618 2126 813 2199 ταύτην
834 2126 973 2194 ὅστις
991 2127 1026 2199 ἢ
1058 2133 1465 2207 κατακρημνιεῖ,

346 2215 381 2285 ἢ
407 2217 587 2275 σπίνον
615 2215 840 2284 ποιήσει.

265 2303 437 2363 Ταῦτ’
456 2296 578 2381 ᾖδον
622 2305 668 2361 οἱ
708 2299 1177 2380 Μαραθωνομάχαι
1209 2300 1266 2357 οὐ
1308 2297 1531 2377 δημοσία
1565 2296 1743 2373 μόνον,

176 2389 331 2448 ἀλλὰ
351 2390 443 2447 καὶ
478 2392 593 2447 κατ’
622 2388 812 2463 οἰκίαν,
839 2390 887 2445 οἱ
915 2386 1001 2445 τὸν
1025 2384 1461 2466 προσκυνήσαντα
1493 2384 1579 2442 τὸν
1612 2387 1749 2463 Περ-

180 2480 298 2535 σῶν
324 2475 542 2554 βασιλέα
567 2473 976 2545 ἀποκτείναντες,
993 2476 1039 2532 οί
1058 2473 1152 2538 τὰς
1168 2472 1477 2552 ἀναρίθμους
1498 2470 1752 2550 μυριάδας

174 2568 295 2621 τῶν
324 2561 606 2643 βαρὸάρων
634 2560 993 2641 φονεύσαντες.

918 2707 1016 2764 31.

266 2857 564 2912 Athenaeus
582 2855 714 2921 ΧΠ,
742 2873 802 2928 p.
837 2851 974 2923 535,
995 2855 1040 2907 E
1059 2871 1073 2907 ε
1092 2854 1275 2929 Δοῦρις
1301 2849 1345 2907 δ’
1366 2851 1417 2907 ἐν
1446 2853 1510 2928 τῇ
1539 2847 1751 2925 δευτέρα

3265 450 3373 498 477

1835 561 1918 625 νοῦ
1966 569 2053 626 ἐπὶ
2104 567 2295 647 περόνῃ
2344 567 2706 643 μετελάμὸανε
2754 569 3013 647 τραγικόν.
3065 569 3383 647 Ἀλέξανδρος

1835 655 1903 725 δ’,
1927 658 1998 722 ὣς
2016 660 2108 725 τῆς
2132 654 2303 720 Ἀσίας
2328 654 2588 733 ἐκυρίευσε
2604 700 2621 731 ,
2644 657 2927 735 Περσικαῖς
2947 659 3137 735 ἐχρῆτο
3161 662 3381 726 στολαῖς.

1835 742 2133 818 Δημήτριος
2154 740 2207 798 δὲ
2235 740 2432 809 πάντας
2454 740 2792 819 ὖπερέὸαλλε.
2873 742 2989 814 Τὴν
3019 743 3112 819 μὲν
3143 743 3243 823 γὰρ
3267 746 3388 805 ὑπό·

1837 829 1997 899 δεσιν,
2025 830 2088 898 ἣν
2111 819 2219 906 εἶχε
2241 873 2257 900 ,
2283 828 2657 896 κατεσκεύαζεν
2686 830 2744 886 ἐκ
2769 831 2958 888 πολλοῦ
2988 830 3386 909 δαπανήματος·

1836 909 1898 983 ἦν
1922 914 2023 994 γὰρ
2047 914 2183 973 κατὰ
2212 915 2305 992 μὲν
2333 914 2392 973 τὸ
2420 919 2604 994 σχῆμα
2629 919 2720 984 τῆς
2750 917 2994 995 ἐργασίας
3018 919 3200 996 σχεδὸν
3229 921 3392 996 ἐμὸά·

1837 1026 1931 1072 της
1946 1046 1962 1073 ,
1987 1002 2193 1078 πίλημα
2215 1002 2502 1079 λαμὸάνων
2521 1006 2613 1073 τῆς
2637 1004 3081 1075 πολυτελεστάτης
3099 1009 3388 1089 πορφύρας·

1837 1089 2005 1169 τούτῳ
2034 1089 2086 1147 δὲ
2106 1095 2298 1168 χρυσοῦ
2323 1089 2520 1160 πολλὴν
2539 1088 2805 1169 ἐνύφαινον
2828 1092 3085 1150 ποικιλίαν
3114 1096 3283 1153 ὀπίσω
3304 1099 3395 1155 καὶ

1841 1175 2131 1253 ἔμπροσθεν
2152 1177 2363 1243 ἐνιέντες
2382 1180 2428 1234 οἱ
2447 1185 2699 1255 τεχνῖται.
2783 1179 2853 1236 Αἱ
2879 1176 2932 1235 δὲ
2951 1180 3217 1256 χλαμύδες
3237 1184 3391 1241 αὐτοῦ

1840 1253 1973 1331 ἦσαν
2003 1262 2234 1342 ὄρφνινον
2259 1262 2471 1340 ἔχουσαι
2500 1264 2558 1320 τὸ
2580 1261 2763 1343 φέγγος
2790 1268 2881 1333 τῆς
2901 1264 3087 1343 χρόας,
3121 1267 3181 1324 τὸ
3209 1268 3261 1326 δὲ
3290 1280 3394 1327 πᾶν

1840 1353 1868 1406 ὃ
1886 1349 2042 1415 πόλος
2060 1349 2334 1429 ἐνύφαντο,
2353 1355 2577 1428 χρυσοῦς
2602 1349 2728 1407 ἄστε’
2764 1373 2823 1416 ας
2844 1349 2977 1428 ἔχων
2999 1352 3174 1412 καὶτὰ
3196 1356 3395 1414 δώδεκα

1841 1434 2022 1503 ζώδια.
2055 1435 2233 1515 Μίτρα
2261 1435 2314 1493 δὲ
2343 1436 2707 1515 χρυσόπαστος
2771 1460 2819 1507 ν,
2850 1437 2884 1507 ἢ
2921 1439 3140 1497 καυσίαν
3169 1443 3396 1523 ἁλουργῆ

1843 1512 2001 1579 οὖσαν
2039 1521 2303 1602 ἔσφιγγεν,
2342 1522 2428 1579 ἐπὶ
2463 1522 2522 1579 τὸ
2559 1526 2716 1580 νῶτον
2754 1523 2979 1603 φέρουσα
3020 1526 3086 1582 τὰ
3125 1530 3397 1587 τελευταῖα

1844 1606 2233 1682 καταὸλήματα
2283 1611 2384 1665 τῶν
2423 1609 2762 1689 ὑφασμάτων.
2857 1612 3150 1687 Γινομένων
3194 1616 3248 1673 δὲ
3293 1621 3397 1674 τῶν

1845 1694 2160 1773 Δημητρίων
2181 1693 2471 1770 Ἀθήνησιν,
2492 1694 2742 1776 ἐγράφετο
2763 1697 2848 1755 ἐπὶ
2864 1703 2949 1756 τοῦ
2970 1702 3285 1777 προσκηνίου
3312 1705 3398 1761 ἐπὶ

1844 1786 1936 1851 τῆς
1978 1780 2282 1856 οἰκουμένης
2314 1781 2615 1860 ὀχούμενος.
2650 1810 2674 1834 υ
2709 1786 2793 1842 Cf.
2827 1788 3111 1845 Plutarch.
3146 1792 3395 1847 Demetr.

1847 1891 1898 1927 c.
1934 1880 2134 1937 41.·—-
2164 1869 2250 1926 ἐπὶ
2273 1869 2503 1948 περόνῃ]
2529 1871 2618 1928 καὶ
2641 1870 2986 1946 ἐπιπόρπημα
3017 1876 3167 1948 conj.
3201 1879 3396 1933 Hune-

1846 1977 1998 2017 man.
2021 1979 2038 2027 ;
2063 1956 2417 2036 ἐπιπερόνημα
2439 2004 2454 2029 ,
2481 1978 2632 2014 novo
2661 1960 2938 2016 vocabulo
2955 2005 2971 2031 ,
2994 1962 3231 2024 Geelius.

2580 2105 2673 2163 32.

2085 2242 2141 2299 E
2176 2241 2405 2300 LIBRO
2452 2242 2816 2302 VICESIMO
2857 2246 3160 2305 TERTIO.

1922 2381 2217 2435 Athenaeus
2236 2383 2372 2449 XII,
2393 2400 2456 2454 p.
2489 2379 2621 2450 546,
2644 2384 2686 2437 C
2720 2402 2732 2437 :
2759 2380 2867 2439 Kal
2887 2385 3071 2460 Δοῦρις
3094 2381 3148 2441 δέ
3168 2406 3320 2464 φησιν
3345 2387 3397 2442 ἐν

1842 2468 1906 2543 τῇ
1932 2467 2140 2542 εἰκοστῇ
2162 2465 2309 2544 τρίτῃ
2340 2469 2441 2523 τῶν
2470 2465 2756 2544 Ἱστοριῶν,
2784 2470 2854 2533 ὡς
2881 2460 2943 2539 ἦν
2962 2468 3020 2524 τὸ
3038 2469 3263 2526 παλαιὸν
3294 2480 3401 2536 τοῖς

1842 2550 2114 2617 δυνάσταις
2137 2550 2385 2627 ἐπιθυμία
2413 2556 2504 2621 τ’ἧς
2527 2553 2706 2627 μέθης.
2728 2553 2823 2612 Διὸ
2851 2559 3013 2611 ποιεῖν
3042 2555 3129 2612 τὸν
3154 2554 3400 2635 εΌμηρον

1840 2643 1915 2719 τῷ
1961 2637 2302 2716 Ἀγαμέμνονι
2343 2639 2732 2718 λοιδορούμενον
2774 2640 2862 2699 τὸν
2908 2641 3149 2719 Ἀχιλλέα
3184 2643 3274 2700 καὶ
3309 2643 3401 2701 λε’-

1839 2748 1996 2803 γοντα
2024 2727 2127 2803 (11,
2161 2732 2229 2801 Α,
2256 2726 2434 2802 225),
2567 2780 2610 2827 ο

1966 2836 2215 2897 Οἱνοὸαρὲς
2228 2871 2242 2894 ,
2262 2835 2395 2889 κυνὸς
2416 2833 2589 2896 ὄμματ’
2614 2836 2754 2898 ἔχων.

172 2942 277 3001 καὶ
309 2944 512 3019 εἰκοστῇ
552 2944 655 2997 τῶν
689 2937 953 3019 Ἱστοριῶν
985 2964 1007 2990 ι
1056 2935 1361 3001 Παυσανίας
1397 2934 1490 3012 μὲν
1531 2934 1749 3015 (φησὶν)
1844 2928 1949 2988 Καὶ
1972 2929 2058 2986 τὸν
2084 2928 2300 2986 θάνατον
2329 2925 2385 2985 δὲ
2415 2928 2791 3005 ἀποσημαίνων
2821 2933 2909 2987 τοῦ
2938 2928 3218 3007 βασιλέως,
3245 2932 3402 3013 φησὶν

172 3026 209 3079 ὁ
234 3024 343 3078 τῶν
372 3021 717 3098 Σπαρτιατῶν
747 3017 987 3097 βασιλεὺς
1004 3061 1020 3090 ,
1044 3014 1393 3092 καταθέμενος
1420 3014 1505 3072 τὸν
1529 3014 1748 3091 πάτριον
1844 3018 1988 3093 (od.
2023 3019 2069 3076 Λ
2086 3061 2102 3088 ,
2136 3026 2165 3084 4
2182 3018 2278 3093 18)
2298 3059 2313 3086 ,

173 3105 451 3189 τρίὸωνα,
475 3106 569 3177 τὴν
612 3104 878 3186 Περσικὴν
915 3104 1145 3163 ἐνεδύετο
1173 3102 1380 3172 στολήν.
1464 3101 1530 3161 Ὁ
1558 3101 1612 3159 δὲ
1653 3103 1748 3160 Σι-

173 3194 362 3260 κελίας
383 3192 625 3271 τύραννος
650 3190 913 3257 Διονύσιος
942 3190 1149 3259 ξυστίδα
1181 3189 1271 3247 καὶ
1298 3194 1521 3268 χρυσοῦν
1556 3187 1751 3267 στέφα-

1966 3128 2049 3183 ‘ng
2068 3128 2183 3246 ἀμφέ
2206 3133 2414 3191 κρητῆρα
2431 3118 2658 3190 τραπέζας
2680 3144 2731 3176 τε
2757 3128 3022 3186 πληθούσας

2024 3215 2156 3262 κειμε
2185 3217 2241 3248 α·

291 3364 371 3404 aut
389 3359 501 3403 nulli
517 3362 624 3403 sunt
639 3389 653 3411 ,
675 3363 752 3404 ant
772 3370 866 3403 non
891 3363 1051 3402 curant
1067 3370 1148 3402 noa
1173 3356 1428 3412 quidquam.

353 3431 414 3472 're
433 3428 634 3471 videmus
654 3432 916 3484 praesentem
931 3459 944 3479 ‚

300 3508 396 3541 non
416 3497 638 3550 lignenm.
666 3508 759 3540 non
774 3496 1024 3552 lapideum,
1048 3494 1125 3539 sed
1150 3506 1256 3539 vere
1284 3495 1442 3550 ipsum.

358 3570 509 3619 Quare
525 3571 569 3610 te
590 3577 825 3623 precamur
847 3581 859 3605 z

296 3636 499 3693 primum
516 3635 573 3677 da
591 3646 745 3690 pacem
763 3634 911 3690 nobis,
940 3634 1189 3678 carissime!

359 3708 409 3747 tu
426 3704 548 3747 enim
568 3707 692 3758 potes
713 3717 726 3744 t

302 3775 400 3813 tum
422 3769 537 3812 hanc
555 3801 567 3819 ,
588 3781 687 3824 qum
706 3782 799 3812 non
817 3770 1015 3823 Thebas,
1039 3772 1180 3813 totam
1207 3769 1284 3814 aed
1304 3769 1523 3814 Gra-ciam

359 3838 550 3889 territat.
569 3837 841 3893 sphingem3

306 3906 502 3949 AEtolum
521 3905 644 3949 bunc
658 3937 670 3957 ,
694 3906 740 3948 in
761 3916 871 3961 rupe
892 3905 1106 3961 quisedes
1127 3905 1318 3957 babens,

356 3978 407 4017 ut
426 3974 499 4017 illa
523 3974 666 4028 prisca
680 3973 787 4017 otim
800 4004 814 4025 ,

300 4055 376 4088 res
394 4047 568 4087 nostras
589 4043 876 4099 boiuineoque
890 4045 1067 4100 rapiens
1079 4056 1136 4087 au
1143 4041 1231 4087 tert
1249 4060 1261 4091 ι

357 4122 442 4155 nec
461 4112 702 4167 reprimere
714 4122 797 4165 ego
823 4122 940 4166 queo
961 4126 973 4153 ι

302 4183 318 4235 (
336 4179 571 4224 AEtolicum
591 4185 655 4224 (ει
673 4181 816 4233 enim,
846 4180 994 4225 vicina
1008 4180 1259 4225 abducere.

360 4259 485 4291 nuuc
503 4259 611 4292 vero
624 4250 758 4292 etiam
780 4253 962 4293 remota.
983 4252 997 4301 )

307 4322 356 4359 tn
375 4310 561 4359 maxime
574 4316 665 4371 ipae
682 4316 919 4372 perdomea
942 4317 1078 4361 velim
1109 4332 1121 4359 ι
1143 4317 1261 4371 quod
1279 4319 1324 4360 ni
1338 4350 1349 4367 ,

356 4389 401 4426 at
414 4383 627 4438 OEdipum
646 4384 798 4429 mitte.

304 4454 383 4508 qui
402 4454 474 4497 vel
496 4452 553 4497 de
568 4465 675 4497 saxo
701 4426 955 4499 monstrurn
975 4454 1087 4500 illud
1105 4455 1327 4503 deturbet.

359 4521 430 4564 vel
444 4520 593 4565 inedia
613 4521 755 4565 tollat.

244 4608 381 4655 -Hrec
399 4605 611 4655 cecinere
626 4605 692 4654 iili
707 4606 822 4656 olim
843 4607 1048 4657 victores
1068 4608 1114 4656 in
1134 4621 1305 4670 campo
1322 4609 1649 4670 Maratlnonio;
1680 4622 1767 4657 nec

194 4683 247 4734 id
272 4682 463 4745 publice
494 4682 680 4743 solum,
702 4682 785 4731 sed
807 4685 856 4731 et
889 4685 1109 4746 privatim
1148 4686 1198 4733 in
1221 4685 1469 4745 domibus3
1498 4685 1638 4733 iidem
1676 4687 1761 4747 qui

194 4762 359 4809 morte
391 4757 738 4807 mulctaverant
775 4772 917 4820 eum,
962 4761 1044 4822 qui
1092 4774 1254 4809 coram
1300 4774 1410 4822 rege
1434 4763 1683 4809 Persarum
1717 4776 1767 4811 se

191 4837 548 4899 prostraverat;
568 4834 617 4883 bi
639 4836 722 4897 qui
749 4836 1022 4887 innumeras
1043 4837 1147 4893 illas
1182 4838 1496 4887 barbarorum
1532 4839 1768 4900 myriades

196 4912 551 4962 interfecerant.
941 4980 1000 5028 3¹

266 5086 409 5135 Duris
425 5085 638 5134 secundo
671 5088 721 5134 et
765 5087 992 5134 vicesimo
1028 5087 1344 5135 Historiarum
1386 5089 1506 5137 libro
1546 5092 1711 5139 scribit
1749 5113 1760 5141 ε

202 5186 225 5205 ιι
267 5162 524 5212 Pausanias
541 5165 883 5224 Spartanorum
897 5176 983 5211 rex
1006 5163 1219 5225 deposito
1240 5166 1393 5227 patrio
1416 5166 1605 5229 palliolo
1619 5205 1632 5226 ,
1657 5173 1770 5217 Per·

206 5246 363 5293 sicam
389 5240 543 5290 induit
568 5242 755 5291 stolam.
774 5241 947 5293 Siciliae
964 5244 1193 5303 tyrannus
1212 5244 1463 5306 Dionysius
1487 5246 1657 5307 pallam
1678 5262 1772 5295 sce·

1852 3353 2010 3401 nicam
2028 3354 2078 3399 et
2106 3363 2299 3399 auream
2322 3363 2550 3399 coronam
2568 3363 2679 3398 eum
2700 3350 2844 3398 tibula
2860 3352 2919 3409 (?)
2944 3350 3146 3411 sumpsit
3163 3350 3408 3412 tragicam.

1855 3429 2143 3489 Alexander,
2167 3430 2421 3490 postquam
2445 3426 2606 3475 Asiam
2626 3426 2836 3489 subegit,
2863 3425 3062 3475 Persicis
3083 3440 3198 3474 usus
3220 3429 3291 3475 oet
3309 3429 3410 3475 sto·

1855 3508 1928 3556 lie.
1949 3506 2041 3556 Sed
2075 3507 2274 3553 cunctos
2317 3505 2556 3565 superavit
2607 3504 2896 3551 Demetrius,
2934 3506 3056 3552 Nam
3102 3504 3410 3551 calceamenti

1851 3597 2030 3644 genua,
2053 3595 2151 3644 quo
2184 3580 2262 3628 ille
2295 3593 2413 3627 usus
2446 3582 2544 3641 est,
2569 3580 2747 3639 ingenti
2777 3582 2971 3641 sumptu
3003 3584 3107 3628 erat
3142 3582 3360 3641 paratum
3399 3601 3410 3629 :

1851 3660 2027 3722 quippe
2044 3657 2200 3721 quoad
2223 3657 2415 3705 fabricae
2439 3658 2640 3705 fortnam
2658 3658 2756 3705 sere
2779 3658 3044 3705 cothurnus
3061 3659 3181 3718 erat,
3198 3670 3226 3705 e
3248 3661 3414 3706 enac-ta

1852 3750 2064 3798 purpura
2090 3736 2228 3796 (sive
2246 3771 2260 3795 ,
2280 3736 2450 3782 coacta
2479 3734 2589 3782 lana
2609 3736 2879 3796 purpurea)
2906 3734 3244 3795 pretiosissima
3273 3748 3411 3796 para·

1850 3817 1962 3873 tus,
1989 3813 2066 3860 cui
2087 3814 2291 3860 multam
2315 3824 2376 3859 ex
2412 3824 2533 3859 auro
2564 3811 2871 3871 varietatem,
2899 3812 3001 3860 tam
3032 3824 3060 3859 a
3085 3814 3221 3872 parte
3256 3815 3412 3874 poste-

1854 3893 2005 3952 riore,
2031 3904 2177 3954 quam
2196 3891 2258 3939 ab
2284 3891 2522 3939 anteriore
2537 3927 2552 3950 ,
2574 3891 2844 3939 inserebant
2862 3889 3236 3950 intexebantque
3257 3891 3408 3940 attiti-

1851 3982 1945 4017 ces,
1973 3968 2262 4029 chlamydoe
2285 3966 2387 4028 ejus
2405 3968 2592 4014 fuscum
2622 3965 2861 4027 quendam
2883 3966 3127 4014 habebant
3141 3965 3313 4015 coloris
3336 3968 3412 4014 ni-

1852 4048 2006 4093 torem
2034 4047 2138 4105 :et‚
2164 4046 2216 4091 ut
2241 4044 2387 4092 verbo
2420 4042 2577 4091 dicam
2593 4079 2609 4104 ,
2639 4043 2747 4091 coeli
2783 4042 2922 4104 polus
2948 4042 3016 4090 eis
3051 4042 3263 4090 intextus
3285 4048 3411 4103 erat,

1852 4135 1965 4169 cum
1988 4123 2142 4170 aureis
2162 4120 2309 4169 stellis
2330 4122 2379 4169 et
2398 4119 2650 4167 duodecim
2669 4118 2825 4179 signis.
2851 4122 2999 4167 Porro
3019 4117 3162 4165 fascia
3180 4122 3283 4167 erat
3296 4133 3414 4169 auro

1855 4198 2114 4258 distincta,
2143 4212 2252 4260 quoe
2276 4198 2449 4259 pileum
2473 4209 2763 4258 purpureum
2791 4196 2857 4244 ita
2890 4193 3208 4257 astringebat,
3240 4198 3294 4244 ut
3332 4200 3416 4244 ta?-

1852 4276 2039 4323 niarum
2064 4277 2291 4323 extremae
2305 4274 2504 4321 fimbrias
2526 4272 2575 4320 in
2601 4275 2781 4333 tergum
2805 4272 3141 4334 dependerent.
3159 4275 3417 4334 Quumque

1856 4352 2052 4401 Athenis
2081 4350 2432 4399 Demetriorum
2456 4349 2714 4399 solennitas
2736 4349 3077 4409 celebraretur,
3099 4350 3148 4398 in
3168 4350 3414 4411 proscenio

1855 4428 2012 4490 pictus
2029 4430 2130 4477 crat
2150 4428 2420 4477 Demetrius
2437 4464 2449 4486 ,
2468 4427 2572 4474 orbi
2591 4429 2827 4474 terrarum
2851 4424 3075 4473 insidens,

2590 4518 2676 4568 32.

1919 4608 2063 4660 Duris
2080 4609 2222 4658 tertio
2256 4611 2306 4657 et
2341 4608 2568 4657 vicesimo
2591 4609 2907 4657 Historiarum
2932 4608 3055 4657 libro
3087 4608 3154 4656 ait
3177 4607 3276 4668 jam
3302 4610 3416 4656 olin.

1859 4700 1993 4750 reges
2010 4689 2059 4736 et
2075 4689 2311 4735 terrarum
2338 4684 2557 4734 dominos
2575 4686 2635 4733 ad
2649 4685 2978 4735 temulentiam
2996 4685 3136 4734 fuisoe
3155 4683 3414 4745 proclives:

1857 4765 2019 4825 itaque
2045 4762 2174 4824 apud
2193 4765 2454 4812 Homerum
2487 4762 2720 4812 Achillem
2748 4762 3001 4810 conviciari
3040 4762 3377 4823 Agamenmoni
3400 4798 3414 4821 ,

1858 4844 2112 4904 dicereque
2129 4879 2144 4902 ,

1965 4952 2082 4996 vino
2099 4953 2258 5007 gravis,
2292 4951 2482 4995 caninos
2495 4950 2651 4995 oculos
2665 4951 2848 4999 habens:

1859 5068 1905 5113 et
1925 5064 1985 5111 de
2011 5067 2166 5112 morte
2187 5065 2307 5121 regis
2326 5064 2522 5125 loquens
2544 5065 2608 5112 ait
2632 5084 2643 5112 :

1975 5192 2030 5230 rt
2059 5190 2180 5231 circa
2196 5191 2417 5232 craterem
2441 5198 2700 5243 mensasque
2724 5187 2877 5240 plenas

2018 5258 2273 5310 jacebamus
2305 5272 2317 5299 ε
