<?xml version="1.0" encoding="UTF-8"?>
<!DOCTYPE html PUBLIC "-//W3C//DTD XHTML 1.0 Transitional//EN"
    "http://www.w3.org/TR/xhtml1/DTD/xhtml1-transitional.dtd">
<html xmlns="http://www.w3.org/1999/xhtml" xml:lang="en" lang="en">
 <head>
  <title>
</title>
<meta http-equiv="Content-Type" content="text/html;charset=utf-8" />
  <meta name='ocr-system' content='tesseract 3.04.00' />
  <meta name='ocr-capabilities' content='ocr_page ocr_carea ocr_par ocr_line ocrx_word'/>
</head>
<body>
  <div class='ocr_page' id='page_1' title='image "./fragmentahistor03unkngoog_0061.png"; bbox 0 0 3900 6042; ppageno 0'>
   <div class='ocr_carea' id='block_1_1' title="bbox 560 452 2565 541">
    <p class='ocr_par' dir='ltr' id='par_1_1' title="bbox 560 452 2565 541">
     <span class='ocr_line' id='line_1_1' title="bbox 560 452 2565 541; baseline -0.002 -3"><span class='ocrx_word' id='word_1_1' title='bbox 560 491 593 538; x_wconf 73' lang='grc' dir='ltr'>σ</span> <span class='ocrx_word' id='word_1_2' title='bbox 1742 452 2149 541; x_wconf 57' lang='lat' dir='ltr'>meursius</span> <span class='ocrx_word' id='word_1_3' title='bbox 2191 475 2565 536; x_wconf 63' lang='lat' dir='ltr'>mansius,</span> 
     </span>
    </p>
   </div>
   <div class='ocr_carea' id='block_1_2' title="bbox 626 621 2096 701">
    <p class='ocr_par' dir='ltr' id='par_1_2' title="bbox 626 621 2096 701">
     <span class='ocr_line' id='line_1_2' title="bbox 626 621 2096 701; baseline -0.001 -26"><span class='ocrx_word' id='word_1_4' title='bbox 626 624 929 675; x_wconf 79' lang='lat' dir='ltr'>Auctorem</span> <span class='ocrx_word' id='word_1_5' title='bbox 951 622 1077 674; x_wconf 85' lang='lat' dir='ltr'>satis</span> <span class='ocrx_word' id='word_1_6' title='bbox 1100 631 1372 674; x_wconf 81' lang='lat' dir='ltr'>vetustum</span> <span class='ocrx_word' id='word_1_7' title='bbox 1393 621 1677 673; x_wconf 86' lang='lat' dir='ltr'>Hecataeus</span> <span class='ocrx_word' id='word_1_8' title='bbox 1696 630 1752 701; x_wconf 68' lang='lat' dir='ltr'>qt</span> <span class='ocrx_word' id='word_1_9' title='bbox 1772 621 2096 674; x_wconf 81' lang='lat' dir='ltr'>Hellanicus</span> 
     </span>
    </p>
   </div>
   <div class='ocr_carea' id='block_1_3' title="bbox 2193 617 3749 691">
    <p class='ocr_par' dir='ltr' id='par_1_3' title="bbox 2193 617 3749 691">
     <span class='ocr_line' id='line_1_3' title="bbox 2193 617 3749 691; baseline 0.005 -21"><span class='ocrx_word' id='word_1_10' title='bbox 2193 617 2331 671; x_wconf 90' lang='lat' dir='ltr'>lonii</span> <span class='ocrx_word' id='word_1_11' title='bbox 2353 636 2421 671; x_wconf 82' lang='lat' dir='ltr'>ex</span> <span class='ocrx_word' id='word_1_12' title='bbox 2462 618 2733 689; x_wconf 83' lang='lat' dir='ltr'>Dionysio</span> <span class='ocrx_word' id='word_1_13' title='bbox 2768 619 3030 691; x_wconf 83' lang='lat' dir='ltr'>leguntur</span> <span class='ocrx_word' id='word_1_14' title='bbox 3064 620 3252 674; x_wconf 87' lang='lat' dir='ltr'>omnia</span> <span class='ocrx_word' id='word_1_15' title='bbox 3285 620 3579 677; x_wconf 83' lang='lat' dir='ltr'>reserenda</span> <span class='ocrx_word' id='word_1_16' title='bbox 3621 636 3749 678; x_wconf 83' lang='lat' dir='ltr'>sunt</span> 
     </span>
    </p>
   </div>
   <div class='ocr_carea' id='block_1_4' title="bbox 548 703 3747 780">
    <p class='ocr_par' dir='ltr' id='par_1_4' title="bbox 548 703 3747 780">
     <span class='ocr_line' id='line_1_4' title="bbox 548 703 3747 780; baseline 0.001 -19"><span class='ocrx_word' id='word_1_17' title='bbox 548 710 778 761; x_wconf 82' lang='lat' dir='ltr'>comites</span> <span class='ocrx_word' id='word_1_18' title='bbox 800 718 1072 780; x_wconf 80' lang='lat' dir='ltr'>arguunt3</span> <span class='ocrx_word' id='word_1_19' title='bbox 1117 726 1221 760; x_wconf 89' lang='lat' dir='ltr'>nec</span> <span class='ocrx_word' id='word_1_20' title='bbox 1251 705 1560 778; x_wconf 87' lang='lat' dir='ltr'>quidquam</span> <span class='ocrx_word' id='word_1_21' title='bbox 1596 705 1778 760; x_wconf 83' lang='lat' dir='ltr'><strong>obstat</strong></span> <span class='ocrx_word' id='word_1_22' title='bbox 1817 707 1955 779; x_wconf 90' lang='lat' dir='ltr'>quin</span> <span class='ocrx_word' id='word_1_23' title='bbox 1980 706 2098 761; x_wconf 75' lang='lat' dir='ltr'>haec</span> <span class='ocrx_word' id='word_1_24' title='bbox 2187 703 2261 758; x_wconf 89' lang='lat' dir='ltr'>ad</span> <span class='ocrx_word' id='word_1_25' title='bbox 2287 705 2661 776; x_wconf 74' lang='lat' dir='ltr'>Mytilenaeum</span> <span class='ocrx_word' id='word_1_26' title='bbox 2679 744 2695 772; x_wconf 92' lang='lat'>‚</span> <span class='ocrx_word' id='word_1_27' title='bbox 2721 706 2821 776; x_wconf 86' lang='lat' dir='ltr'>qui</span> <span class='ocrx_word' id='word_1_28' title='bbox 2842 706 2904 759; x_wconf 90' lang='lat' dir='ltr'>in</span> <span class='ocrx_word' id='word_1_29' title='bbox 2918 705 3191 761; x_wconf 60' lang='lat' dir='ltr'>Milesium</span> <span class='ocrx_word' id='word_1_30' title='bbox 3209 706 3348 760; x_wconf 86' lang='lat' dir='ltr'>abiit</span> <span class='ocrx_word' id='word_1_31' title='bbox 3365 708 3452 761; x_wconf 77' lang='lat' dir='ltr'>vel</span> <span class='ocrx_word' id='word_1_32' title='bbox 3474 709 3747 764; x_wconf 87' lang='lat' dir='ltr'>librario-</span> 
     </span>
    </p>
   </div>
   <div class='ocr_carea' id='block_1_5' title="bbox 546 789 2105 4158">
    <p class='ocr_par' dir='ltr' id='par_1_5' title="bbox 548 789 1575 848">
     <span class='ocr_line' id='line_1_5' title="bbox 548 789 1575 848; baseline -0.002 -1"><span class='ocrx_word' id='word_1_33' title='bbox 548 813 617 848; x_wconf 81' lang='lat' dir='ltr'>cx</span> <span class='ocrx_word' id='word_1_34' title='bbox 638 795 869 847; x_wconf 88' lang='lat' dir='ltr'>historia</span> <span class='ocrx_word' id='word_1_35' title='bbox 898 793 1030 847; x_wconf 91' lang='lat' dir='ltr'>belli</span> <span class='ocrx_word' id='word_1_36' title='bbox 1060 792 1265 847; x_wconf 83' lang='lat' dir='ltr'>Medici</span> <span class='ocrx_word' id='word_1_37' title='bbox 1290 789 1575 846; x_wconf 81' lang='lat' dir='ltr'>fluxerint.</span> 
     </span>
    </p>

    <p class='ocr_par' dir='ltr' id='par_1_6' title="bbox 550 873 2104 2507">
     <span class='ocr_line' id='line_1_6' title="bbox 625 873 2089 956; baseline -0.003 -21"><span class='ocrx_word' id='word_1_38' title='bbox 625 881 773 935; x_wconf 87' lang='lat' dir='ltr'>Num</span> <span class='ocrx_word' id='word_1_39' title='bbox 802 880 886 936; x_wconf 71' lang='lat' dir='ltr'>tle</span> <span class='ocrx_word' id='word_1_40' title='bbox 907 877 1095 956; x_wconf 73' lang='grc' dir='ltr'>ριήγη</span> <span class='ocrx_word' id='word_1_41' title='bbox 1112 899 1216 934; x_wconf 91' lang='grc' dir='ltr'>σιν</span> <span class='ocrx_word' id='word_1_42' title='bbox 1250 873 1599 950; x_wconf 79' lang='grc' dir='ltr'><strong>οἰκουμένη</strong></span> <span class='ocrx_word' id='word_1_43' title='bbox 1616 898 1640 941; x_wconf 89' lang='grc' dir='ltr'>ς</span> <span class='ocrx_word' id='word_1_44' title='bbox 1665 879 1967 950; x_wconf 84' lang='lat' dir='ltr'>Dionysius</span> <span class='ocrx_word' id='word_1_45' title='bbox 1989 878 2089 933; x_wconf 83' lang='lat' dir='ltr'>Mi-</span> 
     </span>
     <span class='ocr_line' id='line_1_7' title="bbox 550 963 2099 1038; baseline -0.002 -19"><span class='ocrx_word' id='word_1_46' title='bbox 550 967 712 1020; x_wconf 90' lang='lat' dir='ltr'>lesius</span> <span class='ocrx_word' id='word_1_47' title='bbox 739 966 1049 1038; x_wconf 83' lang='lat' dir='ltr'>scripserit,</span> <span class='ocrx_word' id='word_1_48' title='bbox 1087 983 1263 1019; x_wconf 89' lang='lat' dir='ltr'>necne</span> <span class='ocrx_word' id='word_1_49' title='bbox 1281 1004 1299 1032; x_wconf 89' lang='lat'>‚</span> <span class='ocrx_word' id='word_1_50' title='bbox 1329 963 1699 1019; x_wconf 81' lang='lat' dir='ltr'>demonstrari</span> <span class='ocrx_word' id='word_1_51' title='bbox 1726 964 1960 1036; x_wconf 89' lang='lat' dir='ltr'>quidem</span> <span class='ocrx_word' id='word_1_52' title='bbox 1997 981 2099 1016; x_wconf 90' lang='lat' dir='ltr'>ne-</span> 
     </span>
     <span class='ocr_line' id='line_1_8' title="bbox 551 1049 2100 1132; baseline -0.003 -26"><span class='ocrx_word' id='word_1_53' title='bbox 551 1054 701 1124; x_wconf 82' lang='lat' dir='ltr'>quit3</span> <span class='ocrx_word' id='word_1_54' title='bbox 731 1051 829 1106; x_wconf 86' lang='lat' dir='ltr'>sed</span> <span class='ocrx_word' id='word_1_55' title='bbox 856 1069 1032 1124; x_wconf 91' lang='lat' dir='ltr'>quum</span> <span class='ocrx_word' id='word_1_56' title='bbox 1054 1049 1256 1132; x_wconf 67' lang='lat' dir='ltr'>eodem</span> <span class='ocrx_word' id='word_1_57' title='bbox 1281 1050 1397 1105; x_wconf 85' lang='lat' dir='ltr'>sere</span> <span class='ocrx_word' id='word_1_58' title='bbox 1417 1061 1672 1124; x_wconf 88' lang='lat' dir='ltr'>tempore</span> <span class='ocrx_word' id='word_1_59' title='bbox 1695 1051 1838 1106; x_wconf 87' lang='lat' dir='ltr'>alter</span> <span class='ocrx_word' id='word_1_60' title='bbox 1853 1050 2100 1105; x_wconf 86' lang='lat' dir='ltr'>Milesius</span> 
     </span>
     <span class='ocr_line' id='line_1_9' title="bbox 551 1139 2097 1212; baseline -0.003 -19"><span class='ocrx_word' id='word_1_61' title='bbox 551 1142 609 1193; x_wconf 90' lang='lat' dir='ltr'>in</span> <span class='ocrx_word' id='word_1_62' title='bbox 633 1139 833 1194; x_wconf 88' lang='lat' dir='ltr'>eodem</span> <span class='ocrx_word' id='word_1_63' title='bbox 865 1147 1195 1212; x_wconf 86' lang='lat' dir='ltr'>argumento</span> <span class='ocrx_word' id='word_1_64' title='bbox 1233 1139 1513 1211; x_wconf 79' lang='lat' dir='ltr'>egregiam</span> <span class='ocrx_word' id='word_1_65' title='bbox 1543 1139 1795 1210; x_wconf 76' lang='lat' dir='ltr'>posuerit</span> <span class='ocrx_word' id='word_1_66' title='bbox 1829 1155 2060 1210; x_wconf 84' lang='lat' dir='ltr'>operam</span> <span class='ocrx_word' id='word_1_67' title='bbox 2080 1176 2097 1201; x_wconf 88' lang='lat'>‚</span> 
     </span>
     <span class='ocr_line' id='line_1_10' title="bbox 553 1223 2102 1297; baseline 0.001 -17"><span class='ocrx_word' id='word_1_68' title='bbox 553 1244 671 1280; x_wconf 88' lang='lat' dir='ltr'>non</span> <span class='ocrx_word' id='word_1_69' title='bbox 692 1224 990 1297; x_wconf 88' lang='lat' dir='ltr'>probabile</span> <span class='ocrx_word' id='word_1_70' title='bbox 1009 1234 1089 1278; x_wconf 86' lang='lat' dir='ltr'>est</span> <span class='ocrx_word' id='word_1_71' title='bbox 1114 1223 1309 1278; x_wconf 87' lang='lat' dir='ltr'>eadem</span> <span class='ocrx_word' id='word_1_72' title='bbox 1325 1224 1517 1297; x_wconf 88' lang='lat' dir='ltr'>paullo</span> <span class='ocrx_word' id='word_1_73' title='bbox 1542 1236 1671 1297; x_wconf 86' lang='lat' dir='ltr'>post</span> <span class='ocrx_word' id='word_1_74' title='bbox 1686 1236 1939 1279; x_wconf 79' lang='lat' dir='ltr'>tractasse</span> <span class='ocrx_word' id='word_1_75' title='bbox 1966 1226 2102 1281; x_wconf 88' lang='lat' dir='ltr'>Dio·</span> 
     </span>
     <span class='ocr_line' id='line_1_11' title="bbox 550 1309 2102 1383; baseline 0.002 -19"><span class='ocrx_word' id='word_1_76' title='bbox 550 1312 788 1383; x_wconf 86' lang='lat' dir='ltr'>nysium.</span> <span class='ocrx_word' id='word_1_77' title='bbox 816 1310 999 1366; x_wconf 84' lang='lat' dir='ltr'>Suidae</span> <span class='ocrx_word' id='word_1_78' title='bbox 1030 1328 1169 1364; x_wconf 82' lang='lat' dir='ltr'>vero</span> <span class='ocrx_word' id='word_1_79' title='bbox 1211 1309 1510 1364; x_wconf 86' lang='lat' dir='ltr'>auctoritas</span> <span class='ocrx_word' id='word_1_80' title='bbox 1538 1326 1698 1381; x_wconf 74' lang='lat' dir='ltr'>paene</span> <span class='ocrx_word' id='word_1_81' title='bbox 1728 1310 1883 1364; x_wconf 85' lang='lat' dir='ltr'>nulla</span> <span class='ocrx_word' id='word_1_82' title='bbox 1909 1321 2010 1365; x_wconf 86' lang='lat' dir='ltr'>est.</span> <span class='ocrx_word' id='word_1_83' title='bbox 2048 1314 2102 1367; x_wconf 90' lang='lat' dir='ltr'>Is</span> 
     </span>
     <span class='ocr_line' id='line_1_12' title="bbox 551 1395 2098 1469; baseline 0.001 -18"><span class='ocrx_word' id='word_1_84' title='bbox 551 1400 701 1452; x_wconf 89' lang='lat' dir='ltr'>enim</span> <span class='ocrx_word' id='word_1_85' title='bbox 725 1416 842 1451; x_wconf 89' lang='lat' dir='ltr'>non</span> <span class='ocrx_word' id='word_1_86' title='bbox 863 1398 1078 1452; x_wconf 85' lang='lat' dir='ltr'>Milesio</span> <span class='ocrx_word' id='word_1_87' title='bbox 1116 1407 1329 1450; x_wconf 89' lang='lat' dir='ltr'>tantum</span> <span class='ocrx_word' id='word_1_88' title='bbox 1352 1397 1669 1469; x_wconf 85' lang='lat' dir='ltr'>Periegesin</span> <span class='ocrx_word' id='word_1_89' title='bbox 1688 1395 1965 1465; x_wconf 84' lang='lat' dir='ltr'>attribuit,</span> <span class='ocrx_word' id='word_1_90' title='bbox 1999 1399 2098 1453; x_wconf 84' lang='lat' dir='ltr'>sed</span> 
     </span>
     <span class='ocr_line' id='line_1_13' title="bbox 552 1471 2100 1560; baseline 0 -21"><span class='ocrx_word' id='word_1_91' title='bbox 552 1486 716 1539; x_wconf 86' lang='lat' dir='ltr'>etiam</span> <span class='ocrx_word' id='word_1_92' title='bbox 751 1484 1023 1556; x_wconf 78' lang='lat' dir='ltr'>Dionysio</span> <span class='ocrx_word' id='word_1_93' title='bbox 1052 1483 1373 1551; x_wconf 86' lang='lat' dir='ltr'>Corinthio,</span> <span class='ocrx_word' id='word_1_94' title='bbox 1408 1480 1652 1536; x_wconf 87' lang='lat' dir='ltr'>addens:</span> <span class='ocrx_word' id='word_1_95' title='bbox 1678 1483 1843 1536; x_wconf 79' lang='grc' dir='ltr'>ταῦτα</span> <span class='ocrx_word' id='word_1_96' title='bbox 1871 1480 1925 1536; x_wconf 77' lang='grc' dir='ltr'>δὲ</span> <span class='ocrx_word' id='word_1_97' title='bbox 1953 1471 2100 1560; x_wconf 72' lang='grc' dir='ltr'>εὗρον</span> 
     </span>
     <span class='ocr_line' id='line_1_14' title="bbox 552 1559 2100 1646; baseline -0.001 -21"><span class='ocrx_word' id='word_1_98' title='bbox 552 1567 640 1625; x_wconf 77' lang='grc' dir='ltr'>καὶ</span> <span class='ocrx_word' id='word_1_99' title='bbox 665 1570 717 1625; x_wconf 78' lang='grc' dir='ltr'>ἐν</span> <span class='ocrx_word' id='word_1_100' title='bbox 737 1566 992 1645; x_wconf 58' lang='grc' dir='ltr'>Διονυσίῳ</span> <span class='ocrx_word' id='word_1_101' title='bbox 1019 1568 1093 1646; x_wconf 84' lang='grc' dir='ltr'>τῷ</span> <span class='ocrx_word' id='word_1_102' title='bbox 1116 1564 1185 1623; x_wconf 79' lang='grc' dir='ltr'>τὰ</span> <span class='ocrx_word' id='word_1_103' title='bbox 1214 1564 1442 1625; x_wconf 80' lang='grc' dir='ltr'>Λιθιακὰ</span> <span class='ocrx_word' id='word_1_104' title='bbox 1467 1563 1745 1643; x_wconf 78' lang='grc' dir='ltr'>γράψαντι·</span> <span class='ocrx_word' id='word_1_105' title='bbox 1772 1565 1986 1645; x_wconf 82' lang='grc' dir='ltr'>πότερος</span> <span class='ocrx_word' id='word_1_106' title='bbox 2012 1559 2100 1626; x_wconf 70' lang='grc' dir='ltr'>οῧν</span> 
     </span>
     <span class='ocr_line' id='line_1_15' title="bbox 552 1645 2099 1727; baseline -0.001 -15"><span class='ocrx_word' id='word_1_107' title='bbox 552 1657 720 1713; x_wconf 79' lang='grc' dir='ltr'>αὐτῶν</span> <span class='ocrx_word' id='word_1_108' title='bbox 757 1655 850 1711; x_wconf 80' lang='grc' dir='ltr'>οὐκ</span> <span class='ocrx_word' id='word_1_109' title='bbox 895 1645 1030 1711; x_wconf 73' lang='grc' dir='ltr'>οἶδα.</span> <span class='ocrx_word' id='word_1_110' title='bbox 1071 1655 1232 1709; x_wconf 91' lang='lat' dir='ltr'>Idem</span> <span class='ocrx_word' id='word_1_111' title='bbox 1256 1655 1451 1727; x_wconf 86' lang='lat' dir='ltr'>paullo</span> <span class='ocrx_word' id='word_1_112' title='bbox 1493 1664 1623 1726; x_wconf 88' lang='lat' dir='ltr'>post</span> <span class='ocrx_word' id='word_1_113' title='bbox 1662 1655 1975 1727; x_wconf 78' lang='lat' dir='ltr'>Perlegesin</span> <span class='ocrx_word' id='word_1_114' title='bbox 2000 1656 2099 1710; x_wconf 89' lang='lat' dir='ltr'>dat</span> 
     </span>
     <span class='ocr_line' id='line_1_16' title="bbox 550 1740 2102 1817; baseline -0.001 -18"><span class='ocrx_word' id='word_1_115' title='bbox 550 1745 821 1817; x_wconf 81' lang='lat' dir='ltr'>Dionysio</span> <span class='ocrx_word' id='word_1_116' title='bbox 850 1744 1036 1798; x_wconf 87' lang='lat' dir='ltr'>Samio</span> <span class='ocrx_word' id='word_1_117' title='bbox 1063 1743 1152 1796; x_wconf 77' lang='lat' dir='ltr'>vel</span> <span class='ocrx_word' id='word_1_118' title='bbox 1168 1741 1396 1797; x_wconf 86' lang='lat' dir='ltr'>Rhodio</span> <span class='ocrx_word' id='word_1_119' title='bbox 1412 1781 1429 1809; x_wconf 88' lang='lat'><strong><em>‚</em></strong></span> <span class='ocrx_word' id='word_1_120' title='bbox 1452 1741 1666 1795; x_wconf 75' lang='lat' dir='ltr'>haerens</span> <span class='ocrx_word' id='word_1_121' title='bbox 1680 1740 1946 1809; x_wconf 82' lang='lat' dir='ltr'>incertus3</span> <span class='ocrx_word' id='word_1_122' title='bbox 1972 1761 2102 1797; x_wconf 86' lang='lat' dir='ltr'>nam</span> 
     </span>
     <span class='ocr_line' id='line_1_17' title="bbox 550 1823 2102 1902; baseline -0.003 -16"><span class='ocrx_word' id='word_1_123' title='bbox 550 1830 773 1901; x_wconf 85' lang='lat' dir='ltr'>subjicit</span> <span class='ocrx_word' id='word_1_124' title='bbox 796 1825 1187 1900; x_wconf 70' lang='grc' dir='ltr'>εὖπολαμὸάνω</span> <span class='ocrx_word' id='word_1_125' title='bbox 1224 1825 1280 1882; x_wconf 84' lang='grc' dir='ltr'>δὲ</span> <span class='ocrx_word' id='word_1_126' title='bbox 1303 1823 1383 1881; x_wconf 81' lang='grc' dir='ltr'>ὅτι</span> <span class='ocrx_word' id='word_1_127' title='bbox 1410 1825 1673 1889; x_wconf 85' lang='grc' dir='ltr'>Διονύσιος</span> <span class='ocrx_word' id='word_1_128' title='bbox 1708 1827 1737 1880; x_wconf 85' lang='grc' dir='ltr'>ὁ</span> <span class='ocrx_word' id='word_1_129' title='bbox 1768 1825 2102 1902; x_wconf 79' lang='grc' dir='ltr'>Περιηγητὴς</span> 
     </span>
     <span class='ocr_line' id='line_1_18' title="bbox 554 1905 2097 1990; baseline -0.001 -17"><span class='ocrx_word' id='word_1_130' title='bbox 554 1914 834 1983; x_wconf 80' lang='grc' dir='ltr'>Βυζάντιος</span> <span class='ocrx_word' id='word_1_131' title='bbox 865 1905 928 1983; x_wconf 71' lang='grc' dir='ltr'>ἦν</span> <span class='ocrx_word' id='word_1_132' title='bbox 959 1911 1044 1970; x_wconf 78' lang='grc' dir='ltr'>διὰ</span> <span class='ocrx_word' id='word_1_133' title='bbox 1081 1912 1169 1969; x_wconf 82' lang='grc' dir='ltr'>τὸν</span> <span class='ocrx_word' id='word_1_134' title='bbox 1208 1910 1443 1985; x_wconf 82' lang='grc' dir='ltr'>ποταμὸν</span> <span class='ocrx_word' id='word_1_135' title='bbox 1474 1909 1679 1980; x_wconf 68' lang='grc' dir='ltr'>Ῥήὸαν</span> <span class='ocrx_word' id='word_1_136' title='bbox 1730 1909 1815 1990; x_wconf 71' lang='grc' dir='ltr'>(ν.</span> <span class='ocrx_word' id='word_1_137' title='bbox 1847 1921 1956 1987; x_wconf 72' lang='grc'>794</span> <span class='ocrx_word' id='word_1_138' title='bbox 2004 1916 2097 1971; x_wconf 88' lang='lat' dir='ltr'>ed.</span> 
     </span>
     <span class='ocr_line' id='line_1_19' title="bbox 550 1999 2104 2075; baseline -0.001 -15"><span class='ocrx_word' id='word_1_139' title='bbox 550 2004 778 2075; x_wconf 86' lang='lat' dir='ltr'>Beruh.)</span> <span class='ocrx_word' id='word_1_140' title='bbox 789 2044 802 2057; x_wconf 94' lang='lat'>.</span> <span class='ocrx_word' id='word_1_141' title='bbox 821 2002 1294 2058; x_wconf 89' lang='lat' dir='ltr'>Verisimillimum</span> <span class='ocrx_word' id='word_1_142' title='bbox 1313 2001 1485 2073; x_wconf 86' lang='lat' dir='ltr'>igitur</span> <span class='ocrx_word' id='word_1_143' title='bbox 1499 2011 1578 2054; x_wconf 86' lang='lat' dir='ltr'>est</span> <span class='ocrx_word' id='word_1_144' title='bbox 1593 1999 1947 2055; x_wconf 85' lang='lat' dir='ltr'>omnibushis</span> <span class='ocrx_word' id='word_1_145' title='bbox 1967 2002 2104 2058; x_wconf 90' lang='lat' dir='ltr'>locis</span> 
     </span>
     <span class='ocr_line' id='line_1_20' title="bbox 551 2087 2102 2162; baseline -0.002 -18"><span class='ocrx_word' id='word_1_146' title='bbox 551 2109 673 2145; x_wconf 90' lang='lat' dir='ltr'>eam</span> <span class='ocrx_word' id='word_1_147' title='bbox 702 2107 868 2162; x_wconf 89' lang='lat' dir='ltr'>quam</span> <span class='ocrx_word' id='word_1_148' title='bbox 893 2088 1196 2142; x_wconf 89' lang='lat' dir='ltr'>etiamnum</span> <span class='ocrx_word' id='word_1_149' title='bbox 1217 2087 1486 2142; x_wconf 86' lang='lat' dir='ltr'>habemus</span> <span class='ocrx_word' id='word_1_150' title='bbox 1514 2087 1770 2158; x_wconf 82' lang='lat' dir='ltr'>Dionysii</span> <span class='ocrx_word' id='word_1_151' title='bbox 1789 2088 2102 2160; x_wconf 82' lang='lat' dir='ltr'>Periegesin</span> 
     </span>
     <span class='ocr_line' id='line_1_21' title="bbox 555 2173 2101 2250; baseline -0.002 -19"><span class='ocrx_word' id='word_1_152' title='bbox 555 2177 850 2250; x_wconf 88' lang='lat' dir='ltr'>designari.</span> <span class='ocrx_word' id='word_1_153' title='bbox 874 2174 1003 2229; x_wconf 87' lang='lat' dir='ltr'>vid.</span> <span class='ocrx_word' id='word_1_154' title='bbox 1038 2173 1387 2246; x_wconf 78' lang='lat' dir='ltr'>Bernhardy.</span> <span class='ocrx_word' id='word_1_155' title='bbox 1418 2174 1492 2228; x_wconf 88' lang='lat' dir='ltr'>ad</span> <span class='ocrx_word' id='word_1_156' title='bbox 1516 2174 1689 2228; x_wconf 91' lang='lat' dir='ltr'>Dion.</span> <span class='ocrx_word' id='word_1_157' title='bbox 1732 2176 1860 2229; x_wconf 89' lang='lat' dir='ltr'>Per.</span> <span class='ocrx_word' id='word_1_158' title='bbox 1895 2193 1956 2247; x_wconf 92' lang='lat' dir='ltr'>p.</span> <span class='ocrx_word' id='word_1_159' title='bbox 1988 2174 2101 2247; x_wconf 75' lang='grc'>489</span> 
     </span>
     <span class='ocr_line' id='line_1_22' title="bbox 551 2258 2097 2334; baseline -0.001 -19"><span class='ocrx_word' id='word_1_160' title='bbox 551 2261 986 2334; x_wconf 76' lang='lat' dir='ltr'>sqq.;Schirlit2.</span> <span class='ocrx_word' id='word_1_161' title='bbox 1018 2258 1200 2319; x_wconf 82' lang='lat' dir='ltr'>Ueber</span> <span class='ocrx_word' id='word_1_162' title='bbox 1216 2260 1314 2313; x_wconf 74' lang='lat' dir='ltr'>des</span> <span class='ocrx_word' id='word_1_163' title='bbox 1340 2261 1549 2328; x_wconf 76' lang='lat' dir='ltr'>Dionys</span> <span class='ocrx_word' id='word_1_164' title='bbox 1565 2300 1578 2313; x_wconf 97' lang='lat'>.</span> <span class='ocrx_word' id='word_1_165' title='bbox 1606 2260 1732 2312; x_wconf 80' lang='lat' dir='ltr'>Per.</span> <span class='ocrx_word' id='word_1_166' title='bbox 1754 2261 2027 2314; x_wconf 79' lang='lat' dir='ltr'>Zeitalter</span> <span class='ocrx_word' id='word_1_167' title='bbox 2041 2280 2097 2314; x_wconf 81' lang='lat' dir='ltr'>u.</span> 
     </span>
     <span class='ocr_line' id='line_1_23' title="bbox 559 2343 2098 2416; baseline 0.002 -18"><span class='ocrx_word' id='word_1_168' title='bbox 559 2349 613 2398; x_wconf 87' lang='lat' dir='ltr'><em>V</em></span> <span class='ocrx_word' id='word_1_169' title='bbox 609 2348 878 2413; x_wconf 80' lang='lat' dir='ltr'>atet-land,</span> <span class='ocrx_word' id='word_1_170' title='bbox 909 2349 968 2400; x_wconf 91' lang='lat' dir='ltr'>in</span> <span class='ocrx_word' id='word_1_171' title='bbox 986 2347 1247 2401; x_wconf 90' lang='lat' dir='ltr'>Seebodii</span> <span class='ocrx_word' id='word_1_172' title='bbox 1271 2349 1347 2402; x_wconf 89' lang='lat' dir='ltr'>N.</span> <span class='ocrx_word' id='word_1_173' title='bbox 1371 2346 1582 2401; x_wconf 73' lang='lat' dir='ltr'>Archiv</span> <span class='ocrx_word' id='word_1_174' title='bbox 1589 2343 1652 2416; x_wconf 86' lang='lat' dir='ltr'><em>f</em></span> <span class='ocrx_word' id='word_1_175' title='bbox 1685 2346 1839 2405; x_wconf 72' lang='lat' dir='ltr'>Phil.</span> <span class='ocrx_word' id='word_1_176' title='bbox 1858 2366 1913 2400; x_wconf 86' lang='lat' dir='ltr'>u.</span> <span class='ocrx_word' id='word_1_177' title='bbox 1934 2348 2098 2401; x_wconf 72' lang='lat' dir='ltr'>Poed.</span> 
     </span>
     <span class='ocr_line' id='line_1_24' title="bbox 560 2432 1152 2507; baseline -0.002 -19"><span class='ocrx_word' id='word_1_178' title='bbox 560 2434 728 2503; x_wconf 82' lang='lat'>1828,</span> <span class='ocrx_word' id='word_1_179' title='bbox 760 2436 910 2507; x_wconf 90' lang='lat' dir='ltr'>II,p.</span> <span class='ocrx_word' id='word_1_180' title='bbox 938 2432 1008 2487; x_wconf 82' lang='lat'>33</span> <span class='ocrx_word' id='word_1_181' title='bbox 1028 2451 1152 2505; x_wconf 87' lang='lat' dir='ltr'><strong>sqq.</strong></span> 
     </span>
    </p>

    <p class='ocr_par' dir='ltr' id='par_1_7' title="bbox 546 2522 2105 4158">
     <span class='ocr_line' id='line_1_25' title="bbox 630 2522 2105 2602; baseline -0.001 -19"><span class='ocrx_word' id='word_1_182' title='bbox 630 2530 954 2601; x_wconf 86' lang='lat' dir='ltr'>Sequuntur</span> <span class='ocrx_word' id='word_1_183' title='bbox 997 2525 1150 2599; x_wconf 91' lang='lat' dir='ltr'>apud</span> <span class='ocrx_word' id='word_1_184' title='bbox 1184 2527 1412 2581; x_wconf 89' lang='lat' dir='ltr'>Suidam</span> <span class='ocrx_word' id='word_1_185' title='bbox 1461 2525 1713 2602; x_wconf 83' lang='grc' dir='ltr'>Τρωικῶν</span> <span class='ocrx_word' id='word_1_186' title='bbox 1766 2522 1943 2601; x_wconf 76' lang='grc' dir='ltr'>βιὸλία</span> <span class='ocrx_word' id='word_1_187' title='bbox 1970 2523 2021 2601; x_wconf 90' lang='grc' dir='ltr'>γ’</span> <span class='ocrx_word' id='word_1_188' title='bbox 2049 2539 2105 2581; x_wconf 90' lang='lat' dir='ltr'>et</span> 
     </span>
     <span class='ocr_line' id='line_1_26' title="bbox 556 2611 2102 2687; baseline -0.003 -16"><span class='ocrx_word' id='word_1_189' title='bbox 556 2611 785 2683; x_wconf 82' lang='grc' dir='ltr'>Μυθικά,</span> <span class='ocrx_word' id='word_1_190' title='bbox 817 2614 889 2669; x_wconf 91' lang='lat' dir='ltr'>de</span> <span class='ocrx_word' id='word_1_191' title='bbox 918 2613 1123 2687; x_wconf 89' lang='lat' dir='ltr'>quibus</span> <span class='ocrx_word' id='word_1_192' title='bbox 1147 2623 1346 2684; x_wconf 87' lang='lat' dir='ltr'>utpote</span> <span class='ocrx_word' id='word_1_193' title='bbox 1369 2614 1584 2667; x_wconf 80' lang='lat' dir='ltr'>Milesii</span> <span class='ocrx_word' id='word_1_194' title='bbox 1601 2613 1855 2685; x_wconf 75' lang='lat' dir='ltr'>Dionysii</span> <span class='ocrx_word' id='word_1_195' title='bbox 1898 2614 2102 2687; x_wconf 86' lang='lat' dir='ltr'>operi-</span> 
     </span>
     <span class='ocr_line' id='line_1_27' title="bbox 552 2701 2100 2771; baseline 0 -14"><span class='ocrx_word' id='word_1_196' title='bbox 552 2703 658 2757; x_wconf 85' lang='lat' dir='ltr'>bus</span> <span class='ocrx_word' id='word_1_197' title='bbox 708 2701 936 2757; x_wconf 87' lang='lat' dir='ltr'>aliunde</span> <span class='ocrx_word' id='word_1_198' title='bbox 962 2718 1082 2755; x_wconf 85' lang='lat' dir='ltr'>non</span> <span class='ocrx_word' id='word_1_199' title='bbox 1112 2710 1345 2754; x_wconf 86' lang='lat' dir='ltr'>constat.</span> <span class='ocrx_word' id='word_1_200' title='bbox 1376 2701 1585 2755; x_wconf 87' lang='lat' dir='ltr'>Contra</span> <span class='ocrx_word' id='word_1_201' title='bbox 1620 2704 1999 2771; x_wconf 60' lang='lat' dir='ltr'>Argonautica</span> <span class='ocrx_word' id='word_1_202' title='bbox 2025 2703 2100 2757; x_wconf 89' lang='lat' dir='ltr'>D.</span> 
     </span>
     <span class='ocr_line' id='line_1_28' title="bbox 554 2785 2098 2860; baseline -0.001 -18"><span class='ocrx_word' id='word_1_203' title='bbox 554 2790 768 2843; x_wconf 82' lang='lat' dir='ltr'>Milesii</span> <span class='ocrx_word' id='word_1_204' title='bbox 786 2789 940 2860; x_wconf 87' lang='lat' dir='ltr'>apud</span> <span class='ocrx_word' id='word_1_205' title='bbox 966 2787 1143 2841; x_wconf 89' lang='lat' dir='ltr'>schol.</span> <span class='ocrx_word' id='word_1_206' title='bbox 1170 2785 1243 2841; x_wconf 89' lang='lat' dir='ltr'>ad</span> <span class='ocrx_word' id='word_1_207' title='bbox 1260 2788 1528 2858; x_wconf 78' lang='lat' dir='ltr'>Apollon.</span> <span class='ocrx_word' id='word_1_208' title='bbox 1554 2786 1746 2841; x_wconf 81' lang='lat' dir='ltr'>Rhod.</span> <span class='ocrx_word' id='word_1_209' title='bbox 1784 2804 2098 2841; x_wconf 82' lang='lat' dir='ltr'>memoran-</span> 
     </span>
     <span class='ocr_line' id='line_1_29' title="bbox 557 2871 2101 2945; baseline -0.002 -16"><span class='ocrx_word' id='word_1_210' title='bbox 557 2887 647 2930; x_wconf 87' lang='lat' dir='ltr'>tur</span> <span class='ocrx_word' id='word_1_211' title='bbox 676 2876 812 2929; x_wconf 88' lang='lat' dir='ltr'>locis</span> <span class='ocrx_word' id='word_1_212' title='bbox 836 2893 951 2928; x_wconf 87' lang='lat' dir='ltr'>sex.</span> <span class='ocrx_word' id='word_1_213' title='bbox 980 2874 1139 2928; x_wconf 90' lang='lat' dir='ltr'>Idem</span> <span class='ocrx_word' id='word_1_214' title='bbox 1177 2872 1308 2926; x_wconf 88' lang='lat' dir='ltr'>alibi</span> <span class='ocrx_word' id='word_1_215' title='bbox 1337 2873 1663 2943; x_wconf 87' lang='lat' dir='ltr'>simpliciter</span> <span class='ocrx_word' id='word_1_216' title='bbox 1700 2871 1889 2925; x_wconf 89' lang='lat' dir='ltr'>laudat</span> <span class='ocrx_word' id='word_1_217' title='bbox 1912 2876 2101 2945; x_wconf 83' lang='lat' dir='ltr'>Argo-</span> 
     </span>
     <span class='ocr_line' id='line_1_30' title="bbox 556 2956 2105 3032; baseline -0.001 -18"><span class='ocrx_word' id='word_1_218' title='bbox 556 2962 774 3015; x_wconf 88' lang='lat' dir='ltr'>nautica</span> <span class='ocrx_word' id='word_1_219' title='bbox 793 2960 1047 3032; x_wconf 84' lang='lat' dir='ltr'>Dionysii</span> <span class='ocrx_word' id='word_1_220' title='bbox 1068 2977 1187 3012; x_wconf 89' lang='lat' dir='ltr'>non</span> <span class='ocrx_word' id='word_1_221' title='bbox 1204 2956 1315 3012; x_wconf 87' lang='lat' dir='ltr'>add</span> <span class='ocrx_word' id='word_1_222' title='bbox 1327 2960 1399 3011; x_wconf 85' lang='lat' dir='ltr'>ita</span> <span class='ocrx_word' id='word_1_223' title='bbox 1420 2959 1619 3012; x_wconf 87' lang='lat' dir='ltr'>notitia</span> <span class='ocrx_word' id='word_1_224' title='bbox 1635 2958 1847 3029; x_wconf 82' lang='lat' dir='ltr'>patriae.</span> <span class='ocrx_word' id='word_1_225' title='bbox 1866 2958 2105 3013; x_wconf 90' lang='lat' dir='ltr'>Duobus</span> 
     </span>
     <span class='ocr_line' id='line_1_31' title="bbox 546 3044 2102 3118; baseline 0.001 -21"><span class='ocrx_word' id='word_1_226' title='bbox 546 3048 801 3118; x_wconf 78' lang='lat' dir='ltr'>,denique</span> <span class='ocrx_word' id='word_1_227' title='bbox 829 3047 965 3099; x_wconf 88' lang='lat' dir='ltr'>locis</span> <span class='ocrx_word' id='word_1_228' title='bbox 1004 3044 1075 3099; x_wconf 90' lang='lat' dir='ltr'>ad</span> <span class='ocrx_word' id='word_1_229' title='bbox 1102 3047 1555 3117; x_wconf 87' lang='lat' dir='ltr'>Argonautarum</span> <span class='ocrx_word' id='word_1_230' title='bbox 1593 3044 1883 3097; x_wconf 83' lang='lat' dir='ltr'>historiam</span> <span class='ocrx_word' id='word_1_231' title='bbox 1920 3047 2102 3116; x_wconf 87' lang='lat' dir='ltr'>perti-</span> 
     </span>
     <span class='ocr_line' id='line_1_32' title="bbox 558 3131 2103 3205; baseline -0.001 -18"><span class='ocrx_word' id='word_1_232' title='bbox 558 3133 816 3187; x_wconf 88' lang='lat' dir='ltr'>nentibus</span> <span class='ocrx_word' id='word_1_233' title='bbox 843 3133 1046 3186; x_wconf 83' lang='lat' dir='ltr'>citatur</span> <span class='ocrx_word' id='word_1_234' title='bbox 1075 3131 1374 3201; x_wconf 87' lang='lat' dir='ltr'>Dionysius</span> <span class='ocrx_word' id='word_1_235' title='bbox 1396 3131 1781 3201; x_wconf 68' lang='lat' dir='ltr'>Mytilcnoem.</span> <span class='ocrx_word' id='word_1_236' title='bbox 1823 3132 1970 3185; x_wconf 87' lang='lat' dir='ltr'>Num</span> <span class='ocrx_word' id='word_1_237' title='bbox 2003 3133 2103 3205; x_wconf 78' lang='lat' dir='ltr'>igi-</span> 
     </span>
     <span class='ocr_line' id='line_1_33' title="bbox 556 3216 2102 3289; baseline 0.001 -19"><span class='ocrx_word' id='word_1_238' title='bbox 556 3229 647 3274; x_wconf 81' lang='lat' dir='ltr'>tur</span> <span class='ocrx_word' id='word_1_239' title='bbox 683 3219 928 3273; x_wconf 91' lang='lat' dir='ltr'>duorum</span> <span class='ocrx_word' id='word_1_240' title='bbox 958 3217 1359 3289; x_wconf 80' lang='lat' dir='ltr'>Dionysiorum</span> <span class='ocrx_word' id='word_1_241' title='bbox 1390 3216 1767 3287; x_wconf 83' lang='lat' dir='ltr'>Argonautica</span> <span class='ocrx_word' id='word_1_242' title='bbox 1809 3216 2102 3271; x_wconf 75' lang='lat' dir='ltr'>scholiasta</span> 
     </span>
     <span class='ocr_line' id='line_1_34' title="bbox 554 3302 2103 3375; baseline -0.001 -17"><span class='ocrx_word' id='word_1_243' title='bbox 554 3304 1038 3360; x_wconf 83' lang='lat' dir='ltr'>adhibuit?1mmo</span> <span class='ocrx_word' id='word_1_244' title='bbox 1054 3344 1068 3370; x_wconf 94' lang='lat'>,</span> <span class='ocrx_word' id='word_1_245' title='bbox 1099 3315 1402 3373; x_wconf 86' lang='lat' dir='ltr'>utrumque</span> <span class='ocrx_word' id='word_1_246' title='bbox 1416 3320 1601 3375; x_wconf 27' lang='lat' dir='ltr'>‘unum</span> <span class='ocrx_word' id='word_1_247' title='bbox 1621 3319 1733 3356; x_wconf 81' lang='lat' dir='ltr'>esse</span> <span class='ocrx_word' id='word_1_248' title='bbox 1747 3302 2103 3374; x_wconf 85' lang='lat' dir='ltr'>eundemque</span> 
     </span>
     <span class='ocr_line' id='line_1_35' title="bbox 554 3388 2101 3461; baseline -0.001 -16"><span class='ocrx_word' id='word_1_249' title='bbox 554 3393 836 3446; x_wconf 86' lang='lat' dir='ltr'>hominem</span> <span class='ocrx_word' id='word_1_250' title='bbox 850 3431 866 3457; x_wconf 90' lang='lat'>‚</span> <span class='ocrx_word' id='word_1_251' title='bbox 888 3409 1017 3445; x_wconf 89' lang='lat' dir='ltr'>eum</span> <span class='ocrx_word' id='word_1_252' title='bbox 1044 3391 1253 3446; x_wconf 88' lang='lat' dir='ltr'>scilicet</span> <span class='ocrx_word' id='word_1_253' title='bbox 1270 3407 1435 3461; x_wconf 89' lang='lat' dir='ltr'>quem</span> <span class='ocrx_word' id='word_1_254' title='bbox 1452 3388 1738 3443; x_wconf 89' lang='lat' dir='ltr'>Diodorus</span> <span class='ocrx_word' id='word_1_255' title='bbox 1767 3389 1913 3443; x_wconf 90' lang='lat' dir='ltr'>libro</span> <span class='ocrx_word' id='word_1_256' title='bbox 1935 3393 2101 3445; x_wconf 85' lang='lat' dir='ltr'>tertio</span> 
     </span>
     <span class='ocr_line' id='line_1_36' title="bbox 556 3477 2104 3550; baseline 0.001 -20"><span class='ocrx_word' id='word_1_257' title='bbox 556 3490 609 3532; x_wconf 81' lang='lat' dir='ltr'>et</span> <span class='ocrx_word' id='word_1_258' title='bbox 624 3489 826 3550; x_wconf 86' lang='lat' dir='ltr'>quarto</span> <span class='ocrx_word' id='word_1_259' title='bbox 847 3478 1049 3533; x_wconf 88' lang='lat' dir='ltr'>ducem</span> <span class='ocrx_word' id='word_1_260' title='bbox 1078 3477 1349 3548; x_wconf 88' lang='lat' dir='ltr'>sequitur,</span> <span class='ocrx_word' id='word_1_261' title='bbox 1390 3494 1458 3530; x_wconf 82' lang='lat' dir='ltr'>ex</span> <span class='ocrx_word' id='word_1_262' title='bbox 1495 3477 1830 3547; x_wconf 86' lang='lat' dir='ltr'>comparatis</span> <span class='ocrx_word' id='word_1_263' title='bbox 1865 3478 2012 3532; x_wconf 90' lang='lat' dir='ltr'>inter</span> <span class='ocrx_word' id='word_1_264' title='bbox 2046 3497 2104 3532; x_wconf 86' lang='lat' dir='ltr'>sc</span> 
     </span>
     <span class='ocr_line' id='line_1_37' title="bbox 556 3562 2104 3637; baseline 0.001 -19"><span class='ocrx_word' id='word_1_265' title='bbox 556 3565 876 3637; x_wconf 82' lang='lat' dir='ltr'>fragmentis</span> <span class='ocrx_word' id='word_1_266' title='bbox 893 3605 908 3632; x_wconf 87' lang='lat'><strong>,</strong></span> <span class='ocrx_word' id='word_1_267' title='bbox 962 3583 1086 3637; x_wconf 81' lang='lat' dir='ltr'>quae</span> <span class='ocrx_word' id='word_1_268' title='bbox 1138 3563 1211 3618; x_wconf 87' lang='lat' dir='ltr'>ad</span> <span class='ocrx_word' id='word_1_269' title='bbox 1260 3563 1471 3617; x_wconf 84' lang='lat' dir='ltr'>calcem·</span> <span class='ocrx_word' id='word_1_270' title='bbox 1511 3562 1674 3632; x_wconf 80' lang='lat' dir='ltr'>liujus</span> <span class='ocrx_word' id='word_1_271' title='bbox 1714 3562 2104 3634; x_wconf 79' lang='lat' dir='ltr'>disputationis</span> 
     </span>
     <span class='ocr_line' id='line_1_38' title="bbox 554 3649 2100 3722; baseline 0.002 -19"><span class='ocrx_word' id='word_1_272' title='bbox 554 3649 962 3720; x_wconf 84' lang='lat' dir='ltr'>subjunximus,</span> <span class='ocrx_word' id='word_1_273' title='bbox 988 3660 1143 3722; x_wconf 91' lang='lat' dir='ltr'>patet</span> <span class='ocrx_word' id='word_1_274' title='bbox 1162 3649 1614 3704; x_wconf 86' lang='lat' dir='ltr'>luculentissime.</span> <span class='ocrx_word' id='word_1_275' title='bbox 1637 3651 1760 3703; x_wconf 87' lang='lat' dir='ltr'>Jam</span> <span class='ocrx_word' id='word_1_276' title='bbox 1786 3651 1829 3702; x_wconf 88' lang='lat' dir='ltr'>si</span> <span class='ocrx_word' id='word_1_277' title='bbox 1852 3649 2100 3705; x_wconf 86' lang='lat' dir='ltr'>indolem</span> 
     </span>
     <span class='ocr_line' id='line_1_39' title="bbox 557 3734 2092 3808; baseline -0.001 -18"><span class='ocrx_word' id='word_1_278' title='bbox 557 3754 743 3791; x_wconf 87' lang='lat' dir='ltr'>rerum</span> <span class='ocrx_word' id='word_1_279' title='bbox 771 3745 1119 3790; x_wconf 84' lang='lat' dir='ltr'>narratarum</span> <span class='ocrx_word' id='word_1_280' title='bbox 1145 3745 1384 3807; x_wconf 88' lang='lat' dir='ltr'>spectas,</span> <span class='ocrx_word' id='word_1_281' title='bbox 1409 3734 1625 3789; x_wconf 78' lang='lat' dir='ltr'>videbis</span> <span class='ocrx_word' id='word_1_282' title='bbox 1643 3752 1764 3788; x_wconf 86' lang='lat' dir='ltr'>eam</span> <span class='ocrx_word' id='word_1_283' title='bbox 1783 3752 1814 3789; x_wconf 88' lang='lat' dir='ltr'>a</span> <span class='ocrx_word' id='word_1_284' title='bbox 1836 3736 2092 3808; x_wconf 86' lang='lat' dir='ltr'>simplici—</span> 
     </span>
     <span class='ocr_line' id='line_1_40' title="bbox 557 3821 2104 3895; baseline 0.002 -20"><span class='ocrx_word' id='word_1_285' title='bbox 557 3833 667 3877; x_wconf 82' lang='lat' dir='ltr'>tate</span> <span class='ocrx_word' id='word_1_286' title='bbox 694 3823 965 3876; x_wconf 87' lang='lat' dir='ltr'>nascentis</span> <span class='ocrx_word' id='word_1_287' title='bbox 989 3822 1369 3895; x_wconf 83' lang='lat' dir='ltr'>logographiae</span> <span class='ocrx_word' id='word_1_288' title='bbox 1396 3821 1781 3875; x_wconf 83' lang='lat' dir='ltr'>alienissimam</span> <span class='ocrx_word' id='word_1_289' title='bbox 1802 3839 1917 3876; x_wconf 85' lang='lat' dir='ltr'>esse</span> <span class='ocrx_word' id='word_1_290' title='bbox 1934 3833 2104 3894; x_wconf 79' lang='lat' dir='ltr'>atque</span> 
     </span>
     <span class='ocr_line' id='line_1_41' title="bbox 558 3908 2105 3981; baseline 0 -16"><span class='ocrx_word' id='word_1_291' title='bbox 558 3908 989 3965; x_wconf 80' lang='lat' dir='ltr'>Alexandrinam</span> <span class='ocrx_word' id='word_1_292' title='bbox 1007 3910 1164 3964; x_wconf 88' lang='lat' dir='ltr'>istam</span> <span class='ocrx_word' id='word_1_293' title='bbox 1181 3908 1437 3964; x_wconf 87' lang='lat' dir='ltr'>redolere</span> <span class='ocrx_word' id='word_1_294' title='bbox 1456 3919 1690 3976; x_wconf 83' lang='lat' dir='ltr'>aetatem,</span> <span class='ocrx_word' id='word_1_295' title='bbox 1709 3927 1832 3981; x_wconf 82' lang='lat' dir='ltr'>quae</span> <span class='ocrx_word' id='word_1_296' title='bbox 1851 3911 1908 3962; x_wconf 88' lang='lat' dir='ltr'>in</span> <span class='ocrx_word' id='word_1_297' title='bbox 1924 3911 2105 3965; x_wconf 87' lang='lat' dir='ltr'>Euhe-</span> 
     </span>
     <span class='ocr_line' id='line_1_42' title="bbox 556 3995 2102 4068; baseline 0.001 -18"><span class='ocrx_word' id='word_1_298' title='bbox 556 3998 829 4052; x_wconf 86' lang='lat' dir='ltr'>meristica</span> <span class='ocrx_word' id='word_1_299' title='bbox 851 3996 1063 4053; x_wconf 74' lang='lat' dir='ltr'>fabulas</span> <span class='ocrx_word' id='word_1_300' title='bbox 1080 3995 1355 4050; x_wconf 87' lang='lat' dir='ltr'>tractandi</span> <span class='ocrx_word' id='word_1_301' title='bbox 1372 3996 1590 4049; x_wconf 87' lang='lat' dir='ltr'>ratione</span> <span class='ocrx_word' id='word_1_302' title='bbox 1609 3998 1813 4050; x_wconf 84' lang='lat' dir='ltr'>mirum</span> <span class='ocrx_word' id='word_1_303' title='bbox 1829 4008 2102 4068; x_wconf 88' lang='lat' dir='ltr'>quantum</span> 
     </span>
     <span class='ocr_line' id='line_1_43' title="bbox 555 4078 2103 4158; baseline 0.003 -23"><span class='ocrx_word' id='word_1_304' title='bbox 555 4084 657 4138; x_wconf 74' lang='lat' dir='ltr'>sibi</span> <span class='ocrx_word' id='word_1_305' title='bbox 681 4084 890 4156; x_wconf 89' lang='lat' dir='ltr'>placuit</span> <span class='ocrx_word' id='word_1_306' title='bbox 913 4079 1006 4158; x_wconf 74' lang='lat'>(¹⁵).</span> <span class='ocrx_word' id='word_1_307' title='bbox 1038 4083 1219 4156; x_wconf 81' lang='lat' dir='ltr'>Igitur</span> <span class='ocrx_word' id='word_1_308' title='bbox 1245 4100 1368 4154; x_wconf 88' lang='lat' dir='ltr'>quae</span> <span class='ocrx_word' id='word_1_309' title='bbox 1383 4082 1535 4155; x_wconf 91' lang='lat' dir='ltr'>apud</span> <span class='ocrx_word' id='word_1_310' title='bbox 1553 4078 1899 4137; x_wconf 85' lang='lat' dir='ltr'>scholiastam</span> <span class='ocrx_word' id='word_1_311' title='bbox 1924 4087 2103 4157; x_wconf 85' lang='lat' dir='ltr'>Apol-</span> 
     </span>
    </p>
   </div>
   <div class='ocr_carea' id='block_1_6' title="bbox 552 4287 2103 5257">
    <p class='ocr_par' dir='ltr' id='par_1_8' title="bbox 552 4287 2103 5257">
     <span class='ocr_line' id='line_1_44' title="bbox 614 4287 2101 4350; baseline 0.003 -13"><span class='ocrx_word' id='word_1_312' title='bbox 614 4290 674 4348; x_wconf 59' lang='grc' dir='ltr'>Γ)</span> <span class='ocrx_word' id='word_1_313' title='bbox 710 4288 898 4337; x_wconf 82' lang='lat' dir='ltr'>Primus</span> <span class='ocrx_word' id='word_1_314' title='bbox 930 4287 992 4337; x_wconf 81' lang='lat' dir='ltr'>ad</span> <span class='ocrx_word' id='word_1_315' title='bbox 1019 4288 1111 4337; x_wconf 85' lang='lat' dir='ltr'>hoe.</span> <span class='ocrx_word' id='word_1_316' title='bbox 1144 4287 1349 4336; x_wconf 84' lang='lat' dir='ltr'>attendit</span> <span class='ocrx_word' id='word_1_317' title='bbox 1379 4287 1588 4347; x_wconf 76' lang='lat' dir='ltr'>neynius</span> <span class='ocrx_word' id='word_1_318' title='bbox 1608 4288 1623 4350; x_wconf 91' lang='lat'>(</span> <span class='ocrx_word' id='word_1_319' title='bbox 1639 4288 1706 4337; x_wconf 86' lang='lat' dir='ltr'>De</span> <span class='ocrx_word' id='word_1_320' title='bbox 1730 4289 1871 4339; x_wconf 76' lang='lat' dir='ltr'>sontt.</span> <span class='ocrx_word' id='word_1_321' title='bbox 1908 4292 2101 4342; x_wconf 81' lang='lat' dir='ltr'>Diodori</span> 
     </span>
     <span class='ocr_line' id='line_1_45' title="bbox 553 4357 2102 4420; baseline 0.003 -13"><span class='ocrx_word' id='word_1_322' title='bbox 553 4372 600 4419; x_wconf 87' lang='lat' dir='ltr'>p.</span> <span class='ocrx_word' id='word_1_323' title='bbox 626 4363 680 4407; x_wconf 81' lang='lat'>57</span> <span class='ocrx_word' id='word_1_324' title='bbox 701 4357 778 4406; x_wconf 84' lang='lat' dir='ltr'>ed.</span> <span class='ocrx_word' id='word_1_325' title='bbox 806 4358 908 4419; x_wconf 85' lang='lat' dir='ltr'>Bip.</span> <span class='ocrx_word' id='word_1_326' title='bbox 926 4360 974 4420; x_wconf 83' lang='lat'>),</span> <span class='ocrx_word' id='word_1_327' title='bbox 996 4371 1272 4419; x_wconf 82' lang='lat' dir='ltr'>quanquam</span> <span class='ocrx_word' id='word_1_328' title='bbox 1300 4359 1341 4406; x_wconf 85' lang='lat' dir='ltr'>is</span> <span class='ocrx_word' id='word_1_329' title='bbox 1373 4358 1610 4406; x_wconf 80' lang='lat' dir='ltr'>Milesium</span> <span class='ocrx_word' id='word_1_330' title='bbox 1632 4359 1907 4419; x_wconf 78' lang='lat' dir='ltr'>Dionysium</span> <span class='ocrx_word' id='word_1_331' title='bbox 1926 4374 1958 4410; x_wconf 90' lang='lat' dir='ltr'>a</span> <span class='ocrx_word' id='word_1_332' title='bbox 1983 4364 2102 4411; x_wconf 90' lang='lat' dir='ltr'>Dio·</span> 
     </span>
     <span class='ocr_line' id='line_1_46' title="bbox 552 4426 2101 4493; baseline 0.004 -18"><span class='ocrx_word' id='word_1_333' title='bbox 552 4428 671 4476; x_wconf 87' lang='lat' dir='ltr'>doro</span> <span class='ocrx_word' id='word_1_334' title='bbox 709 4427 975 4476; x_wconf 83' lang='lat' dir='ltr'>adhibitum</span> <span class='ocrx_word' id='word_1_335' title='bbox 1006 4441 1108 4476; x_wconf 82' lang='lat' dir='ltr'>esse</span> <span class='ocrx_word' id='word_1_336' title='bbox 1140 4428 1341 4490; x_wconf 80' lang='lat' dir='ltr'>putavit.</span> <span class='ocrx_word' id='word_1_337' title='bbox 1384 4446 1408 4469; x_wconf 87' lang='lat'>«</span> <span class='ocrx_word' id='word_1_338' title='bbox 1446 4426 1701 4488; x_wconf 74' lang='lat' dir='ltr'>Dionysius</span> <span class='ocrx_word' id='word_1_339' title='bbox 1727 4428 1965 4492; x_wconf 59' lang='lat' dir='ltr'>Miletum,</span> <span class='ocrx_word' id='word_1_340' title='bbox 2002 4433 2101 4493; x_wconf 82' lang='lat' dir='ltr'>ait,</span> 
     </span>
     <span class='ocr_line' id='line_1_47' title="bbox 554 4496 2100 4563; baseline 0.003 -17"><span class='ocrx_word' id='word_1_341' title='bbox 554 4498 770 4558; x_wconf 88' lang='lat' dir='ltr'>improbo</span> <span class='ocrx_word' id='word_1_342' title='bbox 793 4498 954 4546; x_wconf 81' lang='lat' dir='ltr'>studio</span> <span class='ocrx_word' id='word_1_343' title='bbox 985 4497 1170 4546; x_wconf 75' lang='lat' dir='ltr'>fabulas</span> <span class='ocrx_word' id='word_1_344' title='bbox 1195 4497 1259 4546; x_wconf 86' lang='lat' dir='ltr'>ad</span> <span class='ocrx_word' id='word_1_345' title='bbox 1286 4496 1591 4546; x_wconf 80' lang='lat' dir='ltr'>historiarum</span> <span class='ocrx_word' id='word_1_346' title='bbox 1615 4498 1819 4546; x_wconf 77' lang='lat' dir='ltr'>formam</span> <span class='ocrx_word' id='word_1_347' title='bbox 1844 4513 2100 4563; x_wconf 86' lang='lat' dir='ltr'>revocare,</span> 
     </span>
     <span class='ocr_line' id='line_1_48' title="bbox 555 4565 2103 4633; baseline 0.005 -19"><span class='ocrx_word' id='word_1_348' title='bbox 555 4580 714 4615; x_wconf 83' lang='lat' dir='ltr'>rerum</span> <span class='ocrx_word' id='word_1_349' title='bbox 754 4580 868 4616; x_wconf 79' lang='lat' dir='ltr'>vere</span> <span class='ocrx_word' id='word_1_350' title='bbox 904 4569 1146 4628; x_wconf 58' lang='lat' dir='ltr'>gestarum</span> <span class='ocrx_word' id='word_1_351' title='bbox 1193 4566 1398 4628; x_wconf 84' lang='lat' dir='ltr'>speciem</span> <span class='ocrx_word' id='word_1_352' title='bbox 1435 4566 1494 4614; x_wconf 89' lang='lat' dir='ltr'>iis</span> <span class='ocrx_word' id='word_1_353' title='bbox 1544 4565 1775 4627; x_wconf 85' lang='lat' dir='ltr'>induere,</span> <span class='ocrx_word' id='word_1_354' title='bbox 1814 4571 2103 4633; x_wconf 75' lang='lat' dir='ltr'>mythosque</span> 
     </span>
     <span class='ocr_line' id='line_1_49' title="bbox 553 4634 2100 4698; baseline 0.004 -14"><span class='ocrx_word' id='word_1_355' title='bbox 553 4636 796 4696; x_wconf 82' lang='lat' dir='ltr'>scriptoris</span> <span class='ocrx_word' id='word_1_356' title='bbox 814 4636 1089 4697; x_wconf 79' lang='lat' dir='ltr'>pragmatici</span> <span class='ocrx_word' id='word_1_357' title='bbox 1114 4649 1248 4684; x_wconf 83' lang='lat' dir='ltr'>more</span> <span class='ocrx_word' id='word_1_358' title='bbox 1272 4637 1482 4684; x_wconf 81' lang='lat' dir='ltr'>tractare</span> <span class='ocrx_word' id='word_1_359' title='bbox 1508 4634 1742 4698; x_wconf 83' lang='lat' dir='ltr'>instituit,</span> <span class='ocrx_word' id='word_1_360' title='bbox 1776 4637 1844 4686; x_wconf 82' lang='lat' dir='ltr'>ita</span> <span class='ocrx_word' id='word_1_361' title='bbox 1861 4640 1917 4687; x_wconf 90' lang='lat' dir='ltr'>ut</span> <span class='ocrx_word' id='word_1_362' title='bbox 1935 4640 1998 4688; x_wconf 84' lang='lat' dir='ltr'>ad</span> <span class='ocrx_word' id='word_1_363' title='bbox 2015 4655 2100 4690; x_wconf 74' lang='lat' dir='ltr'>ve-</span> 
     </span>
     <span class='ocr_line' id='line_1_50' title="bbox 554 4704 2103 4775; baseline 0.006 -23"><span class='ocrx_word' id='word_1_364' title='bbox 554 4704 953 4755; x_wconf 84' lang='lat' dir='ltr'>risimilitudinem</span> <span class='ocrx_word' id='word_1_365' title='bbox 972 4705 1098 4754; x_wconf 80' lang='lat' dir='ltr'>etad</span> <span class='ocrx_word' id='word_1_366' title='bbox 1119 4704 1461 4768; x_wconf 81' lang='lat' dir='ltr'>probabilitatis</span> <span class='ocrx_word' id='word_1_367' title='bbox 1482 4704 1717 4754; x_wconf 65' lang='lat' dir='ltr'>historicae</span> <span class='ocrx_word' id='word_1_368' title='bbox 1728 4708 1935 4767; x_wconf 82' lang='lat' dir='ltr'>speciem</span> <span class='ocrx_word' id='word_1_369' title='bbox 1949 4711 2103 4775; x_wconf 79' lang='lat' dir='ltr'>exige·</span> 
     </span>
     <span class='ocr_line' id='line_1_51' title="bbox 555 4773 2102 4836; baseline 0.006 -15"><span class='ocrx_word' id='word_1_370' title='bbox 555 4775 627 4821; x_wconf 87' lang='lat' dir='ltr'>ret</span> <span class='ocrx_word' id='word_1_371' title='bbox 657 4786 740 4832; x_wconf 87' lang='lat' dir='ltr'>ea,</span> <span class='ocrx_word' id='word_1_372' title='bbox 764 4785 874 4833; x_wconf 76' lang='lat' dir='ltr'>quae</span> <span class='ocrx_word' id='word_1_373' title='bbox 903 4786 932 4821; x_wconf 82' lang='lat' dir='ltr'>a</span> <span class='ocrx_word' id='word_1_374' title='bbox 952 4773 1102 4835; x_wconf 85' lang='lat' dir='ltr'>poetis</span> <span class='ocrx_word' id='word_1_375' title='bbox 1135 4787 1221 4823; x_wconf 85' lang='lat' dir='ltr'>seu</span> <span class='ocrx_word' id='word_1_376' title='bbox 1246 4774 1456 4836; x_wconf 80' lang='lat' dir='ltr'>antiquis</span> <span class='ocrx_word' id='word_1_377' title='bbox 1477 4775 1789 4836; x_wconf 79' lang='lat' dir='ltr'>scriptoribus</span> <span class='ocrx_word' id='word_1_378' title='bbox 1811 4782 1969 4828; x_wconf 70' lang='lat' dir='ltr'>essent</span> <span class='ocrx_word' id='word_1_379' title='bbox 1990 4793 2102 4829; x_wconf 84' lang='lat' dir='ltr'>nar-</span> 
     </span>
     <span class='ocr_line' id='line_1_52' title="bbox 556 4842 2100 4909; baseline 0.006 -20"><span class='ocrx_word' id='word_1_380' title='bbox 556 4845 674 4890; x_wconf 81' lang='lat' dir='ltr'>rata.</span> <span class='ocrx_word' id='word_1_381' title='bbox 695 4844 802 4897; x_wconf 90' lang='lat' dir='ltr'>Quo</span> <span class='ocrx_word' id='word_1_382' title='bbox 821 4842 1016 4904; x_wconf 81' lang='lat' dir='ltr'>quidem</span> <span class='ocrx_word' id='word_1_383' title='bbox 1044 4844 1244 4892; x_wconf 85' lang='lat' dir='ltr'>consilio</span> <span class='ocrx_word' id='word_1_384' title='bbox 1264 4844 1382 4893; x_wconf 85' lang='lat' dir='ltr'>nihil</span> <span class='ocrx_word' id='word_1_385' title='bbox 1414 4844 1569 4905; x_wconf 88' lang='lat' dir='ltr'>potuit</span> <span class='ocrx_word' id='word_1_386' title='bbox 1599 4858 1703 4894; x_wconf 84' lang='lat' dir='ltr'>esse</span> <span class='ocrx_word' id='word_1_387' title='bbox 1724 4847 1957 4909; x_wconf 84' lang='lat' dir='ltr'>ineptius,</span> <span class='ocrx_word' id='word_1_388' title='bbox 1984 4850 2100 4900; x_wconf 84' lang='lat' dir='ltr'>nihil</span> 
     </span>
     <span class='ocr_line' id='line_1_53' title="bbox 553 4911 2102 4975; baseline 0.006 -16"><span class='ocrx_word' id='word_1_389' title='bbox 553 4911 614 4959; x_wconf 79' lang='lat' dir='ltr'>ad</span> <span class='ocrx_word' id='word_1_390' title='bbox 635 4912 758 4973; x_wconf 83' lang='lat' dir='ltr'>ipsas</span> <span class='ocrx_word' id='word_1_391' title='bbox 782 4911 997 4961; x_wconf 81' lang='lat' dir='ltr'>historias</span> <span class='ocrx_word' id='word_1_392' title='bbox 1014 4913 1340 4973; x_wconf 78' lang='lat' dir='ltr'>perniciosius,</span> <span class='ocrx_word' id='word_1_393' title='bbox 1364 4934 1385 4955; x_wconf 79' lang='lat' dir='ltr'><em>n</em></span> <span class='ocrx_word' id='word_1_394' title='bbox 1401 4912 1653 4975; x_wconf 85' lang='lat' dir='ltr'>subjungit</span> <span class='ocrx_word' id='word_1_395' title='bbox 1675 4915 1724 4962; x_wconf 89' lang='lat' dir='ltr'>iu</span> <span class='ocrx_word' id='word_1_396' title='bbox 1747 4918 1890 4964; x_wconf 75' lang='lat' dir='ltr'>nota:</span> <span class='ocrx_word' id='word_1_397' title='bbox 1916 4937 1939 4959; x_wconf 69' lang='grc' dir='ltr'>σι</span> <span class='ocrx_word' id='word_1_398' title='bbox 1965 4920 2102 4968; x_wconf 80' lang='lat' dir='ltr'>Haud</span> 
     </span>
     <span class='ocr_line' id='line_1_54' title="bbox 554 4981 2100 5044; baseline 0.005 -15"><span class='ocrx_word' id='word_1_399' title='bbox 554 4981 760 5029; x_wconf 82' lang='lat' dir='ltr'>diffiteor</span> <span class='ocrx_word' id='word_1_400' title='bbox 794 4981 910 5029; x_wconf 81' lang='lat' dir='ltr'>mihi</span> <span class='ocrx_word' id='word_1_401' title='bbox 946 4982 1029 5029; x_wconf 78' lang='lat' dir='ltr'>vix</span> <span class='ocrx_word' id='word_1_402' title='bbox 1064 4984 1181 5030; x_wconf 74' lang='lat' dir='ltr'>satis</span> <span class='ocrx_word' id='word_1_403' title='bbox 1195 4981 1443 5043; x_wconf 82' lang='lat' dir='ltr'>probabile</span> <span class='ocrx_word' id='word_1_404' title='bbox 1477 4984 1665 5043; x_wconf 79' lang='lat' dir='ltr'>visum,</span> <span class='ocrx_word' id='word_1_405' title='bbox 1698 4984 1800 5044; x_wconf 80' lang='lat' dir='ltr'>jam</span> <span class='ocrx_word' id='word_1_406' title='bbox 1833 4987 2100 5037; x_wconf 85' lang='lat' dir='ltr'>llerodotea</span> 
     </span>
     <span class='ocr_line' id='line_1_55' title="bbox 554 5049 2103 5114; baseline 0.006 -17"><span class='ocrx_word' id='word_1_407' title='bbox 554 5054 697 5097; x_wconf 64' lang='lat' dir='ltr'>aetate</span> <span class='ocrx_word' id='word_1_408' title='bbox 723 5049 783 5097; x_wconf 81' lang='lat' dir='ltr'>de</span> <span class='ocrx_word' id='word_1_409' title='bbox 807 5049 975 5097; x_wconf 78' lang='lat' dir='ltr'>tubulis</span> <span class='ocrx_word' id='word_1_410' title='bbox 1012 5055 1227 5099; x_wconf 85' lang='lat' dir='ltr'>veterum</span> <span class='ocrx_word' id='word_1_411' title='bbox 1263 5052 1554 5112; x_wconf 87' lang='lat' dir='ltr'>scriptorum</span> <span class='ocrx_word' id='word_1_412' title='bbox 1576 5052 1786 5114; x_wconf 81' lang='lat' dir='ltr'>aliquem</span> <span class='ocrx_word' id='word_1_413' title='bbox 1809 5057 1974 5113; x_wconf 73' lang='lat' dir='ltr'>arguta</span> <span class='ocrx_word' id='word_1_414' title='bbox 2013 5057 2103 5107; x_wconf 83' lang='lat' dir='ltr'>hac</span> 
     </span>
     <span class='ocr_line' id='line_1_56' title="bbox 553 5119 2102 5185; baseline 0.006 -18"><span class='ocrx_word' id='word_1_415' title='bbox 553 5119 993 5179; x_wconf 73' lang='lat' dir='ltr'>subtilitate&#39;agere</span> <span class='ocrx_word' id='word_1_416' title='bbox 1031 5121 1303 5169; x_wconf 79' lang='lat' dir='ltr'>instituisse.</span> <span class='ocrx_word' id='word_1_417' title='bbox 1336 5124 1515 5169; x_wconf 83' lang='lat' dir='ltr'>Rerum</span> <span class='ocrx_word' id='word_1_418' title='bbox 1548 5124 1707 5171; x_wconf 86' lang='lat' dir='ltr'>tamen</span> <span class='ocrx_word' id='word_1_419' title='bbox 1732 5128 2024 5185; x_wconf 80' lang='lat' dir='ltr'>argumentis</span> <span class='ocrx_word' id='word_1_420' title='bbox 2053 5132 2102 5177; x_wconf 88' lang='lat' dir='ltr'>et</span> 
     </span>
     <span class='ocr_line' id='line_1_57' title="bbox 556 5189 2096 5257; baseline 0.006 -21"><span class='ocrx_word' id='word_1_421' title='bbox 556 5189 842 5252; x_wconf 79' lang='lat' dir='ltr'>scriptorum</span> <span class='ocrx_word' id='word_1_422' title='bbox 858 5190 1133 5239; x_wconf 74' lang='lat' dir='ltr'>auctoritati</span> <span class='ocrx_word' id='word_1_423' title='bbox 1156 5190 1381 5252; x_wconf 78' lang='lat' dir='ltr'>refragari</span> <span class='ocrx_word' id='word_1_424' title='bbox 1399 5204 1496 5241; x_wconf 86' lang='lat' dir='ltr'>nou</span> <span class='ocrx_word' id='word_1_425' title='bbox 1520 5191 1644 5242; x_wconf 83' lang='lat' dir='ltr'>licet.</span> <span class='ocrx_word' id='word_1_426' title='bbox 1674 5212 1697 5235; x_wconf 76' lang='grc' dir='ltr'><strong>υ</strong></span> <span class='ocrx_word' id='word_1_427' title='bbox 1719 5195 1789 5242; x_wconf 80' lang='lat' dir='ltr'>Cf.</span> <span class='ocrx_word' id='word_1_428' title='bbox 1807 5193 1932 5244; x_wconf 82' lang='lat' dir='ltr'>idem</span> <span class='ocrx_word' id='word_1_429' title='bbox 1955 5209 1998 5257; x_wconf 78' lang='lat' dir='ltr'>p.</span> <span class='ocrx_word' id='word_1_430' title='bbox 2022 5203 2096 5247; x_wconf 76' lang='grc'>69.</span> 
     </span>
    </p>
   </div>
   <div class='ocr_carea' id='block_1_7' title="bbox 2185 790 3752 1642">
    <p class='ocr_par' dir='ltr' id='par_1_9' title="bbox 2185 790 3752 1123">
     <span class='ocr_line' id='line_1_58' title="bbox 2193 790 3746 868; baseline 0.003 -24"><span class='ocrx_word' id='word_1_431' title='bbox 2193 808 2320 845; x_wconf 82' lang='lat' dir='ltr'>rum</span> <span class='ocrx_word' id='word_1_432' title='bbox 2345 791 2539 846; x_wconf 83' lang='lat' dir='ltr'>acrisia</span> <span class='ocrx_word' id='word_1_433' title='bbox 2558 832 2574 859; x_wconf 91' lang='lat'>,</span> <span class='ocrx_word' id='word_1_434' title='bbox 2619 792 2710 845; x_wconf 76' lang='lat' dir='ltr'>vel</span> <span class='ocrx_word' id='word_1_435' title='bbox 2755 792 2926 865; x_wconf 82' lang='lat' dir='ltr'>ipsius</span> <span class='ocrx_word' id='word_1_436' title='bbox 2958 791 3155 846; x_wconf 79' lang='lat' dir='ltr'>fmude</span> <span class='ocrx_word' id='word_1_437' title='bbox 3182 790 3512 866; x_wconf 68' lang='lat' dir='ltr'>Mytilenaei,</span> <span class='ocrx_word' id='word_1_438' title='bbox 3553 807 3620 848; x_wconf 88' lang='lat' dir='ltr'>ut</span> <span class='ocrx_word' id='word_1_439' title='bbox 3648 799 3746 868; x_wconf 90' lang='lat' dir='ltr'>qui</span> 
     </span>
     <span class='ocr_line' id='line_1_59' title="bbox 2185 876 3745 951; baseline 0.003 -21"><span class='ocrx_word' id='word_1_440' title='bbox 2185 895 2306 931; x_wconf 89' lang='lat' dir='ltr'>non</span> <span class='ocrx_word' id='word_1_441' title='bbox 2331 878 2514 931; x_wconf 91' lang='lat' dir='ltr'>solum</span> <span class='ocrx_word' id='word_1_442' title='bbox 2529 877 2742 931; x_wconf 81' lang='lat' dir='ltr'>Xanthi</span> <span class='ocrx_word' id='word_1_443' title='bbox 2765 876 2930 949; x_wconf 80' lang='lat' dir='ltr'>Lydi,</span> <span class='ocrx_word' id='word_1_444' title='bbox 2954 877 3052 932; x_wconf 87' lang='lat' dir='ltr'>sed</span> <span class='ocrx_word' id='word_1_445' title='bbox 3074 879 3239 932; x_wconf 86' lang='lat' dir='ltr'>etiam</span> <span class='ocrx_word' id='word_1_446' title='bbox 3260 880 3516 951; x_wconf 83' lang='lat' dir='ltr'>Dionysii</span> <span class='ocrx_word' id='word_1_447' title='bbox 3540 876 3745 935; x_wconf 84' lang='lat' dir='ltr'>Milesii</span> 
     </span>
     <span class='ocr_line' id='line_1_60' title="bbox 2185 963 3752 1045; baseline 0.001 -26"><span class='ocrx_word' id='word_1_448' title='bbox 2185 982 2400 1045; x_wconf 75' lang='lat' dir='ltr'>nomen</span> <span class='ocrx_word' id='word_1_449' title='bbox 2429 966 2694 1019; x_wconf 86' lang='lat' dir='ltr'>mentitus</span> <span class='ocrx_word' id='word_1_450' title='bbox 2716 981 2829 1018; x_wconf 86' lang='lat' dir='ltr'>esse</span> <span class='ocrx_word' id='word_1_451' title='bbox 2846 963 3028 1019; x_wconf 79' lang='lat' dir='ltr'>videri</span> <span class='ocrx_word' id='word_1_452' title='bbox 3055 966 3245 1037; x_wconf 84' lang='lat' dir='ltr'>possit.</span> <span class='ocrx_word' id='word_1_453' title='bbox 3274 997 3343 1008; x_wconf 88' lang='lat'>—</span> <span class='ocrx_word' id='word_1_454' title='bbox 3382 967 3526 1021; x_wconf 84' lang='lat' dir='ltr'>Rem</span> <span class='ocrx_word' id='word_1_455' title='bbox 3566 966 3752 1021; x_wconf 81' lang='lat' dir='ltr'>conli-</span> 
     </span>
     <span class='ocr_line' id='line_1_61' title="bbox 2189 1048 3386 1123; baseline 0.003 -19"><span class='ocrx_word' id='word_1_456' title='bbox 2189 1052 2345 1105; x_wconf 88' lang='lat' dir='ltr'>ciunt</span> <span class='ocrx_word' id='word_1_457' title='bbox 2368 1069 2492 1123; x_wconf 83' lang='lat' dir='ltr'>quae</span> <span class='ocrx_word' id='word_1_458' title='bbox 2521 1050 2718 1105; x_wconf 75' lang='lat' dir='ltr'>Suidas</span> <span class='ocrx_word' id='word_1_459' title='bbox 2737 1050 2809 1105; x_wconf 88' lang='lat' dir='ltr'>de</span> <span class='ocrx_word' id='word_1_460' title='bbox 2835 1048 3152 1122; x_wconf 76' lang='lat' dir='ltr'>Mytilenaeo</span> <span class='ocrx_word' id='word_1_461' title='bbox 3175 1051 3347 1107; x_wconf 84' lang='lat' dir='ltr'>tradit</span> <span class='ocrx_word' id='word_1_462' title='bbox 3372 1072 3386 1108; x_wconf 71' lang='grc' dir='ltr'>ε</span> 
     </span>
    </p>

    <p class='ocr_par' dir='ltr' id='par_1_10' title="bbox 2188 1124 3750 1555">
     <span class='ocr_line' id='line_1_62' title="bbox 2267 1124 3748 1211; baseline 0.002 -20"><span class='ocrx_word' id='word_1_463' title='bbox 2267 1132 2529 1198; x_wconf 72' lang='grc' dir='ltr'>Διονύσιος</span> <span class='ocrx_word' id='word_1_464' title='bbox 2547 1133 2898 1202; x_wconf 85' lang='grc' dir='ltr'>Μιτυληναῖος</span> <span class='ocrx_word' id='word_1_465' title='bbox 2912 1176 2929 1202; x_wconf 88' lang='grc'><em>,</em></span> <span class='ocrx_word' id='word_1_466' title='bbox 2955 1134 3193 1201; x_wconf 82' lang='grc' dir='ltr'>ἐποποιός</span> <span class='ocrx_word' id='word_1_467' title='bbox 3222 1136 3305 1211; x_wconf 71' lang='grc' dir='ltr'>(Ἴ.</span> <span class='ocrx_word' id='word_1_468' title='bbox 3342 1124 3517 1201; x_wconf 67' lang='grc' dir='ltr'>Οὗτος</span> <span class='ocrx_word' id='word_1_469' title='bbox 3545 1135 3748 1207; x_wconf 75' lang='grc' dir='ltr'>ἐκλήθη</span> 
     </span>
     <span class='ocr_line' id='line_1_63' title="bbox 2189 1217 3749 1297; baseline -0.001 -18"><span class='ocrx_word' id='word_1_470' title='bbox 2189 1217 2598 1297; x_wconf 69' lang='grc' dir='ltr'>Σκυτοὸραχίων</span> <span class='ocrx_word' id='word_1_471' title='bbox 2624 1217 2714 1275; x_wconf 80' lang='grc' dir='ltr'>καὶ</span> <span class='ocrx_word' id='word_1_472' title='bbox 2741 1218 2990 1284; x_wconf 78' lang='grc' dir='ltr'>Σκυτεύς.</span> <span class='ocrx_word' id='word_1_473' title='bbox 3013 1220 3127 1289; x_wconf 81' lang='grc' dir='ltr'>Τὴν</span> <span class='ocrx_word' id='word_1_474' title='bbox 3154 1220 3403 1281; x_wconf 80' lang='grc' dir='ltr'>Διονύσου</span> <span class='ocrx_word' id='word_1_475' title='bbox 3422 1222 3514 1280; x_wconf 77' lang='grc' dir='ltr'>καὶ</span> <span class='ocrx_word' id='word_1_476' title='bbox 3528 1222 3749 1292; x_wconf 77' lang='grc' dir='ltr'>Ἀθηνᾶς</span> 
     </span>
     <span class='ocr_line' id='line_1_64' title="bbox 2188 1303 3750 1383; baseline 0.003 -21"><span class='ocrx_word' id='word_1_477' title='bbox 2188 1304 2459 1383; x_wconf 71' lang='grc' dir='ltr'>στρατείαν</span> <span class='ocrx_word' id='word_1_478' title='bbox 2488 1304 2599 1382; x_wconf 73' lang='grc'>(“).</span> <span class='ocrx_word' id='word_1_479' title='bbox 2629 1303 2962 1382; x_wconf 71' lang='grc' dir='ltr'>Ἀργοναῦται</span> <span class='ocrx_word' id='word_1_480' title='bbox 2991 1305 3376 1383; x_wconf 81' lang='grc' dir='ltr'>(Ἀργοναυτικά</span> <span class='ocrx_word' id='word_1_481' title='bbox 3419 1309 3662 1383; x_wconf 85' lang='lat' dir='ltr'>Eudoc.)</span> <span class='ocrx_word' id='word_1_482' title='bbox 3697 1311 3750 1366; x_wconf 80' lang='grc' dir='ltr'>ἐν</span> 
     </span>
     <span class='ocr_line' id='line_1_65' title="bbox 2191 1388 3743 1475; baseline 0.005 -27"><span class='ocrx_word' id='word_1_483' title='bbox 2191 1391 2408 1469; x_wconf 77' lang='grc' dir='ltr'>βιὸλίοις</span> <span class='ocrx_word' id='word_1_484' title='bbox 2430 1388 2482 1457; x_wconf 75' lang='grc' dir='ltr'>ἓξ</span> <span class='ocrx_word' id='word_1_485' title='bbox 2501 1409 2514 1423; x_wconf 84' lang='grc'><em>·</em></span> <span class='ocrx_word' id='word_1_486' title='bbox 2551 1396 2717 1448; x_wconf 76' lang='grc' dir='ltr'>ταῦτα</span> <span class='ocrx_word' id='word_1_487' title='bbox 2745 1391 2802 1449; x_wconf 72' lang='grc' dir='ltr'>δέ</span> <span class='ocrx_word' id='word_1_488' title='bbox 2826 1393 2938 1448; x_wconf 78' lang='grc' dir='ltr'>ἐστι</span> <span class='ocrx_word' id='word_1_489' title='bbox 2979 1392 3132 1461; x_wconf 82' lang='grc' dir='ltr'>πεζά.</span> <span class='ocrx_word' id='word_1_490' title='bbox 3173 1393 3384 1452; x_wconf 58' lang='lat' dir='ltr'>Mutine&amp;</span> <span class='ocrx_word' id='word_1_491' title='bbox 3420 1394 3550 1474; x_wconf 80' lang='grc' dir='ltr'>πρὸς</span> <span class='ocrx_word' id='word_1_492' title='bbox 3579 1398 3743 1475; x_wconf 81' lang='grc' dir='ltr'>Παρ-</span> 
     </span>
     <span class='ocr_line' id='line_1_66' title="bbox 2188 1475 2585 1555; baseline 0.008 -21"><span class='ocrx_word' id='word_1_493' title='bbox 2188 1475 2405 1553; x_wconf 82' lang='grc' dir='ltr'>μένοντα</span> <span class='ocrx_word' id='word_1_494' title='bbox 2434 1477 2585 1555; x_wconf 71' lang='grc' dir='ltr'>(’“Ἷ.</span> 
     </span>
    </p>

    <p class='ocr_par' dir='ltr' id='par_1_11' title="bbox 2267 1562 3746 1642">
     <span class='ocr_line' id='line_1_67' title="bbox 2267 1562 3746 1642; baseline 0.003 -22"><span class='ocrx_word' id='word_1_495' title='bbox 2267 1564 2449 1640; x_wconf 82' lang='lat' dir='ltr'>Igitur</span> <span class='ocrx_word' id='word_1_496' title='bbox 2471 1577 2527 1621; x_wconf 87' lang='lat' dir='ltr'>et</span> <span class='ocrx_word' id='word_1_497' title='bbox 2549 1562 2916 1642; x_wconf 78' lang='grc' dir='ltr'>Ἀργοναυτικὰ</span> <span class='ocrx_word' id='word_1_498' title='bbox 2944 1577 2999 1621; x_wconf 88' lang='lat' dir='ltr'>et</span> <span class='ocrx_word' id='word_1_499' title='bbox 3027 1564 3240 1624; x_wconf 81' lang='grc' dir='ltr'>Μυθικὰ</span> <span class='ocrx_word' id='word_1_500' title='bbox 3264 1572 3535 1642; x_wconf 82' lang='lat' dir='ltr'>expressis</span> <span class='ocrx_word' id='word_1_501' title='bbox 3549 1572 3746 1626; x_wconf 81' lang='lat' dir='ltr'>verbis</span> 
     </span>
    </p>
   </div>
   <div class='ocr_carea' id='block_1_8' title="bbox 2187 1650 3752 1794">
    <p class='ocr_par' dir='ltr' id='par_1_12' title="bbox 2187 1650 3752 1794">
     <span class='ocr_line' id='line_1_68' title="bbox 2188 1650 3752 1729; baseline 0.003 -22"><span class='ocrx_word' id='word_1_502' title='bbox 2188 1654 2535 1726; x_wconf 83' lang='lat' dir='ltr'>assignantur</span> <span class='ocrx_word' id='word_1_503' title='bbox 2547 1653 2887 1724; x_wconf 56' lang='lat' dir='ltr'>Mytilenaeo.</span> <span class='ocrx_word' id='word_1_504' title='bbox 2905 1650 3144 1729; x_wconf 76' lang='grc' dir='ltr'>Τρωικὰ,</span> <span class='ocrx_word' id='word_1_505' title='bbox 3161 1655 3198 1708; x_wconf 93' lang='lat' dir='ltr'>h</span> <span class='ocrx_word' id='word_1_506' title='bbox 3207 1694 3220 1709; x_wconf 94' lang='lat'>.</span> <span class='ocrx_word' id='word_1_507' title='bbox 3238 1655 3278 1709; x_wconf 94' lang='lat' dir='ltr'>l.</span> <span class='ocrx_word' id='word_1_508' title='bbox 3295 1674 3328 1710; x_wconf 85' lang='lat' dir='ltr'>a</span> <span class='ocrx_word' id='word_1_509' title='bbox 3341 1655 3515 1711; x_wconf 85' lang='lat' dir='ltr'>Suida</span> <span class='ocrx_word' id='word_1_510' title='bbox 3528 1658 3752 1725; x_wconf 84' lang='lat' dir='ltr'>omissa,</span> 
     </span>
     <span class='ocr_line' id='line_1_69' title="bbox 2187 1738 2678 1794; baseline 0.004 -2"><span class='ocrx_word' id='word_1_511' title='bbox 2187 1738 2475 1793; x_wconf 90' lang='lat' dir='ltr'>Diodorus</span> <span class='ocrx_word' id='word_1_512' title='bbox 2503 1738 2678 1794; x_wconf 86' lang='lat' dir='ltr'>dabit.</span> 
     </span>
    </p>
   </div>
   <div class='ocr_carea' id='block_1_9' title="bbox 2188 1824 3769 3376">
    <p class='ocr_par' dir='ltr' id='par_1_13' title="bbox 2188 1824 3757 2513">
     <span class='ocr_line' id='line_1_70' title="bbox 2265 1824 3753 1902; baseline 0.003 -22"><span class='ocrx_word' id='word_1_513' title='bbox 2265 1824 2553 1880; x_wconf 83' lang='lat' dir='ltr'>Diodorus</span> <span class='ocrx_word' id='word_1_514' title='bbox 2570 1827 2676 1894; x_wconf 85' lang='lat'>111,</span> <span class='ocrx_word' id='word_1_515' title='bbox 2691 1825 2787 1895; x_wconf 77' lang='lat'>52,</span> <span class='ocrx_word' id='word_1_516' title='bbox 2814 1826 2870 1895; x_wconf 84' lang='lat'>3,</span> <span class='ocrx_word' id='word_1_517' title='bbox 2895 1830 3239 1883; x_wconf 83' lang='lat' dir='ltr'>Amazonum</span> <span class='ocrx_word' id='word_1_518' title='bbox 3257 1827 3544 1883; x_wconf 81' lang='lat' dir='ltr'>historiam</span> <span class='ocrx_word' id='word_1_519' title='bbox 3561 1848 3753 1902; x_wconf 80' lang='lat' dir='ltr'>expo-</span> 
     </span>
     <span class='ocr_line' id='line_1_71' title="bbox 2188 1910 3750 1990; baseline 0.004 -24"><span class='ocrx_word' id='word_1_520' title='bbox 2188 1914 2393 1967; x_wconf 84' lang='lat' dir='ltr'>siturus</span> <span class='ocrx_word' id='word_1_521' title='bbox 2420 1931 2434 1966; x_wconf 89' lang='lat'>:</span> <span class='ocrx_word' id='word_1_522' title='bbox 2470 1911 2548 1969; x_wconf 83' lang='grc' dir='ltr'>Οὐ</span> <span class='ocrx_word' id='word_1_523' title='bbox 2573 1910 2678 1987; x_wconf 76' lang='grc' dir='ltr'>μὴν</span> <span class='ocrx_word' id='word_1_524' title='bbox 2718 1913 2836 1969; x_wconf 76' lang='grc' dir='ltr'>ἀλλ’</span> <span class='ocrx_word' id='word_1_525' title='bbox 2873 1917 3025 1987; x_wconf 82' lang='grc' dir='ltr'>ἡμεῖς</span> <span class='ocrx_word' id='word_1_526' title='bbox 3050 1912 3371 1990; x_wconf 69' lang='grc' dir='ltr'>εὑρίσκοντες</span> <span class='ocrx_word' id='word_1_527' title='bbox 3399 1913 3630 1980; x_wconf 74' lang='grc' dir='ltr'>πολλοὺς</span> <span class='ocrx_word' id='word_1_528' title='bbox 3654 1914 3750 1989; x_wconf 79' lang='grc' dir='ltr'>μὲν</span> 
     </span>
     <span class='ocr_line' id='line_1_72' title="bbox 2190 1996 3756 2079; baseline 0.003 -26"><span class='ocrx_word' id='word_1_529' title='bbox 2190 2000 2299 2053; x_wconf 83' lang='grc' dir='ltr'>τῶν</span> <span class='ocrx_word' id='word_1_530' title='bbox 2319 1996 2556 2075; x_wconf 79' lang='grc' dir='ltr'>ἀρχαίων</span> <span class='ocrx_word' id='word_1_531' title='bbox 2578 2001 2810 2068; x_wconf 77' lang='grc' dir='ltr'>ποιητῶν</span> <span class='ocrx_word' id='word_1_532' title='bbox 2838 2020 2893 2056; x_wconf 88' lang='grc' dir='ltr'>τε</span> <span class='ocrx_word' id='word_1_533' title='bbox 2914 1999 3003 2055; x_wconf 84' lang='grc' dir='ltr'>καὶ</span> <span class='ocrx_word' id='word_1_534' title='bbox 3044 1998 3404 2079; x_wconf 76' lang='grc' dir='ltr'>συγγραφέων,</span> <span class='ocrx_word' id='word_1_535' title='bbox 3427 2001 3526 2059; x_wconf 80' lang='grc' dir='ltr'>οὐκ</span> <span class='ocrx_word' id='word_1_536' title='bbox 3548 2001 3756 2079; x_wconf 77' lang='grc' dir='ltr'>ὀλίγως</span> 
     </span>
     <span class='ocr_line' id='line_1_73' title="bbox 2191 2082 3752 2163; baseline 0.003 -22"><span class='ocrx_word' id='word_1_537' title='bbox 2191 2082 2248 2141; x_wconf 75' lang='grc' dir='ltr'>δὲ</span> <span class='ocrx_word' id='word_1_538' title='bbox 2275 2084 2364 2141; x_wconf 74' lang='grc' dir='ltr'>καὶ</span> <span class='ocrx_word' id='word_1_539' title='bbox 2388 2087 2490 2141; x_wconf 82' lang='grc' dir='ltr'>τῶν</span> <span class='ocrx_word' id='word_1_540' title='bbox 2517 2082 2969 2163; x_wconf 80' lang='grc' dir='ltr'>μεταγενεστέρων</span> <span class='ocrx_word' id='word_1_541' title='bbox 2997 2086 3211 2162; x_wconf 83' lang='grc' dir='ltr'>μνήμην</span> <span class='ocrx_word' id='word_1_542' title='bbox 3236 2086 3631 2163; x_wconf 69' lang='grc' dir='ltr'>πεποιημένους</span> <span class='ocrx_word' id='word_1_543' title='bbox 3651 2091 3752 2147; x_wconf 82' lang='grc' dir='ltr'>αὖ·</span> 
     </span>
     <span class='ocr_line' id='line_1_74' title="bbox 2192 2169 3756 2254; baseline 0.004 -27"><span class='ocrx_word' id='word_1_544' title='bbox 2192 2174 2313 2241; x_wconf 79' lang='grc' dir='ltr'>τῶν,</span> <span class='ocrx_word' id='word_1_545' title='bbox 2334 2170 2650 2248; x_wconf 70' lang='grc' dir='ltr'>ἀναγράφειν</span> <span class='ocrx_word' id='word_1_546' title='bbox 2666 2169 2758 2238; x_wconf 73' lang='grc' dir='ltr'>τὰς</span> <span class='ocrx_word' id='word_1_547' title='bbox 2771 2170 2982 2252; x_wconf 83' lang='grc' dir='ltr'>πράξεις</span> <span class='ocrx_word' id='word_1_548' title='bbox 3003 2171 3359 2252; x_wconf 81' lang='grc' dir='ltr'>πειρασόμεθα</span> <span class='ocrx_word' id='word_1_549' title='bbox 3370 2176 3422 2231; x_wconf 76' lang='grc' dir='ltr'>ἐν</span> <span class='ocrx_word' id='word_1_550' title='bbox 3447 2175 3756 2254; x_wconf 72' lang='grc' dir='ltr'>κεφαλαίοις</span> 
     </span>
     <span class='ocr_line' id='line_1_75' title="bbox 2193 2256 3757 2340; baseline 0.005 -28"><span class='ocrx_word' id='word_1_551' title='bbox 2193 2256 2487 2323; x_wconf 76' lang='grc' dir='ltr'>ἀκολούθως</span> <span class='ocrx_word' id='word_1_552' title='bbox 2534 2258 2789 2339; x_wconf 82' lang='grc' dir='ltr'>Διονυσίῳ</span> <span class='ocrx_word' id='word_1_553' title='bbox 2834 2263 2909 2338; x_wconf 79' lang='grc' dir='ltr'>τῷ</span> <span class='ocrx_word' id='word_1_554' title='bbox 2939 2259 3336 2339; x_wconf 78' lang='grc' dir='ltr'>συντεταγμένῳ</span> <span class='ocrx_word' id='word_1_555' title='bbox 3363 2259 3432 2319; x_wconf 80' lang='grc' dir='ltr'>τὰ</span> <span class='ocrx_word' id='word_1_556' title='bbox 3468 2262 3593 2340; x_wconf 70' lang='grc' dir='ltr'>περὶ</span> <span class='ocrx_word' id='word_1_557' title='bbox 3638 2264 3757 2327; x_wconf 74' lang='grc' dir='ltr'>τοὺς</span> 
     </span>
     <span class='ocr_line' id='line_1_76' title="bbox 2192 2344 3755 2426; baseline 0.001 -23"><span class='ocrx_word' id='word_1_558' title='bbox 2192 2344 2537 2423; x_wconf 82' lang='grc' dir='ltr'>Ἀργοναύτας</span> <span class='ocrx_word' id='word_1_559' title='bbox 2556 2344 2752 2403; x_wconf 78' lang='grc' dir='ltr'>καὶτὸν</span> <span class='ocrx_word' id='word_1_560' title='bbox 2780 2347 3027 2404; x_wconf 80' lang='grc' dir='ltr'>Διόνυσον</span> <span class='ocrx_word' id='word_1_561' title='bbox 3052 2346 3142 2404; x_wconf 76' lang='grc' dir='ltr'>καὶ</span> <span class='ocrx_word' id='word_1_562' title='bbox 3171 2345 3323 2426; x_wconf 79' lang='grc' dir='ltr'>ἕτερα</span> <span class='ocrx_word' id='word_1_563' title='bbox 3351 2346 3527 2406; x_wconf 77' lang='grc' dir='ltr'>πολλὰ</span> <span class='ocrx_word' id='word_1_564' title='bbox 3557 2352 3665 2407; x_wconf 76' lang='grc' dir='ltr'>τῶν</span> <span class='ocrx_word' id='word_1_565' title='bbox 3701 2350 3755 2406; x_wconf 81' lang='grc' dir='ltr'>ἐν</span> 
     </span>
     <span class='ocr_line' id='line_1_77' title="bbox 2189 2431 3285 2513; baseline 0.003 -24"><span class='ocrx_word' id='word_1_566' title='bbox 2189 2439 2294 2497; x_wconf 86' lang='grc' dir='ltr'>τοῖς</span> <span class='ocrx_word' id='word_1_567' title='bbox 2315 2431 2683 2498; x_wconf 84' lang='grc' dir='ltr'>παλαιοτάτοις</span> <span class='ocrx_word' id='word_1_568' title='bbox 2698 2432 2904 2510; x_wconf 85' lang='grc' dir='ltr'>χρόνοις</span> <span class='ocrx_word' id='word_1_569' title='bbox 2923 2431 3285 2513; x_wconf 81' lang='grc' dir='ltr'>πραχθέντων.</span> 
     </span>
    </p>

    <p class='ocr_par' dir='ltr' id='par_1_14' title="bbox 2188 2518 3769 3376">
     <span class='ocr_line' id='line_1_78' title="bbox 2268 2518 3759 2598; baseline 0.005 -25"><span class='ocrx_word' id='word_1_570' title='bbox 2268 2519 2428 2574; x_wconf 88' lang='lat' dir='ltr'>Idem</span> <span class='ocrx_word' id='word_1_571' title='bbox 2455 2522 2572 2590; x_wconf 80' lang='lat'>111,</span> <span class='ocrx_word' id='word_1_572' title='bbox 2606 2521 2705 2595; x_wconf 85' lang='lat'>66,</span> <span class='ocrx_word' id='word_1_573' title='bbox 2739 2520 2772 2576; x_wconf 85' lang='lat'><strong>5</strong></span> <span class='ocrx_word' id='word_1_574' title='bbox 2815 2541 2829 2576; x_wconf 72' lang='grc' dir='ltr'>ε</span> <span class='ocrx_word' id='word_1_575' title='bbox 2858 2518 2988 2579; x_wconf 83' lang='grc' dir='ltr'>Ἵνα</span> <span class='ocrx_word' id='word_1_576' title='bbox 3015 2518 3177 2595; x_wconf 85' lang='grc' dir='ltr'>μηδὲν</span> <span class='ocrx_word' id='word_1_577' title='bbox 3204 2519 3623 2598; x_wconf 80' lang='grc' dir='ltr'>παραλείπωμεν</span> <span class='ocrx_word' id='word_1_578' title='bbox 3652 2527 3759 2581; x_wconf 78' lang='grc' dir='ltr'>τῶν</span> 
     </span>
     <span class='ocr_line' id='line_1_79' title="bbox 2190 2602 3757 2687; baseline 0.003 -26"><span class='ocrx_word' id='word_1_579' title='bbox 2190 2602 2541 2682; x_wconf 76' lang='grc' dir='ltr'>ἱστορημένων</span> <span class='ocrx_word' id='word_1_580' title='bbox 2568 2602 2689 2682; x_wconf 78' lang='grc' dir='ltr'>περὶ</span> <span class='ocrx_word' id='word_1_581' title='bbox 2709 2603 2958 2662; x_wconf 79' lang='grc' dir='ltr'>Διονύσου</span> <span class='ocrx_word' id='word_1_582' title='bbox 2974 2649 2991 2680; x_wconf 84' lang='grc'><em>,</em></span> <span class='ocrx_word' id='word_1_583' title='bbox 3026 2603 3252 2680; x_wconf 80' lang='grc' dir='ltr'>διέξιμεν</span> <span class='ocrx_word' id='word_1_584' title='bbox 3278 2607 3331 2663; x_wconf 77' lang='grc' dir='ltr'>ἐν</span> <span class='ocrx_word' id='word_1_585' title='bbox 3361 2608 3675 2687; x_wconf 73' lang='grc' dir='ltr'>κεφαλαίοις</span> <span class='ocrx_word' id='word_1_586' title='bbox 3689 2608 3757 2665; x_wconf 80' lang='grc' dir='ltr'>τὰ</span> 
     </span>
     <span class='ocr_line' id='line_1_80' title="bbox 2189 2688 3759 2770; baseline 0.003 -23"><span class='ocrx_word' id='word_1_587' title='bbox 2189 2689 2336 2769; x_wconf 78' lang='grc' dir='ltr'>παρὰ</span> <span class='ocrx_word' id='word_1_588' title='bbox 2361 2694 2467 2756; x_wconf 87' lang='grc' dir='ltr'>τοῖς</span> <span class='ocrx_word' id='word_1_589' title='bbox 2487 2688 2680 2749; x_wconf 74' lang='grc' dir='ltr'>Λίὸυσι</span> <span class='ocrx_word' id='word_1_590' title='bbox 2704 2689 2957 2767; x_wconf 88' lang='grc' dir='ltr'>λεγόμενα</span> <span class='ocrx_word' id='word_1_591' title='bbox 2981 2689 3071 2749; x_wconf 80' lang='grc' dir='ltr'>καὶ</span> <span class='ocrx_word' id='word_1_592' title='bbox 3115 2695 3219 2749; x_wconf 80' lang='grc' dir='ltr'>τῶν</span> <span class='ocrx_word' id='word_1_593' title='bbox 3265 2690 3600 2763; x_wconf 82' lang='grc' dir='ltr'>Ἑλληνικῶν</span> <span class='ocrx_word' id='word_1_594' title='bbox 3634 2717 3759 2770; x_wconf 80' lang='grc' dir='ltr'>συγ·</span> 
     </span>
     <span class='ocr_line' id='line_1_81' title="bbox 2188 2775 3761 2861; baseline 0.004 -27"><span class='ocrx_word' id='word_1_595' title='bbox 2188 2775 2430 2857; x_wconf 76' lang='grc' dir='ltr'>γραφέων</span> <span class='ocrx_word' id='word_1_596' title='bbox 2458 2776 2569 2835; x_wconf 83' lang='grc' dir='ltr'>ὅσοι</span> <span class='ocrx_word' id='word_1_597' title='bbox 2584 2776 2779 2844; x_wconf 83' lang='grc' dir='ltr'>τούτοις</span> <span class='ocrx_word' id='word_1_598' title='bbox 2792 2778 3046 2858; x_wconf 85' lang='grc' dir='ltr'>σύμφωνα</span> <span class='ocrx_word' id='word_1_599' title='bbox 3061 2779 3352 2860; x_wconf 78' lang='grc' dir='ltr'>γεγράφασι</span> <span class='ocrx_word' id='word_1_600' title='bbox 3378 2780 3470 2838; x_wconf 78' lang='grc' dir='ltr'>καὶ</span> <span class='ocrx_word' id='word_1_601' title='bbox 3493 2783 3761 2861; x_wconf 74' lang='grc' dir='ltr'>Διονυσίῳ</span> 
     </span>
     <span class='ocr_line' id='line_1_82' title="bbox 2189 2861 3760 2944; baseline 0.003 -22"><span class='ocrx_word' id='word_1_602' title='bbox 2189 2869 2264 2943; x_wconf 81' lang='grc' dir='ltr'>τῷ</span> <span class='ocrx_word' id='word_1_603' title='bbox 2311 2863 2677 2944; x_wconf 80' lang='grc' dir='ltr'>συνταξαμένῳ</span> <span class='ocrx_word' id='word_1_604' title='bbox 2719 2864 2811 2931; x_wconf 75' lang='grc' dir='ltr'>τὰς</span> <span class='ocrx_word' id='word_1_605' title='bbox 2870 2865 3097 2932; x_wconf 79' lang='grc' dir='ltr'>παλαιὰς</span> <span class='ocrx_word' id='word_1_606' title='bbox 3146 2867 3484 2943; x_wconf 86' lang='grc' dir='ltr'>μυθοποιίας.</span> <span class='ocrx_word' id='word_1_607' title='bbox 3577 2861 3760 2935; x_wconf 63' lang='grc' dir='ltr'>Οὗτος</span> 
     </span>
     <span class='ocr_line' id='line_1_83' title="bbox 2194 2950 3761 3030; baseline 0.005 -23"><span class='ocrx_word' id='word_1_608' title='bbox 2194 2950 2294 3029; x_wconf 74' lang='grc' dir='ltr'>γὰρ</span> <span class='ocrx_word' id='word_1_609' title='bbox 2320 2951 2387 3008; x_wconf 86' lang='grc' dir='ltr'>τά</span> <span class='ocrx_word' id='word_1_610' title='bbox 2414 2973 2473 3008; x_wconf 85' lang='grc' dir='ltr'>τε</span> <span class='ocrx_word' id='word_1_611' title='bbox 2498 2951 2617 3030; x_wconf 78' lang='grc' dir='ltr'>περὶ</span> <span class='ocrx_word' id='word_1_612' title='bbox 2646 2950 2732 3009; x_wconf 83' lang='grc' dir='ltr'>τὸν</span> <span class='ocrx_word' id='word_1_613' title='bbox 2763 2952 3010 3012; x_wconf 86' lang='grc' dir='ltr'>Διόνυσον</span> <span class='ocrx_word' id='word_1_614' title='bbox 3040 2952 3130 3010; x_wconf 80' lang='grc' dir='ltr'>καὶ</span> <span class='ocrx_word' id='word_1_615' title='bbox 3154 2952 3247 3018; x_wconf 76' lang='grc' dir='ltr'>τὰς</span> <span class='ocrx_word' id='word_1_616' title='bbox 3259 2953 3569 3029; x_wconf 77' lang='grc' dir='ltr'>Ἀμαζόνας,</span> <span class='ocrx_word' id='word_1_617' title='bbox 3602 2956 3687 3013; x_wconf 81' lang='grc' dir='ltr'>ἔτι</span> <span class='ocrx_word' id='word_1_618' title='bbox 3706 2957 3761 3015; x_wconf 79' lang='grc' dir='ltr'>δὲ</span> 
     </span>
     <span class='ocr_line' id='line_1_84' title="bbox 2190 3036 3767 3118; baseline 0.004 -23"><span class='ocrx_word' id='word_1_619' title='bbox 2190 3036 2308 3103; x_wconf 77' lang='grc' dir='ltr'>τοὺς</span> <span class='ocrx_word' id='word_1_620' title='bbox 2360 3037 2704 3116; x_wconf 76' lang='grc' dir='ltr'>Ἀργοναύτας</span> <span class='ocrx_word' id='word_1_621' title='bbox 2727 3039 2818 3097; x_wconf 79' lang='grc' dir='ltr'>καὶ</span> <span class='ocrx_word' id='word_1_622' title='bbox 2858 3037 2942 3098; x_wconf 57' lang='grc' dir='ltr'>τα</span> <span class='ocrx_word' id='word_1_623' title='bbox 2970 3040 3107 3098; x_wconf 81' lang='grc' dir='ltr'>κατὰ</span> <span class='ocrx_word' id='word_1_624' title='bbox 3146 3039 3234 3098; x_wconf 79' lang='grc' dir='ltr'>τὸν</span> <span class='ocrx_word' id='word_1_625' title='bbox 3262 3039 3489 3099; x_wconf 77' lang='grc' dir='ltr'>Ἰλιακὸν</span> <span class='ocrx_word' id='word_1_626' title='bbox 3521 3040 3767 3118; x_wconf 82' lang='grc' dir='ltr'>πόλεμον</span> 
     </span>
     <span class='ocr_line' id='line_1_85' title="bbox 2190 3123 3769 3208; baseline 0.006 -29"><span class='ocrx_word' id='word_1_627' title='bbox 2190 3123 2491 3203; x_wconf 79' lang='grc' dir='ltr'>πραχθέντα</span> <span class='ocrx_word' id='word_1_628' title='bbox 2528 3123 2620 3183; x_wconf 75' lang='grc' dir='ltr'>καὶ</span> <span class='ocrx_word' id='word_1_629' title='bbox 2659 3124 2812 3183; x_wconf 85' lang='grc' dir='ltr'>πόλλ’</span> <span class='ocrx_word' id='word_1_630' title='bbox 2842 3125 2994 3205; x_wconf 79' lang='grc' dir='ltr'>ἕτερα</span> <span class='ocrx_word' id='word_1_631' title='bbox 3028 3126 3369 3185; x_wconf 83' lang='grc' dir='ltr'>συντέτακται</span> <span class='ocrx_word' id='word_1_632' title='bbox 3386 3172 3403 3203; x_wconf 83' lang='grc'><em>,</em></span> <span class='ocrx_word' id='word_1_633' title='bbox 3450 3131 3769 3208; x_wconf 81' lang='grc' dir='ltr'>παρατιθεὶς</span> 
     </span>
     <span class='ocr_line' id='line_1_86' title="bbox 2189 3209 3763 3293; baseline 0.006 -25"><span class='ocrx_word' id='word_1_634' title='bbox 2189 3209 2255 3268; x_wconf 74' lang='grc' dir='ltr'>τὰ</span> <span class='ocrx_word' id='word_1_635' title='bbox 2277 3211 2549 3288; x_wconf 82' lang='grc' dir='ltr'>ποιήματα</span> <span class='ocrx_word' id='word_1_636' title='bbox 2576 3214 2679 3269; x_wconf 77' lang='grc' dir='ltr'>τῶν</span> <span class='ocrx_word' id='word_1_637' title='bbox 2699 3212 2958 3292; x_wconf 76' lang='grc' dir='ltr'>ἀρχαίων,</span> <span class='ocrx_word' id='word_1_638' title='bbox 2989 3216 3091 3271; x_wconf 82' lang='grc' dir='ltr'>τῶν</span> <span class='ocrx_word' id='word_1_639' title='bbox 3118 3238 3178 3272; x_wconf 84' lang='grc' dir='ltr'>τε</span> <span class='ocrx_word' id='word_1_640' title='bbox 3203 3215 3502 3293; x_wconf 83' lang='grc' dir='ltr'>μυθολόγων</span> <span class='ocrx_word' id='word_1_641' title='bbox 3528 3217 3626 3274; x_wconf 82' lang='grc' dir='ltr'>καὶ</span> <span class='ocrx_word' id='word_1_642' title='bbox 3650 3223 3763 3277; x_wconf 81' lang='grc' dir='ltr'>τῶν</span> 
     </span>
     <span class='ocr_line' id='line_1_87' title="bbox 2189 3299 2624 3376; baseline -0.002 -19"><span class='ocrx_word' id='word_1_643' title='bbox 2189 3301 2438 3368; x_wconf 83' lang='grc' dir='ltr'>ποιητῶν.</span> <span class='ocrx_word' id='word_1_644' title='bbox 2473 3299 2624 3376; x_wconf 72' lang='lat'><strong>(**‘*)</strong></span> 
     </span>
    </p>
   </div>
   <div class='ocr_carea' id='block_1_10' title="bbox 2188 3472 3772 5272">
    <p class='ocr_par' dir='ltr' id='par_1_15' title="bbox 2190 3472 3772 4226">
     <span class='ocr_line' id='line_1_88' title="bbox 2254 3472 3766 3539; baseline 0.009 -20"><span class='ocrx_word' id='word_1_645' title='bbox 2254 3472 2318 3533; x_wconf 80' lang='lat'>(*)</span> <span class='ocrx_word' id='word_1_646' title='bbox 2353 3476 2423 3522; x_wconf 91' lang='lat' dir='ltr'>De</span> <span class='ocrx_word' id='word_1_647' title='bbox 2455 3475 2601 3523; x_wconf 80' lang='lat' dir='ltr'>aetate</span> <span class='ocrx_word' id='word_1_648' title='bbox 2637 3477 2696 3523; x_wconf 91' lang='lat' dir='ltr'>D.</span> <span class='ocrx_word' id='word_1_649' title='bbox 2722 3476 2839 3536; x_wconf 80' lang='lat' dir='ltr'>Myt.</span> <span class='ocrx_word' id='word_1_650' title='bbox 2871 3488 2919 3523; x_wconf 81' lang='lat' dir='ltr'>v.</span> <span class='ocrx_word' id='word_1_651' title='bbox 2954 3478 3149 3525; x_wconf 84' lang='lat' dir='ltr'>sueton.</span> <span class='ocrx_word' id='word_1_652' title='bbox 3177 3480 3249 3526; x_wconf 85' lang='lat' dir='ltr'>De</span> <span class='ocrx_word' id='word_1_653' title='bbox 3275 3476 3451 3526; x_wconf 84' lang='lat' dir='ltr'>illustr.</span> <span class='ocrx_word' id='word_1_654' title='bbox 3488 3491 3565 3539; x_wconf 86' lang='lat' dir='ltr'>gr.</span> <span class='ocrx_word' id='word_1_655' title='bbox 3608 3492 3661 3530; x_wconf 83' lang='lat' dir='ltr'>o.</span> <span class='ocrx_word' id='word_1_656' title='bbox 3691 3485 3722 3531; x_wconf 91' lang='grc'>7</span> <span class='ocrx_word' id='word_1_657' title='bbox 3754 3503 3766 3531; x_wconf 86' lang='lat'>:</span> 
     </span>
     <span class='ocr_line' id='line_1_89' title="bbox 2191 3544 3765 3606; baseline 0.006 -16"><span class='ocrx_word' id='word_1_658' title='bbox 2191 3544 2260 3591; x_wconf 73' lang='lat' dir='ltr'>M.</span> <span class='ocrx_word' id='word_1_659' title='bbox 2281 3545 2563 3592; x_wconf 76' lang='lat' dir='ltr'>Antoninus</span> <span class='ocrx_word' id='word_1_660' title='bbox 2589 3544 2846 3606; x_wconf 78' lang='lat' dir='ltr'>Gnipho...</span> <span class='ocrx_word' id='word_1_661' title='bbox 2864 3547 3142 3594; x_wconf 77' lang='lat' dir='ltr'>institutus</span> <span class='ocrx_word' id='word_1_662' title='bbox 3162 3546 3524 3605; x_wconf 67' lang='lat' dir='ltr'>Alexandr-tce,</span> <span class='ocrx_word' id='word_1_663' title='bbox 3551 3552 3619 3596; x_wconf 71' lang='lat' dir='ltr'>ul</span> <span class='ocrx_word' id='word_1_664' title='bbox 3651 3552 3765 3599; x_wconf 71' lang='lat' dir='ltr'>ali·</span> 
     </span>
     <span class='ocr_line' id='line_1_90' title="bbox 2192 3610 3766 3677; baseline 0.006 -19"><span class='ocrx_word' id='word_1_665' title='bbox 2192 3614 2281 3674; x_wconf 79' lang='lat' dir='ltr'>qui</span> <span class='ocrx_word' id='word_1_666' title='bbox 2315 3610 2563 3672; x_wconf 77' lang='lat' dir='ltr'>tradunt,</span> <span class='ocrx_word' id='word_1_667' title='bbox 2587 3614 2642 3661; x_wconf 73' lang='lat' dir='ltr'>in</span> <span class='ocrx_word' id='word_1_668' title='bbox 2665 3613 2998 3663; x_wconf 79' lang='lat' dir='ltr'>contubernio</span> <span class='ocrx_word' id='word_1_669' title='bbox 3025 3618 3256 3676; x_wconf 72' lang='lat' dir='ltr'>Dionysii</span> <span class='ocrx_word' id='word_1_670' title='bbox 3274 3616 3766 3677; x_wconf 71' lang='lat' dir='ltr'>Scytobrachionis3</span> 
     </span>
     <span class='ocr_line' id='line_1_91' title="bbox 2192 3679 3771 3748; baseline 0.006 -21"><span class='ocrx_word' id='word_1_671' title='bbox 2192 3679 2331 3741; x_wconf 78' lang='lat' dir='ltr'>quod</span> <span class='ocrx_word' id='word_1_672' title='bbox 2345 3680 2579 3741; x_wconf 63' lang='lat' dir='ltr'>equidem</span> <span class='ocrx_word' id='word_1_673' title='bbox 2603 3694 2703 3730; x_wconf 82' lang='lat' dir='ltr'>non</span> <span class='ocrx_word' id='word_1_674' title='bbox 2725 3686 2909 3731; x_wconf 80' lang='lat' dir='ltr'>temere</span> <span class='ocrx_word' id='word_1_675' title='bbox 2926 3683 3260 3744; x_wconf 72' lang='lat' dir='ltr'>crediderim,</span> <span class='ocrx_word' id='word_1_676' title='bbox 3281 3698 3443 3746; x_wconf 73' lang='lat' dir='ltr'>quum</span> <span class='ocrx_word' id='word_1_677' title='bbox 3458 3688 3771 3748; x_wconf 73' lang='lat' dir='ltr'>temporum</span> 
     </span>
     <span class='ocr_line' id='line_1_92' title="bbox 2192 3751 3771 3815; baseline 0.007 -20"><span class='ocrx_word' id='word_1_678' title='bbox 2192 3751 2329 3796; x_wconf 71' lang='lat' dir='ltr'>ratio</span> <span class='ocrx_word' id='word_1_679' title='bbox 2363 3752 2455 3797; x_wconf 75' lang='lat' dir='ltr'>vix</span> <span class='ocrx_word' id='word_1_680' title='bbox 2499 3752 2769 3811; x_wconf 75' lang='lat' dir='ltr'>conyruat.</span> <span class='ocrx_word' id='word_1_681' title='bbox 2827 3754 3007 3814; x_wconf 84' lang='lat' dir='ltr'>Nempe</span> <span class='ocrx_word' id='word_1_682' title='bbox 3039 3753 3201 3813; x_wconf 87' lang='lat' dir='ltr'>paullo</span> <span class='ocrx_word' id='word_1_683' title='bbox 3243 3754 3567 3815; x_wconf 79' lang='lat' dir='ltr'>antiquiorem</span> <span class='ocrx_word' id='word_1_684' title='bbox 3611 3757 3771 3808; x_wconf 73' lang='lat' dir='ltr'>fuisse</span> 
     </span>
     <span class='ocr_line' id='line_1_93' title="bbox 2191 3818 3768 3889; baseline 0.008 -25"><span class='ocrx_word' id='word_1_685' title='bbox 2191 3819 2355 3879; x_wconf 79' lang='lat' dir='ltr'>putat3</span> <span class='ocrx_word' id='word_1_686' title='bbox 2389 3831 2478 3867; x_wconf 85' lang='lat' dir='ltr'>nec</span> <span class='ocrx_word' id='word_1_687' title='bbox 2508 3818 2611 3868; x_wconf 87' lang='lat' dir='ltr'>sine</span> <span class='ocrx_word' id='word_1_688' title='bbox 2643 3832 2812 3881; x_wconf 85' lang='lat' dir='ltr'>cansa,</span> <span class='ocrx_word' id='word_1_689' title='bbox 2839 3821 3074 3882; x_wconf 85' lang='lat' dir='ltr'>siquidem</span> <span class='ocrx_word' id='word_1_690' title='bbox 3108 3823 3362 3885; x_wconf 85' lang='lat' dir='ltr'>Dionysius</span> <span class='ocrx_word' id='word_1_691' title='bbox 3384 3822 3484 3885; x_wconf 81' lang='lat' dir='ltr'>jam</span> <span class='ocrx_word' id='word_1_692' title='bbox 3509 3825 3578 3873; x_wconf 79' lang='lat' dir='ltr'>ab</span> <span class='ocrx_word' id='word_1_693' title='bbox 3603 3830 3768 3889; x_wconf 70' lang='lat' dir='ltr'>Apol-</span> 
     </span>
     <span class='ocr_line' id='line_1_94' title="bbox 2191 3885 3772 3953; baseline 0.008 -20"><span class='ocrx_word' id='word_1_694' title='bbox 2191 3885 2357 3934; x_wconf 85' lang='lat' dir='ltr'>lodoro</span> <span class='ocrx_word' id='word_1_695' title='bbox 2391 3886 2612 3937; x_wconf 84' lang='lat' dir='ltr'>laudetur</span> <span class='ocrx_word' id='word_1_696' title='bbox 2643 3889 2729 3949; x_wconf 82' lang='lat' dir='ltr'>(V.</span> <span class='ocrx_word' id='word_1_697' title='bbox 2768 3891 2826 3938; x_wconf 82' lang='lat' dir='ltr'>sr.</span> <span class='ocrx_word' id='word_1_698' title='bbox 2859 3890 2991 3939; x_wconf 89' lang='lat' dir='ltr'>Dion.</span> <span class='ocrx_word' id='word_1_699' title='bbox 3029 3892 3110 3953; x_wconf 83' lang='grc'>1),</span> <span class='ocrx_word' id='word_1_700' title='bbox 3143 3892 3358 3953; x_wconf 85' lang='lat' dir='ltr'>adeoque</span> <span class='ocrx_word' id='word_1_701' title='bbox 3383 3892 3483 3953; x_wconf 80' lang='lat' dir='ltr'>jam</span> <span class='ocrx_word' id='word_1_702' title='bbox 3505 3895 3650 3943; x_wconf 73' lang='lat' dir='ltr'>eirca</span> <span class='ocrx_word' id='word_1_703' title='bbox 3675 3907 3772 3950; x_wconf 81' lang='lat'>150</span> 
     </span>
     <span class='ocr_line' id='line_1_95' title="bbox 2197 3955 3769 4022; baseline 0.009 -21"><span class='ocrx_word' id='word_1_704' title='bbox 2197 3967 2244 4001; x_wconf 85' lang='lat' dir='ltr'>a.</span> <span class='ocrx_word' id='word_1_705' title='bbox 2269 3958 2325 4003; x_wconf 86' lang='lat' dir='ltr'>C.</span> <span class='ocrx_word' id='word_1_706' title='bbox 2350 3955 2562 4006; x_wconf 82' lang='lat' dir='ltr'>floruisse</span> <span class='ocrx_word' id='word_1_707' title='bbox 2578 3956 2765 4007; x_wconf 85' lang='lat' dir='ltr'>debeat.</span> <span class='ocrx_word' id='word_1_708' title='bbox 2793 3957 2869 4007; x_wconf 71' lang='grc' dir='ltr'>ΘΓ.</span> <span class='ocrx_word' id='word_1_709' title='bbox 2891 3959 3098 4008; x_wconf 82' lang='lat' dir='ltr'>Nitzsch.</span> <span class='ocrx_word' id='word_1_710' title='bbox 3119 3961 3238 4010; x_wconf 82' lang='lat' dir='ltr'>Hist.</span> <span class='ocrx_word' id='word_1_711' title='bbox 3260 3963 3402 4009; x_wconf 80' lang='lat' dir='ltr'>Hom.</span> <span class='ocrx_word' id='word_1_712' title='bbox 3421 3973 3468 4022; x_wconf 86' lang='lat' dir='ltr'>p.</span> <span class='ocrx_word' id='word_1_713' title='bbox 3494 3965 3577 4010; x_wconf 79' lang='lat'>90.</span> <span class='ocrx_word' id='word_1_714' title='bbox 3605 3967 3769 4018; x_wconf 80' lang='lat' dir='ltr'>Plura</span> 
     </span>
     <span class='ocr_line' id='line_1_96' title="bbox 2190 4021 3771 4087; baseline 0.011 -17"><span class='ocrx_word' id='word_1_715' title='bbox 2190 4021 2252 4070; x_wconf 86' lang='lat' dir='ltr'>de</span> <span class='ocrx_word' id='word_1_716' title='bbox 2276 4025 2412 4073; x_wconf 87' lang='lat' dir='ltr'>Dion.</span> <span class='ocrx_word' id='word_1_717' title='bbox 2433 4028 2549 4086; x_wconf 72' lang='lat' dir='ltr'>Myt.</span> <span class='ocrx_word' id='word_1_718' title='bbox 2575 4040 2653 4087; x_wconf 84' lang='lat' dir='ltr'>ap.</span> <span class='ocrx_word' id='word_1_719' title='bbox 2685 4028 2993 4076; x_wconf 77' lang='lat' dir='ltr'>Welckerum</span> <span class='ocrx_word' id='word_1_720' title='bbox 3012 4028 3062 4077; x_wconf 88' lang='lat' dir='ltr'>in</span> <span class='ocrx_word' id='word_1_721' title='bbox 3094 4029 3317 4079; x_wconf 83' lang='lat' dir='ltr'>Seebodii</span> <span class='ocrx_word' id='word_1_722' title='bbox 3341 4033 3536 4080; x_wconf 65' lang='lat' dir='ltr'>Nauem</span> <span class='ocrx_word' id='word_1_723' title='bbox 3562 4036 3771 4087; x_wconf 71' lang='lat' dir='ltr'>Archiv</span> 
     </span>
     <span class='ocr_line' id='line_1_97' title="bbox 2196 4096 3764 4163; baseline 0.011 -23"><span class='ocrx_word' id='word_1_724' title='bbox 2196 4097 2332 4153; x_wconf 83' lang='grc'>1830,</span> <span class='ocrx_word' id='word_1_725' title='bbox 2365 4107 2411 4154; x_wconf 82' lang='lat' dir='ltr'>p.</span> <span class='ocrx_word' id='word_1_726' title='bbox 2434 4097 2496 4143; x_wconf 89' lang='lat'>70</span> <span class='ocrx_word' id='word_1_727' title='bbox 2516 4108 2622 4158; x_wconf 85' lang='lat' dir='ltr'>sqq.</span> <span class='ocrx_word' id='word_1_728' title='bbox 2646 4096 2783 4155; x_wconf 85' lang='lat' dir='ltr'>(coll.</span> <span class='ocrx_word' id='word_1_729' title='bbox 2800 4098 2982 4146; x_wconf 85' lang='lat' dir='ltr'>nostris·</span> <span class='ocrx_word' id='word_1_730' title='bbox 3001 4100 3190 4161; x_wconf 83' lang='lat' dir='ltr'>Fragm.</span> <span class='ocrx_word' id='word_1_731' title='bbox 3217 4101 3340 4151; x_wconf 84' lang='lat' dir='ltr'>Hist.</span> <span class='ocrx_word' id='word_1_732' title='bbox 3361 4112 3410 4162; x_wconf 85' lang='lat' dir='ltr'>p.</span> <span class='ocrx_word' id='word_1_733' title='bbox 3431 4101 3596 4163; x_wconf 73' lang='lat' dir='ltr'><strong>XXI),</strong></span> <span class='ocrx_word' id='word_1_734' title='bbox 3625 4109 3686 4155; x_wconf 88' lang='lat' dir='ltr'>et</span> <span class='ocrx_word' id='word_1_735' title='bbox 3712 4107 3764 4156; x_wconf 87' lang='lat' dir='ltr'>in</span> 
     </span>
     <span class='ocr_line' id='line_1_98' title="bbox 2198 4163 2752 4226; baseline 0.005 -18"><span class='ocrx_word' id='word_1_736' title='bbox 2198 4163 2332 4221; x_wconf 75' lang='lat' dir='ltr'>cycl.</span> <span class='ocrx_word' id='word_1_737' title='bbox 2362 4165 2505 4211; x_wconf 85' lang='lat' dir='ltr'>Hom.</span> <span class='ocrx_word' id='word_1_738' title='bbox 2530 4176 2579 4225; x_wconf 88' lang='lat' dir='ltr'>p.</span> <span class='ocrx_word' id='word_1_739' title='bbox 2601 4169 2659 4213; x_wconf 79' lang='grc'>73</span> <span class='ocrx_word' id='word_1_740' title='bbox 2679 4176 2752 4226; x_wconf 85' lang='lat' dir='ltr'>sq.</span> 
     </span>
    </p>

    <p class='ocr_par' dir='ltr' id='par_1_16' title="bbox 2189 4232 3771 4770">
     <span class='ocr_line' id='line_1_99' title="bbox 2254 4232 3768 4303; baseline 0.009 -25"><span class='ocrx_word' id='word_1_741' title='bbox 2254 4232 2342 4291; x_wconf 82' lang='lat'><strong>(**)</strong></span> <span class='ocrx_word' id='word_1_742' title='bbox 2373 4234 2498 4279; x_wconf 83' lang='lat' dir='ltr'>Num</span> <span class='ocrx_word' id='word_1_743' title='bbox 2515 4233 2672 4282; x_wconf 80' lang='lat' dir='ltr'>verbis</span> <span class='ocrx_word' id='word_1_744' title='bbox 2697 4236 2780 4291; x_wconf 81' lang='grc' dir='ltr'>τήν</span> <span class='ocrx_word' id='word_1_745' title='bbox 2811 4237 2938 4283; x_wconf 80' lang='grc' dir='ltr'>Διον.</span> <span class='ocrx_word' id='word_1_746' title='bbox 2968 4253 3016 4284; x_wconf 79' lang='grc' dir='ltr'>κ.</span> <span class='ocrx_word' id='word_1_747' title='bbox 3041 4234 3138 4285; x_wconf 85' lang='grc' dir='ltr'>Ἀθ.</span> <span class='ocrx_word' id='word_1_748' title='bbox 3160 4235 3403 4299; x_wconf 85' lang='grc' dir='ltr'>στρατείαν</span> <span class='ocrx_word' id='word_1_749' title='bbox 3441 4249 3498 4285; x_wconf 86' lang='lat' dir='ltr'>ea</span> <span class='ocrx_word' id='word_1_750' title='bbox 3525 4238 3768 4303; x_wconf 78' lang='lat' dir='ltr'>designat</span> 
     </span>
     <span class='ocr_line' id='line_1_100' title="bbox 2189 4300 3768 4368; baseline 0.008 -21"><span class='ocrx_word' id='word_1_751' title='bbox 2189 4312 2303 4360; x_wconf 79' lang='lat' dir='ltr'>quae</span> <span class='ocrx_word' id='word_1_752' title='bbox 2333 4300 2569 4350; x_wconf 69' lang='lat' dir='ltr'>Diodorus</span> <span class='ocrx_word' id='word_1_753' title='bbox 2588 4303 2787 4352; x_wconf 86' lang='lat' dir='ltr'>deorum</span> <span class='ocrx_word' id='word_1_754' title='bbox 2820 4307 2868 4352; x_wconf 81' lang='lat' dir='ltr'>et</span> <span class='ocrx_word' id='word_1_755' title='bbox 2895 4306 3155 4367; x_wconf 83' lang='lat' dir='ltr'>Gigantum</span> <span class='ocrx_word' id='word_1_756' title='bbox 3180 4305 3358 4355; x_wconf 85' lang='lat' dir='ltr'>bellum</span> <span class='ocrx_word' id='word_1_757' title='bbox 3381 4319 3635 4368; x_wconf 79' lang='lat' dir='ltr'>exponens</span> <span class='ocrx_word' id='word_1_758' title='bbox 3665 4313 3768 4362; x_wconf 75' lang='lat' dir='ltr'>ha-</span> 
     </span>
     <span class='ocr_line' id='line_1_101' title="bbox 2191 4367 3771 4440; baseline 0.01 -24"><span class='ocrx_word' id='word_1_759' title='bbox 2191 4367 2273 4417; x_wconf 79' lang='lat' dir='ltr'>het</span> <span class='ocrx_word' id='word_1_760' title='bbox 2291 4369 2373 4419; x_wconf 74' lang='lat' dir='ltr'>tib.</span> <span class='ocrx_word' id='word_1_761' title='bbox 2397 4373 2464 4419; x_wconf 85' lang='lat' dir='ltr'>tu</span> <span class='ocrx_word' id='word_1_762' title='bbox 2482 4406 2496 4430; x_wconf 91' lang='lat'><em>,</em></span> <span class='ocrx_word' id='word_1_763' title='bbox 2521 4383 2566 4418; x_wconf 79' lang='lat' dir='ltr'>c.</span> <span class='ocrx_word' id='word_1_764' title='bbox 2589 4376 2649 4422; x_wconf 90' lang='lat'>70</span> <span class='ocrx_word' id='word_1_765' title='bbox 2681 4374 3044 4437; x_wconf 74' lang='grc' dir='ltr'>(διῃρημένης...</span> <span class='ocrx_word' id='word_1_766' title='bbox 3076 4375 3280 4438; x_wconf 65' lang='lat' dir='ltr'>mot-tm</span> <span class='ocrx_word' id='word_1_767' title='bbox 3317 4376 3538 4440; x_wconf 62' lang='grc' dir='ltr'>μάχην)ε</span> <span class='ocrx_word' id='word_1_768' title='bbox 3558 4383 3624 4428; x_wconf 76' lang='lat' dir='ltr'>At</span> <span class='ocrx_word' id='word_1_769' title='bbox 3652 4381 3771 4433; x_wconf 79' lang='lat' dir='ltr'>haec</span> 
     </span>
     <span class='ocr_line' id='line_1_102' title="bbox 2190 4437 3767 4506; baseline 0.009 -21"><span class='ocrx_word' id='word_1_770' title='bbox 2190 4437 2441 4498; x_wconf 78' lang='lat' dir='ltr'>singularis</span> <span class='ocrx_word' id='word_1_771' title='bbox 2462 4440 2569 4489; x_wconf 85' lang='lat' dir='ltr'>libri</span> <span class='ocrx_word' id='word_1_772' title='bbox 2600 4445 2934 4502; x_wconf 80' lang='lat' dir='ltr'>argumentum</span> <span class='ocrx_word' id='word_1_773' title='bbox 2954 4444 3167 4505; x_wconf 68' lang='lat' dir='ltr'>pra‘bere</span> <span class='ocrx_word' id='word_1_774' title='bbox 3187 4458 3284 4494; x_wconf 87' lang='lat' dir='ltr'>non</span> <span class='ocrx_word' id='word_1_775' title='bbox 3305 4450 3590 4506; x_wconf 82' lang='lat' dir='ltr'>potuerunt.</span> <span class='ocrx_word' id='word_1_776' title='bbox 3625 4454 3767 4501; x_wconf 76' lang='lat' dir='ltr'>For-</span> 
     </span>
     <span class='ocr_line' id='line_1_103' title="bbox 2190 4508 3771 4580; baseline 0.009 -25"><span class='ocrx_word' id='word_1_777' title='bbox 2190 4508 2314 4555; x_wconf 77' lang='lat' dir='ltr'>tasse</span> <span class='ocrx_word' id='word_1_778' title='bbox 2336 4510 2544 4570; x_wconf 86' lang='lat' dir='ltr'>primum</span> <span class='ocrx_word' id='word_1_779' title='bbox 2571 4515 2716 4572; x_wconf 85' lang='lat' dir='ltr'>caput</span> <span class='ocrx_word' id='word_1_780' title='bbox 2735 4515 2876 4561; x_wconf 81' lang='lat' dir='ltr'>erant</span> <span class='ocrx_word' id='word_1_781' title='bbox 2911 4519 3006 4561; x_wconf 86' lang='grc' dir='ltr'>τῶν</span> <span class='ocrx_word' id='word_1_782' title='bbox 3031 4516 3135 4576; x_wconf 79' lang='grc' dir='ltr'>περὶ</span> <span class='ocrx_word' id='word_1_783' title='bbox 3175 4514 3425 4573; x_wconf 82' lang='grc' dir='ltr'>Διόνυσον,</span> <span class='ocrx_word' id='word_1_784' title='bbox 3459 4517 3550 4564; x_wconf 85' lang='lat' dir='ltr'>nisi</span> <span class='ocrx_word' id='word_1_785' title='bbox 3585 4523 3771 4580; x_wconf 80' lang='lat' dir='ltr'>potius</span> 
     </span>
     <span class='ocr_line' id='line_1_104' title="bbox 2191 4575 3770 4653; baseline 0.009 -30"><span class='ocrx_word' id='word_1_786' title='bbox 2191 4575 2368 4634; x_wconf 75' lang='grc' dir='ltr'>Ἀθηνᾶς</span> <span class='ocrx_word' id='word_1_787' title='bbox 2390 4595 2485 4641; x_wconf 83' lang='grc' dir='ltr'>στρ.</span> <span class='ocrx_word' id='word_1_788' title='bbox 2504 4585 2727 4643; x_wconf 83' lang='lat' dir='ltr'>corrupte</span> <span class='ocrx_word' id='word_1_789' title='bbox 2742 4582 2899 4643; x_wconf 82' lang='lat' dir='ltr'>posita</span> <span class='ocrx_word' id='word_1_790' title='bbox 2916 4595 3004 4643; x_wconf 85' lang='lat' dir='ltr'>pro</span> <span class='ocrx_word' id='word_1_791' title='bbox 3023 4583 3284 4645; x_wconf 80' lang='grc' dir='ltr'>Ἀμαζόνων</span> <span class='ocrx_word' id='word_1_792' title='bbox 3308 4601 3430 4647; x_wconf 71' lang='grc' dir='ltr'>στρ..</span> <span class='ocrx_word' id='word_1_793' title='bbox 3454 4584 3600 4635; x_wconf 86' lang='lat' dir='ltr'>sicuti</span> <span class='ocrx_word' id='word_1_794' title='bbox 3621 4593 3770 4653; x_wconf 77' lang='lat' dir='ltr'>apud</span> 
     </span>
     <span class='ocr_line' id='line_1_105' title="bbox 2189 4646 3769 4720; baseline 0.008 -26"><span class='ocrx_word' id='word_1_795' title='bbox 2189 4646 2451 4697; x_wconf 79' lang='lat' dir='ltr'>Diodorum</span> <span class='ocrx_word' id='word_1_796' title='bbox 2470 4649 2504 4698; x_wconf 91' lang='lat' dir='ltr'>l.</span> <span class='ocrx_word' id='word_1_797' title='bbox 2529 4651 2562 4698; x_wconf 89' lang='lat' dir='ltr'>l.</span> <span class='ocrx_word' id='word_1_798' title='bbox 2581 4650 2848 4714; x_wconf 73' lang='lat' dir='ltr'>junguntur</span> <span class='ocrx_word' id='word_1_799' title='bbox 2875 4652 2936 4700; x_wconf 82' lang='grc' dir='ltr'>τὰ</span> <span class='ocrx_word' id='word_1_800' title='bbox 2958 4655 3060 4715; x_wconf 81' lang='grc' dir='ltr'>περὶ</span> <span class='ocrx_word' id='word_1_801' title='bbox 3077 4655 3157 4702; x_wconf 85' lang='grc' dir='ltr'>τὸν</span> <span class='ocrx_word' id='word_1_802' title='bbox 3192 4654 3418 4704; x_wconf 79' lang='grc' dir='ltr'>Διόνυσον</span> <span class='ocrx_word' id='word_1_803' title='bbox 3450 4656 3531 4703; x_wconf 76' lang='grc' dir='ltr'>καὶ</span> <span class='ocrx_word' id='word_1_804' title='bbox 3554 4657 3769 4720; x_wconf 69' lang='grc' dir='ltr'>Ἀμαζό-</span> 
     </span>
     <span class='ocr_line' id='line_1_106' title="bbox 2189 4730 2289 4770; baseline 0.02 -9"><span class='ocrx_word' id='word_1_805' title='bbox 2189 4730 2289 4770; x_wconf 75' lang='grc' dir='ltr'>νας.</span> 
     </span>
    </p>

    <p class='ocr_par' dir='ltr' id='par_1_17' title="bbox 2188 4784 3770 5041">
     <span class='ocr_line' id='line_1_107' title="bbox 2251 4784 3768 4854; baseline 0.011 -23"><span class='ocrx_word' id='word_1_806' title='bbox 2251 4784 2786 4852; x_wconf 70' lang='grc' dir='ltr'>(”*)Παρμὲνοντα]</span> <span class='ocrx_word' id='word_1_807' title='bbox 2805 4791 3021 4838; x_wconf 73' lang='lat' dir='ltr'>Fortasse</span> <span class='ocrx_word' id='word_1_808' title='bbox 3040 4792 3359 4854; x_wconf 78' lang='grc' dir='ltr'>Παρμενίωνα.</span> <span class='ocrx_word' id='word_1_809' title='bbox 3375 4793 3768 4848; x_wconf 69' lang='lat' dir='ltr'>Parmenionmi</span> 
     </span>
     <span class='ocr_line' id='line_1_108' title="bbox 2188 4852 3770 4925; baseline 0.011 -25"><span class='ocrx_word' id='word_1_810' title='bbox 2188 4852 2430 4914; x_wconf 87' lang='lat' dir='ltr'>quendam</span> <span class='ocrx_word' id='word_1_811' title='bbox 2479 4857 2803 4917; x_wconf 54' lang='lat' dir='ltr'>Mytilenarum</span> <span class='ocrx_word' id='word_1_812' title='bbox 2839 4859 3218 4922; x_wconf 84' lang='lat' dir='ltr'>Olympionicam</span> <span class='ocrx_word' id='word_1_813' title='bbox 3263 4862 3373 4923; x_wconf 91' lang='grc' dir='ltr'>(ΟΙ.</span> <span class='ocrx_word' id='word_1_814' title='bbox 3427 4863 3546 4925; x_wconf 89' lang='grc'>117)</span> <span class='ocrx_word' id='word_1_815' title='bbox 3599 4864 3770 4917; x_wconf 74' lang='lat' dir='ltr'>habet</span> 
     </span>
     <span class='ocr_line' id='line_1_109' title="bbox 2189 4924 3768 5041; baseline 0.01 -71"><span class='ocrx_word' id='word_1_816' title='bbox 2189 4924 2387 5041; x_wconf 58' lang='lat' dir='ltr'>gipdpr.</span> <span class='ocrx_word' id='word_1_817' title='bbox 2403 4929 2545 5041; x_wconf 40' lang='lat' dir='ltr'>aux,</span> <span class='ocrx_word' id='word_1_818' title='bbox 2572 4933 2660 4989; x_wconf 86' lang='lat'>77,</span> <span class='ocrx_word' id='word_1_819' title='bbox 2692 4935 2733 4978; x_wconf 92' lang='grc'>1.</span> <span class='ocrx_word' id='word_1_820' title='bbox 2759 4931 2985 4979; x_wconf 85' lang='lat' dir='ltr'>Ceterum</span> <span class='ocrx_word' id='word_1_821' title='bbox 3013 4932 3077 4980; x_wconf 76' lang='lat' dir='ltr'>cs.</span> <span class='ocrx_word' id='word_1_822' title='bbox 3106 4945 3220 4994; x_wconf 81' lang='lat' dir='ltr'>quae</span> <span class='ocrx_word' id='word_1_823' title='bbox 3245 4932 3306 4981; x_wconf 82' lang='lat' dir='ltr'>ad</span> <span class='ocrx_word' id='word_1_824' title='bbox 3326 4934 3455 4981; x_wconf 85' lang='lat' dir='ltr'>huuc</span> <span class='ocrx_word' id='word_1_825' title='bbox 3473 4932 3506 4981; x_wconf 92' lang='grc' dir='ltr'>Ι.</span> <span class='ocrx_word' id='word_1_826' title='bbox 3526 4933 3768 4995; x_wconf 71' lang='lat' dir='ltr'>disputat</span> 
     </span>
    </p>

    <p class='ocr_par' dir='ltr' id='par_1_18' title="bbox 2257 5007 2484 5055">
     <span class='ocr_line' id='line_1_110' title="bbox 2257 5007 2484 5055; baseline 0.018 -15"><span class='ocrx_word' id='word_1_827' title='bbox 2257 5007 2313 5041; x_wconf 87' lang='lat' dir='ltr'>ru</span> <span class='ocrx_word' id='word_1_828' title='bbox 2334 5007 2400 5041; x_wconf 78' lang='lat' dir='ltr'>iar</span> <span class='ocrx_word' id='word_1_829' title='bbox 2439 5009 2484 5055; x_wconf 86' lang='lat' dir='ltr'>y.</span> 
     </span>
    </p>

    <p class='ocr_par' dir='ltr' id='par_1_19' title="bbox 2194 5061 3767 5272">
     <span class='ocr_line' id='line_1_111' title="bbox 2255 5061 3766 5131; baseline 0.009 -22"><span class='ocrx_word' id='word_1_830' title='bbox 2255 5061 2394 5122; x_wconf 74' lang='lat'>(****)</span> <span class='ocrx_word' id='word_1_831' title='bbox 2415 5063 2703 5127; x_wconf 78' lang='lat' dir='ltr'>Bernhardy.</span> <span class='ocrx_word' id='word_1_832' title='bbox 2725 5064 2785 5114; x_wconf 85' lang='lat' dir='ltr'>ad</span> <span class='ocrx_word' id='word_1_833' title='bbox 2801 5066 2996 5129; x_wconf 77' lang='lat' dir='ltr'>Dionys.</span> <span class='ocrx_word' id='word_1_834' title='bbox 3017 5072 3120 5118; x_wconf 78' lang='lat' dir='ltr'>Per.</span> <span class='ocrx_word' id='word_1_835' title='bbox 3140 5082 3187 5131; x_wconf 80' lang='lat' dir='ltr'>p.</span> <span class='ocrx_word' id='word_1_836' title='bbox 3207 5073 3291 5117; x_wconf 82' lang='grc'>471</span> <span class='ocrx_word' id='word_1_837' title='bbox 3316 5087 3328 5117; x_wconf 75' lang='lat'>2</span> <span class='ocrx_word' id='word_1_838' title='bbox 3353 5088 3376 5111; x_wconf 71' lang='grc' dir='ltr'>«ι</span> <span class='ocrx_word' id='word_1_839' title='bbox 3399 5071 3540 5127; x_wconf 85' lang='lat' dir='ltr'>Quod</span> <span class='ocrx_word' id='word_1_840' title='bbox 3565 5072 3766 5125; x_wconf 78' lang='lat' dir='ltr'>Diodo-</span> 
     </span>
     <span class='ocr_line' id='line_1_112' title="bbox 2194 5132 3767 5201; baseline 0.007 -20"><span class='ocrx_word' id='word_1_841' title='bbox 2194 5144 2275 5181; x_wconf 82' lang='lat' dir='ltr'>rus</span> <span class='ocrx_word' id='word_1_842' title='bbox 2293 5132 2567 5193; x_wconf 78' lang='lat' dir='ltr'>Dionysium</span> <span class='ocrx_word' id='word_1_843' title='bbox 2585 5135 2719 5196; x_wconf 82' lang='lat' dir='ltr'>sequi</span> <span class='ocrx_word' id='word_1_844' title='bbox 2737 5149 2790 5183; x_wconf 78' lang='lat' dir='ltr'>se</span> <span class='ocrx_word' id='word_1_845' title='bbox 2805 5136 3073 5199; x_wconf 80' lang='lat' dir='ltr'>profitetur,</span> <span class='ocrx_word' id='word_1_846' title='bbox 3090 5138 3171 5201; x_wconf 87' lang='lat' dir='ltr'>qui</span> <span class='ocrx_word' id='word_1_847' title='bbox 3189 5139 3359 5187; x_wconf 78' lang='lat' dir='ltr'>Bacchi</span> <span class='ocrx_word' id='word_1_848' title='bbox 3379 5142 3424 5187; x_wconf 88' lang='lat' dir='ltr'>et</span> <span class='ocrx_word' id='word_1_849' title='bbox 3442 5144 3767 5196; x_wconf 74' lang='lat' dir='ltr'>Amazonum</span> 
     </span>
     <span class='ocr_line' id='line_1_113' title="bbox 2194 5202 3766 5272; baseline 0.011 -23"><span class='ocrx_word' id='word_1_850' title='bbox 2194 5202 2519 5264; x_wconf 78' lang='lat' dir='ltr'>expeditiones</span> <span class='ocrx_word' id='word_1_851' title='bbox 2547 5207 2594 5255; x_wconf 85' lang='lat' dir='ltr'>et</span> <span class='ocrx_word' id='word_1_852' title='bbox 2619 5205 2814 5257; x_wconf 82' lang='lat' dir='ltr'>iliacum</span> <span class='ocrx_word' id='word_1_853' title='bbox 2837 5207 3014 5258; x_wconf 85' lang='lat' dir='ltr'>bellum</span> <span class='ocrx_word' id='word_1_854' title='bbox 3043 5209 3200 5259; x_wconf 83' lang='lat' dir='ltr'>citatis</span> <span class='ocrx_word' id='word_1_855' title='bbox 3227 5210 3541 5272; x_wconf 86' lang='lat' dir='ltr'>antiquorum</span> <span class='ocrx_word' id='word_1_856' title='bbox 3565 5218 3766 5266; x_wconf 77' lang='lat' dir='ltr'>earmi-</span> 
     </span>
    </p>
   </div>
   <div class='ocr_carea' id='block_1_11' title="bbox 3880 0 3891 5349">
    <p class='ocr_par' dir='ltr' id='par_1_20' title="bbox 3880 0 3891 5349">
     <span class='ocr_line' id='line_1_114' title="bbox 3880 0 3891 5349; baseline 0 0"><span class='ocrx_word' id='word_1_857' title='bbox 3880 0 3891 5349; x_wconf 95' lang='lat' dir='ltr'> </span> 
     </span>
    </p>
   </div>
  </div>
 </body>
</html>
