3900 6042
544 450 655 501 874

1274 597 1362 655 ι4.

617 718 932 791 Antigonus
958 720 1086 776 mir.
1117 719 1191 774 66
1220 717 1330 796 (60
1354 716 1484 797 W.)
1511 737 1525 778 ε
1560 717 1730 786 Λύκος
1750 722 2004 797 ἱστορεῖ...
2035 726 2086 780 ἐν

543 801 712 878 Αιὸύῃ
752 800 817 858 τὰ
842 803 1004 875 κτήνη
1030 803 1115 862 τὸν
1141 803 1236 881 μὲν
1278 804 1435 864 ἄλλον
1476 805 1662 886 χρόνον
1698 806 1765 864 τὰ
1794 806 1888 882 μὲν
1917 810 2087 874 αὐτοῖς

538 886 771 959 ἐναντία,
798 886 863 945 τὰ
883 890 928 945 δ’
952 891 1022 956 ὥς
1044 890 1224 967 ἔτυχεν
1247 897 1529 967 κοιμᾶσθαι
1545 937 1562 965 ,
1589 897 1655 972 τῇ
1680 891 1734 951 δὲ
1760 894 1905 951 νυκτὶ
1922 937 1938 964 ,
1965 898 2082 952 καθ’

536 973 602 1043 ἣν
642 978 731 1031 τοῦ
769 973 919 1042 κυνὸς
949 977 1176 1046 ἀνατολὴ
1217 977 1447 1054 γίνεται,
1487 979 1617 1058 πρὸς
1642 979 1768 1038 αὐτὸ
1797 978 1855 1037 τὸ
1894 980 2082 1059 ἄστρον

535 1059 866 1138 ἐστραμμένα
885 1105 904 1138 ‚
932 1061 1021 1120 καὶ
1064 1060 1230 1140 τούτῳ
1266 1063 1531 1145 τεκμηρίῳ
1565 1069 1659 1136 τῆς
1696 1067 1935 1136 ἐπιτολῆς
1970 1065 2086 1133 τοὺς

535 1150 641 1206 ἐκεῖ
663 1152 906 1228 χρῆσθαι.

857 1289 1070 1365 (ΠΕΡΙ
1112 1289 1265 1348 ΤΟΥ
1306 1291 1357 1349 Ν
1367 1291 1765 1367 ΕΣΤΟΡΟΣ.)

1243 1419 1374 1494 (15)

610 1543 794 1596 Scliol.
809 1541 938 1597 cod.
954 1541 1160 1597 Genev.
1177 1540 1249 1595 ad
1263 1541 1543 1596 Theocrit.
1554 1542 1737 1610 XVII,
1760 1544 1900 1599 123:
1886 1564 2081 1620 ,ματρι

535 1625 661 1704 φίλα
694 1624 784 1682 καὶ
811 1623 973 1697 πατρὶ
996 1622 1218 1689 θυώδεας
1240 1622 1418 1683 εἵσατο
1442 1626 1606 1697 ναώς,
1637 1648 1715 1683 sc.
1750 1627 2078 1702 Πτολεμαῖος

530 1712 896 1791 Φιλάδελφος]
923 1703 1052 1769 Ὅτι
1092 1709 1312 1776 πολλους
1350 1709 1503 1778 ναους
1545 1711 1793 1790 ἱδρύσατο
1843 1714 1931 1771 καὶ
1971 1715 2081 1773 Λύ-

530 1821 615 1864 κος
646 1797 862 1874 (Λύκως
891 1799 1055 1874 cod.)
1098 1797 1142 1854 δ’
1193 1800 1244 1855 ἐν
1289 1801 1365 1876 τῷ
1412 1797 1546 1876 Περὶ
1589 1822 1680 1857 του
1726 1798 2080 1879 Νέστορος“

530 1885 765 1953 ἐποίησεν
787 1887 814 1940 δ
836 1883 1184 1962 Φιλάδελφος,
1206 1883 1359 1962 φησὶν
1384 1884 1576 1951 οὕτως·
1602 1884 1973 1970 σιᾬκοδόμησε
1990 1888 2080 1947 καὶ

529 1975 632 2028 τῶν
659 1971 847 2047 γονέων
871 1969 1175 2048 ἀμφοτέρων
1194 1971 1505 2047 παμμεγέθη
1528 1972 1670 2046 ναὸν,
1687 1973 1776 2030 καὶ
1796 1982 1909 2040 ταῖς
1935 1975 2061 2032 ἀδελ

416 2107 419 2108 ⁷
529 2066 646 2136 φαῖς
674 2056 906 2136 Ἀρσινόῃ
931 2056 1020 2115 καὶ
1038 2058 1318 2135 Φιλωτέρα
1346 2059 1597 2137 (φωτῆρα
1625 2060 1753 2117 cod.
1760 2059 1859 2134 Γ*

606 2149 827 2202 Nomen
848 2145 1186 2214 Philonem»,
1215 2145 1565 2220 Philadelphi
1586 2150 1795 2202 sororis
1809 2150 2077 2223 ‚egregia

529 2233 923 2289 emendatione
950 2235 1097 2288 eruit
1123 2233 1457 2289 Letronnius
1487 2237 1749 2307 Inscript.
1774 2253 1858 2308 gr.
1891 2247 1952 2288 et
1971 2237 2069 2290 lat.

525 2321 596 2374 de
624 2307 884 2394 l'lz‘gypte
921 2331 1053 2374 tom.
1088 2323 1157 2387 I,
1181 2338 1250 2392 p.
1284 2318 1386 2373 181
1429 2338 1541 2393 sq.,
1562 2320 1682 2375 ubi
1706 2321 1852 2376 vide.
1892 2319 2076 2377 Minus

525 2415 705 2472 certa,
735 2405 1052 2478 probabilia
1072 2414 1257 2459 tamen
1283 2415 1410 2458 sunt
1430 2406 1679 2477 reliqua,
1712 2403 1917 2478 quibus
1938 2424 2071 2479 pur-

525 2510 656 2564 gare
683 2494 872 2548 locum
900 2493 1239 2547 Letronnius
1251 2488 1473 2547 ‘studet.
1508 2491 1856 2562 Ejiciendum
1888 2503 2074 2547 censet

522 2576 611 2634 καὶ
648 2591 777 2635 ante
817 2577 1014 2653 λύκως;
1044 2598 1154 2652 pro
1180 2574 1349 2641 λύκως
1377 2580 1606 2651 reponit
1628 2574 1828 2652 Λύκος;
1868 2578 2076 2633 deinde

522 2667 689 2721 etiam
721 2668 895 2723 verba
922 2665 1158 2735 ἐποίησεν
1195 2666 1223 2721 ὅ
1252 2665 1380 2723 Φιλ.
1413 2665 1643 2720 aliunde
1665 2665 1817 2720 illata
1843 2667 2070 2732 statuit3

523 2764 641 2806 tum
668 2755 865 2809 scribit
908 2752 1016 2809 τοῖν
1060 2751 1252 2829 γονέοιν
1297 2748 1630 2830 ἀμφοτέροιν,
1657 2751 1904 2825 denique
1944 2763 2070 2826 post

519 2836 674 2913 ᾠκοδ.
719 2839 880 2894 addit
912 2841 1248 2913 particulam
1288 2834 1362 2893 δὲ.
1405 2868 1488 2881 -
1512 2841 1580 2893 In
1615 2835 1703 2894 καὶ
1738 2835 1937 2907 λύκως,
1968 2841 2068 2894 etsi

518 2925 651 2978 ferri
686 2936 871 2997 potest
899 2924 1007 2983 Καὶ
1035 2921 1202 2988 Λύκος
1239 2920 1291 2979 δὲ
1309 2967 1325 2996 ,
1352 2926 1523 2979 latere
1552 2925 1723 2998 possit
1748 2943 1960 2978 nomen
1985 2928 2067 2979 uti

520 3007 830 3075 Καλλίξενος
847 3053 865 3079 ,
896 3030 1064 3083 quem
1099 3022 1388 3066 auctorem
1415 3011 1653 3064 multum
1687 3009 1853 3065 fuisse
1878 3008 1950 3063 de
1973 3029 2066 3064 re-

518 3096 620 3149 bus
644 3097 925 3150 Ptolemaei
953 3097 1188 3168 ejusque
1203 3097 1465 3150 institutis
1497 3113 1568 3149 ex
1589 3095 1889 3149 luculentis
1901 3096 2066 3169 frag-

516 3186 717 3238 mentis
738 3194 972 3237 constat.
1002 3186 1068 3237 In
1093 3193 1339 3236 mentem
1362 3183 1530 3236 etiam
1550 3183 1706 3235 venit
1730 3183 2053 3252 Callinicus

516 3269 589 3323 de
612 3270 780 3324 rebus
803 3270 1151 3325 Alexandriae
1179 3270 1421 3349 scriptor
1445 3279 1500 3322 et
1520 3268 1779 3322 Seleucus
1812 3272 2063 3324 Alexan-

513 3356 702 3409 drinus
735 3357 1153 3430 grammaticuS,
1182 3372 1351 3426 quem
1380 3353 1451 3408 de
1476 3355 1698 3426 poculis
1731 3339 1970 3427 loquens
2009 3368 2066 3410 et

517 3443 650 3498 alias
671 3445 867 3517 saepius
892 3443 1188 3499 Athenaeus
1212 3442 1430 3497 excitat.
1464 3444 1859 3496 Verumtamen
1874 3454 2063 3498 nostra

514 3547 545 3582 e
573 3530 719 3584 libro
753 3527 885 3605 Περὶ
910 3533 1000 3585 τοῦ
1021 3527 1277 3604 Νέστορος
1313 3529 1576 3597 citantur3
1605 3528 1763 3601 quod
1797 3547 1926 3584 sane
1953 3532 2061 3583 mi-

510 3634 666 3685 rnm3
688 3636 804 3672 non
822 3619 956 3671 novi
983 3617 1145 3688 hujus
1164 3615 1309 3671 tituli
1334 3613 1539 3670 librum
1557 3635 1573 3683 ;
1597 3617 1849 3688 suspicor
1871 3626 2057 3672 autem

512 3703 735 3757 titulum
762 3703 1113 3758 decurtatum
1138 3702 1229 3756 vel
1257 3711 1587 3774 corruptum
1611 3720 1756 3770 esse,
1784 3721 1847 3757 ac
1874 3703 2053 3776 signi-

509 3788 665 3844 ficari
688 3789 895 3845 librum
919 3789 990 3845 de
1012 3791 1219 3887 poculo
1237 3790 1497 3843 Nestoris
1511 3790 1816 3843 Homerico
1842 3787 1943 3862 (11.
1977 3791 2055 3860 A,

511 3875 618 3931 631
652 3879 836 3953 sqq.)‚
863 3879 923 3930 in
950 3876 1104 3948 cujus
1144 3883 1323 3932 forma
1365 3886 1421 3930 et
1460 3874 1830 3931 adornatione
1868 3877 2056 3947 expli-

510 3963 688 4020 canda
726 3966 931 4022 mirum
971 3975 1244 4037 quantum
1290 3947 1636 4037 grammatici
1689 3960 2050 4040 desudarunt.

1236 4135 1322 4185 14.

568 4244 723 4302 Lycus
759 4244 920 4291 narrat
950 4244 1004 4290 in
1031 4243 1179 4303 Libya
1208 4254 1379 4308 pecora
1410 4241 1594 4304 reliquo
1621 4241 1812 4303 quidem
1838 4243 2054 4299 tempore

504 4317 582 4366 vel
603 4330 665 4367 ex
687 4317 886 4367 adverso
909 4319 1032 4368 inter
1054 4332 1105 4367 se
1123 4319 1275 4381 posita
1291 4318 1502 4368 dol-inire
1516 4356 1532 4381 ‚
1554 4318 1717 4368 veluti
1741 4328 1880 4366 casus
1902 4315 2050 4376 ferat3

506 4407 563 4443 ea
600 4400 761 4445 autem
786 4400 954 4453 nocte.
981 4411 1077 4458 qua
1098 4398 1248 4447 Sirius
1269 4398 1466 4458 oriatur,
1490 4397 1652 4446 omnia
1691 4395 1753 4445 ad
1788 4393 1921 4447 sidus
1960 4394 2052 4446 hoc

503 4483 765 4536 conversa,
779 4487 932 4537 eoque
954 4477 1090 4524 mus
1106 4474 1240 4534 siguo
1257 4474 1500 4536 indigenas
1519 4474 1603 4526 uu.

1888 449 2379 511 FRAGMENTA.

2178 586 2332 638 Inter
2353 586 2491 640 alios
2530 588 2832 660 Dionysius
2869 589 3058 645 Thrax
3100 594 3215 647 sive
3253 594 3550 662 Rhodius,
3579 609 3725 671 pod-

2177 688 2346 742 quam
2373 668 2469 738 τὴν
2502 669 2732 738 διάταξιν
2757 677 2951 746 poculi
2973 679 3292 733 enucleasse
3318 680 3426 734 sibi
3446 684 3601 737 visus
3621 697 3727 756 et,

2177 746 2381 823 λέγεται
2415 748 2512 819 τὴν
2549 749 2836 831 Νεστορίδα
2875 753 3295 826 κατασκευάσαι,
3335 758 3446 813 τῶν
3483 763 3728 832 μαθητῦυ

2176 835 2319 890 αὐτῶ
2342 835 2750 913 συνενεγκάντων
2763 836 3296 916 τᾶργύριον(Αῑὶιειι.
3322 845 3444 912 XI,
3465 866 3529 919 p.
3554 849 3724 921 487).

2176 924 2462 981 peculiare
2487 944 2623 980 vero
2642 944 2789 999 opus
2809 927 2882 982 de
2905 947 3033 984 vase
3065 930 3172 984 isto
3199 931 3488 1003 scripsioee
3514 949 3728 993 constat

2174 1012 2558 1084 Asclepiadem
2582 1014 2931 1084 Myrleanum
2988 1014 3225 1089 (Athen.
3246 1019 3334 1072 XI
3351 1059 3370 1088 ,
3390 1020 3428 1093 S
3449 1025 3725 1098 77—86),

2175 1100 2270 1170 qni
2300 1102 2463 1155 etiam
2494 1103 2553 1154 in
2578 1103 2941 1156 Theocritum
2965 1109 3400 1163 commentarios
3431 1109 3570 1164 fecit
3587 1154 3606 1179 ,
3631 1132 3725 1168 sa·-

2172 1187 2412 1259 piusque
2434 1188 2491 1241 in
2514 1188 2740 1242 scholiis
2766 1191 2967 1244 nostris
2991 1193 3216 1248 citamr.
3256 1195 3550 1250 Sosibium
3591 1217 3727 1270 qno·

2173 1291 2313 1345 qne,
2340 1275 2439 1346 qui
2466 1276 2526 1328 in
2547 1275 2674 1329 aula
2691 1276 2973 1330 Ptolemaei
3000 1278 3357 1352 Philadelphi
3382 1284 3726 1354 versabatur,

2172 1358 2245 1412 de
2271 1361 2523 1415 versibus
2553 1362 2821 1429 Homeri,
2852 1363 3058 1433 quibus
3083 1366 3278 1436 poculi
3304 1367 3488 1438 hujus
3519 1376 3726 1427 menno

2171 1443 2263 1512 fit,
2294 1445 2602 1519 disputasse
2619 1449 2841 1506 ,scimus
2883 1467 2949 1502 ex
2981 1451 3250 1506 Athenaeo
3297 1455 3396 1508 vel
3439 1459 3640 1528 potius
3663 1478 3722 1515 ex

2170 1532 2495 1605 Asclepiade
2520 1550 2613 1607 ap.
2638 1534 2966 1589 Athenaeum
2985 1537 3069 1590 xl
3084 1576 3100 1604 ,
3125 1537 3158 1609 S
3178 1536 3252 1593 85
3268 1579 3285 1607 ,
3305 1559 3432 1612 quo
3460 1545 3587 1615 ipso
3605 1546 3724 1600 loco

2169 1630 2432 1674 narratur
2461 1621 2626 1674 etiam
2664 1621 2957 1693 quomodo
2984 1624 3315 1680 Ptolemaeus
3341 1646 3531 1702 nugas
3555 1633 3724 1687 Laco-

2169 1708 2254 1761 nis
2281 1710 2624 1780 grammatici
2650 1708 2979 1766 traduxerit.
3007 1739 3084 1752 --
3112 1712 3249 1781 Quae
3273 1731 3458 1784 quum
3483 1717 3568 1771 ita
3591 1719 3723 1786 sint,

2167 1794 2355 1848 nescio
2383 1813 2455 1849 an
2482 1795 2876 1869 Philadelphus
2914 1815 3146 1869 quoque
3180 1795 3279 1866 τὴν
3309 1800 3619 1877 Νεστορίδα
3639 1802 3722 1858 κύ-

2169 1879 2288 1935 λικα
2333 1882 2762 1937 construendam
2808 1885 3113 1950 curaverit,
3159 1901 3416 1957 eumque
3459 1888 3525 1940 in
3561 1892 3724 1961 patris

2168 1968 2378 2040 templo
2413 1980 2680 2039 tanquam
2725 1969 3024 2025 donarium
3064 1971 3442 2027 collocaverit
3485 1972 3722 2049 [Caput

2166 2073 2398 2127 quoque
2417 2057 2480 2108 in
2502 2056 2693 2110 Dianae
2723 2058 2932 2130 templo
2957 2059 3290 2114 Nestoi-eum
3321 2063 3616 2131 poculum
3637 2065 3720 2116 in-

2167 2152 2252 2196 ter
2274 2140 2511 2198 donaria
2534 2141 2880 2218 visebatur],
2926 2145 3096 2198 sicuti·
3114 2144 3174 2198 in
3207 2146 3478 2200 Arsinoes
3509 2151 3715 2221 templo

2166 2224 2313 2303 ῥυτὸν
2353 2227 2863 2283 artificiosissimum
2894 2248 2926 2285 a
2951 2228 3194 2286 Ctesibio
3224 2230 3569 2287 faciendum
3588 2275 3603 2300 ‚
3633 2255 3720 2289 so-

2161 2315 2420 2386 rorisque
2454 2326 2658 2370 statuas
2685 2312 2832 2392 ρυτὸν
2855 2334 3026 2369 manu
3051 2327 3299 2371 tenentes
3327 2325 3718 2390 repraesentari

2160 2404 2469 2459 curavit.V.
2489 2403 2692 2459 Athen.
2709 2403 2817 2470 XI,
2839 2421 2896 2476 p.
2922 2405 3136 2476 497,D.
3154 2405 3354 2475 ltaque
3367 2417 3580 2463 nostro
3597 2409 3720 2463 loco

2158 2486 2479 2544 refluxerim
2506 2508 2524 2543 a
2651 2489 2704 2544 ἐν
2743 2489 2817 2565 τῷ
2845 2485 3078 2565 περὶτῆς
3099 2492 3191 2544 τοῦ
3232 2486 3504 2567 Νέστορος
3533 2493 3720 2569 [κύλι-

2157 2594 2270 2644 κος,
2310 2573 2411 2652 ἣν]
2442 2573 2681 2644 ἐποίησεν
2708 2577 2735 2632 δ
2762 2574 3106 2652 Φιλάδελφος.
3151 2578 3275 2632 Jam
3316 2579 3363 2631 si
3405 2582 3593 2636 verba
3637 2580 3720 2637 καὶ

2156 2658 2308 2726 λύκος
2331 2673 2481 2718 recte
2507 2682 2563 2718 se
2590 2664 2832 2735 habent,
2861 2663 3120 2720 facillime
3155 2662 3280 2718 fieri
3315 2668 3520 2737 potuit
3557 2681 3625 2722 ut
3668 2673 3720 2723 in

2155 2766 2310 2821 seqq.
2336 2768 2447 2804 vox
2474 2748 2682 2814 κύλικος
2703 2749 3017 2817 excideret;
3048 2751 3134 2804 sin
3160 2763 3430 2824 corrupta
3455 2765 3629 2820 sunt,
3653 2776 3718 2811 ex

2154 2836 2273 2908 ipsa
2291 2854 2431 2891 voce
2449 2831 2654 2901 κύλικος
2672 2838 2800 2890 loco
2815 2854 2916 2891 suo
2931 2846 3081 2890 mota
3098 2837 3235 2890 oriri
3254 2847 3528 2910 poterant
3543 2861 3560 2908 ;
3581 2844 3717 2913 quid

2154 2941 2291 2977 vero
2338 2934 2456 2978 tum
2507 2923 2894 2997 reponendum
2939 2925 3038 2991 sit,
3075 2924 3282 2978 nescio.
3327 2955 3412 2966 —
3445 2925 3718 2983 Ceterum

2155 3022 2353 3066 auctor
2370 3011 2698 3065 fuet-itidem
2713 3023 2880 3084 atque
2900 3012 3017 3080 ille,
3053 3029 3120 3065 ex
3137 3029 3251 3081 quo
3268 3030 3399 3066 mox
3421 3014 3498 3066 ad
3521 3034 3582 3068 v.
3611 3018 3716 3071 128

2154 3097 2462 3151 asseruntur
2475 3098 2582 3151 alia
2597 3096 2850 3167 quaedam
2873 3096 2946 3150 de
2967 3096 3264 3150 Ptolemaeo
3283 3099 3338 3151 11
3357 3099 3603 3155 aliunde
3621 3121 3714 3175 pa·

2151 3201 2278 3237 rum
2306 3195 2476 3238 nota:
2505 3179 2851 3260 Πτολεμαίω,
2887 3184 2990 3252 ait,
3009 3173 3096 3236 τῶ
3130 3181 3462 3289 Φιλαδέλφῳ
3485 3184 3714 3264 συνῴκει

2151 3267 2397 3345 πρότερον
2424 3267 2657 3346 Ἀρσινόη
2682 3272 2717 3338 ἡ
2740 3267 3087 3374 Λυσιμάχου,
3118 3290 3189 3346 αφ
3193 3259 3296 3325 ὀὗ
3323 3269 3413 3326 καὶ
3440 3267 3570 3338 τους
3591 3279 3711 3330 παῖ·

2151 3354 2241 3419 δας
2263 3354 2531 3430 ἐγέννησεν
2560 3355 2889 3431 Πτολεμαῖον
2916 3355 3007 3411 καὶ
3035 3353 3341 3433 Λυσίμαχον
3364 3379 3458 3414 και
3466 3360 3712 3470 Βερενί-

2149 3463 2271 3511 κην·
2313 3440 2743 3498 ἐπιδουλεύουσαν
2777 3438 2831 3499 δὲ
2876 3440 3072 3511 ταύτην
3108 3442 3268 3519 εὑρὼν
3299 3445 3389 3501 καὶ
3433 3445 3530 3503 σὺν
3577 3451 3708 3526 αὐτῇ

2148 3526 2404 3602 Ἀμύνταν
2420 3528 2508 3584 καὶ
2528 3526 2835 3604 Χρύσιππον
2850 3550 2935 3585 τον
2954 3526 3153 3588 Ῥόδιον
3171 3529 3364 3607 ἶατρον,
3377 3530 3593 3598 τούτους
3607 3534 3702 3608 μὲν

2147 3613 2364 3670 ἀνεῖλεν·
2385 3612 2548 3682 αὐτὴν
2576 3611 2628 3671 δὲ
2650 3611 2934 3690 ἐξέπεμψεν
2962 3616 3033 3681 εἷς
3053 3614 3260 3674 Κοπτὸν
3280 3615 3318 3688 ἢ
3336 3619 3408 3684 εἰς
3430 3618 3593 3676 τόπον
3613 3625 3702 3692 τῆς

2144 3696 2443 3774 Θηὸαίδος,
2474 3701 2566 3758 καὶ
2603 3701 2698 3770 τὴν
2733 3699 2926 3758 οἰκείαν
2956 3702 3182 3780 ἀδελφὴν
3211 3703 3533 3781 Ἀρσινόην
3501 3728 3697 3782 εγημε·

2144 3786 2233 3843 καὶ
2261 3786 2621 3857 εἰσεποιήσατο
2644 3789 2774 3862 afim
2800 3786 2915 3852 τους
2938 3790 2998 3846 ἐκ
3026 3813 3118 3857 της
3144 3791 3402 3869 προτέρας
3435 3792 3698 3869 Ἀρσινόης

2142 3871 2471 3949 γεννηθέντας
2496 3874 2706 3939 παῖδας.
2740 3872 2814 3934 Ἡ
2848 3871 2949 3954 γὰρ
2989 3875 3187 3955 ἀδελφὴ
3234 3877 3326 3935 καὶ
3365 3877 3494 3954 γυνὴ
3535 3880 3695 3938 αὺτοῦ

2143 3960 2350 4024 ἄτεκνος
2377 3959 2651 4020 ἀπέθανεν.

2839 4131 2977 4194 (¹5)

2613 4243 2754 4316 (DE
2795 4241 3211 4317 Nsssronm)

2198 4359 2348 4406 Multa
2383 4359 2563 4421 templa
2595 4373 2624 4408 a
2663 4362 2918 4412 Ptolemaeo
2949 4359 3259 4421 Philadelpho
3288 4367 3692 4412 coam-o

2139 4435 2295 4491 Lycus
2307 4435 2368 4497 (P)
2387 4449 2597 4497 quoque,
2610 4449 2669 4485 eo
2681 4437 2805 4497 loco,
2822 4449 2919 4498 quo
2934 4436 3148 4497 loquitur
3159 4435 3219 4485 de
3233 4439 3452 4488 Nouoi-is
3468 4439 3680 4500 wouh,

2136 4509 2273 4571 quod
2283 4512 2386 4573 ‚(?))
2413 4512 2749 4575 Philadelphus
2775 4512 3043 4562 faciendum
3060 4514 3277 4575 mavit,
3295 4512 3510 4564 deffleat
3527 4516 3590 4564 lta
3603 4515 3678 4562 lo.-

2134 4599 2286 4648 quens
2315 4608 2327 4639 :
2352 4609 2376 4632 n
2396 4589 2660 4640 AEdiflcavit
2676 4591 2821 4641 etiam
2836 4590 3031 4652 utrique
3047 4592 3234 4652 parenti
3251 4592 3488 4655 tenplum
3505 4603 3680 4653 ρει-ιιι-

2134 4676 2280 4725 gnum
2293 4702 2309 4727 ‚
2333 4669 2382 4718 et
2398 4667 2640 4721 sororibus
2667 4667 2882 4735 Arsinoae
2899 4669 2948 4717 et
2970 4666 3239 4716 Philoteras.
3261 4687 3286 4710 ι-

1540 4959 2634 4994 W·—
