3900 6042
1599 463 2095 526 FRAGMENTA.

936 592 1030 665 75.

282 714 522 771 Photius
560 716 696 769 Lex.
747 733 760 767 ε
806 710 993 788 Ἀγὼν,
1036 711 1198 786 ὄνομα
1244 711 1416 790 κύριον
1464 713 1644 786 δηλοῖ,
1692 715 1760 778 ὡς

191 805 393 878 Δοῦρις
406 800 617 880 ἱστόρεῑ.
640 803 726 859 De
742 798 958 879 Ἀγῶνος
978 812 1153 858 statua
1168 803 1439 876 Olympiae
1462 822 1513 861 v.
1530 804 1759 859 Pausau.

192 902 272 973 v,
308 898 410 974 ιο,
440 897 495 955 3.

946 1017 1037 1087 76.

285 1140 474 1195 Schol.
495 1140 717 1195 Platon.
746 1156 808 1211 p.
841 1136 954 1193 380
986 1137 1227 1195 Bekker.
1254 1155 1271 1194 t
1304 1134 1472 1214 Πρὸς
1494 1134 1600 1195 δύο
1634 1138 1700 1195 οὗ
1716 1138 1761 1195 δ’

192 1231 223 1283 ὃ
276 1224 345 1282 Ἥ
368 1227 621 1303 ρακλῆς.
702 1224 912 1292 Ταύτης
950 1221 1046 1293 τὴν
1086 1220 1255 1279 αἰτίαν
1295 1226 1323 1279 ὁ
1372 1228 1558 1302 Δοῦρις
1604 1222 1763 1289 οὕτως

198 1314 509 1388 ἅφηγεῖται.
542 1310 812 1391 Ἡρακλέα
840 1309 966 1391 φησὶ
998 1311 1175 1389 βωμὸν
1216 1308 1521 1386 δειμάμενον
1564 1309 1650 1369 ἐπὶ
1689 1315 1763 1390 τῷ

196 1396 431 1477 Ἀλφειῷ
454 1402 661 1473 πυγμῆς
689 1399 866 1475 ἀγῶνα
888 1401 1206 1467 καταθεῖναι,
1229 1396 1320 1454 καὶ
1338 1396 1645 1470 νικήσαντα,
1667 1396 1761 1467 τὴν

200 1483 328 1554 ἑξῆς
380 1485 719 1560 Ὀλυμπιάδα
758 1485 917 1542 πάλιν
963 1484 1354 1562 ἀγωνιζόμενον,
1399 1484 1498 1542 ὑπὸ
1538 1483 1761 1544 Ἐλάτου

201 1571 302 1629 καὶ
351 1569 653 1651 Φεράνδρου
692 1571 836 1650 πάλῃ
885 1574 1143 1651 ληφθῆναι
1160 1615 1179 1647 ,
1219 1570 1311 1629 καὶ
1359 1570 1412 1640 ἐξ
1462 1571 1656 1631 ἐκείνου
1703 1571 1762 1630 τὸ

202 1662 261 1719 Π
280 1657 384 1737 ρὸς
413 1658 522 1716 δύο
548 1659 676 1717 οὐδ’
695 1658 761 1718 Ἡ
781 1683 851 1736 ρα
873 1661 1026 1729 κλῆς
1052 1663 1513 1737 παροιμιασθῆναι.
1537 1662 1621 1719 Cf.
1650 1663 1762 1718 He·

203 1747 412 1806 rodor.
439 1748 507 1805 fr.
541 1754 631 1817 14,
656 1748 866 1804 Dinon.
912 1748 979 1805 fr.
1015 1755 1045 1813 4
1063 1788 1080 1816 ,
1110 1748 1416 1823 Pherecyd„
1440 1748 1510 1808 [r.
1536 1748 1628 1807 36.

658 1896 836 1956 ΠΕΡΙ
877 1895 1313 1957 ΖΩΓΡΑΦΩΝ.

948 2021 977 2072 7
990 2021 1020 2073 7
1029 2044 1045 2059 ·

302 2134 541 2208 Diogen.
564 2135 630 2189 L.
662 2135 711 2203 1,
741 2132 815 2189 38
842 2151 856 2191 :
887 2130 1137 2210 Γεγόνασι
1175 2129 1231 2189 δὲ
1262 2130 1352 2190 καὶ
1381 2130 1526 2190 ἄλλοι
1561 2133 1765 2205 Θαλαῖ,

313 2218 609 2299 Τέταρτος,
630 2209 690 2277 οὗ
718 2218 980 2296 μέμνηται
1001 2224 1186 2301 Δοῦρις
1209 2222 1261 2278 ἐν
1286 2223 1363 2300 τῷ
1393 2220 1525 2300 Περὶ
1564 2220 1764 2299 ζωγρά·

204 2329 323 2386 φων
332 2354 345 2367 .

949 2422 1039 2494 78.

294 2534 453 2589 Idem
482 2535 564 2603 11,
602 2552 666 2606 ¹9
702 2553 715 2588 :
750 2536 933 2611 Δοῦρις
962 2531 1017 2590 δὲ
1061 2532 1151 2590 καὶ
1196 2534 1469 2591 δουλεῦσαι
1510 2534 1767 2613 (τορεῦσαι

204 2621 361 2692 conj.
391 2621 577 2691 Gent.)
603 2618 759 2677 αὐτὸν
791 2618 1091 2697 (Σωκράτη)
1136 2620 1226 2678 καὶ
1251 2620 1571 2699 ἐργάσασθαι
1598 2622 1769 2686 λίθους

208 2705 409 2786 (φησίν)
425 2724 441 2740 ·
465 2697 594 2764 εἷναί
618 2729 675 2764 τε
708 2709 862 2765 αὐτοῦ
890 2706 980 2765 καὶ
1001 2706 1095 2774 τὰς
1134 2709 1187 2765 ἰν
1232 2707 1513 2786 ἀκροπόλει
1534 2708 1769 2787 Χάριτας

202 2794 335 2852 ἔνιοί
357 2816 484 2873 φασι
496 2838 513 2869 ,
534 2793 866 2870 ἐνδεδυμένας
882 2792 1054 2859 οὔσας.
1075 2797 1245 2853 Sedes
1256 2798 1549 2873 fragmenti
1574 2801 1768 2852 incer-

207 2893 345 2948 tior.
363 2894 446 2947 De
464 2892 691 2946 Socrate
732 2909 893 2946 servo
917 2891 1143 2946 aliunde
1165 2893 1245 2946 nil
1266 2902 1499 2948 constat.
1544 2896 1594 2947 A
1618 2892 1766 2946 Peri-

216 2977 477 3050 pateticis
513 2997 633 3033 rem
674 2979 953 3033 inventam
988 2988 1150 3052 putat
1186 2981 1389 3039 Luzac.
1425 2978 1609 3052 (Lect.
1650 2983 1766 3037 Att.

210 3085 279 3141 p.
314 3085 336 3121 1
352 3064 417 3120 13
438 3065 481 3141 ).
512 3069 595 3122 De
620 3065 858 3140 lapicida
880 3066 952 3121 cf.
973 3067 1211 3120 Timaeus
1232 3066 1303 3121 fr.
1341 3084 1470 3122 roo.

705 3196 803 3249 DE
843 3194 1278 3253 TOREUTICE.

952 3309 1043 3364 79·

294 3403 502 3459 Plinius
524 3404 601 3460 H.
630 3403 700 3458 N.
731 3402 997 3472 XXXIV,
1030 3423 1118 3479 19,
1149 3412 1182 3461 6
1211 3424 1225 3458 :
1260 3408 1559 3479 Lysippum
1577 3407 1767 3475 Sicyo·

207 3497 372 3547 nium
400 3492 570 3544 Daris
589 3502 780 3564 negat,
827 3492 1037 3545 Tullius
1042 3490 1225 3561 fuisse
1250 3495 1576 3567 discipulum
1607 3492 1771 3570 affir-

212 3590 367 3646 mat;
401 3579 504 3631 sed
525 3583 714 3651 primo
740 3585 1005 3633 cerarium
1032 3577 1283 3647 fabrum,
1322 3581 1565 3635 audendi
1601 3586 1771 3635 ratio-

212 3685 345 3721 nem
372 3671 579 3737 cepisse
597 3670 826 3739 pictoris
852 3667 1129 3741 Eupompi
1157 3686 1431 3741 responso.
1463 3669 1513 3722 E
1514 3687 1603 3721 am
1621 3673 1769 3721 enim

211 3761 612 3825 interrogatum
626 3793 641 3820 ‚
670 3772 829 3825 quem
850 3766 1165 3825 sequeretur
1185 3756 1646 3819 antecedentium,
1677 3756 1769 3809 di-

209 3839 367 3887 xisse
391 3832 770 3886 demonstrata
791 3832 1076 3887 hominum
1101 3835 1475 3901 multitudine,
1505 3846 1766 3888 natm-am
1811 3840 1817 3886 1

3283 486 3394 534 487
3455 557 3476 575 O

1856 614 2073 671 pompo
2089 596 2279 653 Samio
2300 608 2490 653 narrat
2503 600 2832 655 Ptolemaeus
2846 598 3162 673 Hephaestio
3179 602 3273 657 lib.
3293 604 3399 668 111,

1850 703 1909 757 p.
1947 685 2055 751 314
2088 685 2176 742 ed.
2203 686 2358 742 Gale.
2388 687 2646 742 Ceterum
2686 687 3056 761 fragmentum
3092 688 3404 745 desumtum

1851 781 1929 827 est
1949 774 2066 827 sine
2086 773 2261 828 dubio
2274 792 2339 827 ex
2365 774 2511 827 libro
2536 792 2549 830 z
2572 777 2656 828 De
2673 780 2946 829 toreutice.
2976 777 3041 829 In
3057 775 3251 830 Indice
3274 793 3403 831 auc·

1853 871 2037 914 torum
2065 862 2194 915 libri
2221 863 2467 919 XXXIV
2497 881 2658 916 usum
2686 881 2743 918 se
2769 862 2905 917 dicit
2929 879 2942 918 z
2973 866 3279 934 Antigono,
3311 871 3406 937 qui

1850 949 1922 1001 dc
1935 953 2209 1015 toreutice,
2235 948 2587 1003 blenoeclemo
2605 954 2702 1021 qai
2725 954 2866 1014 item,
2897 950 3104 1001 Dur-ide
3121 955 3216 1022 qui
3240 955 3396 1022 item,

1853 1034 2172 1089 Menandro
2197 1039 2292 1108 qui
2315 1036 2387 1088 de
2411 1041 2653 1099 toreutiS,
2689 1036 2985 1089 Heliodoro
3005 1041 3102 1107 qui
3126 1037 3199 1089 de
3227 1035 3400 1091 Athe·

1851 1122 2131 1175 aiensibus
2163 1121 2555 1179 anathematis.
2612 1121 2899 1177 Laudatur
2945 1124 3112 1177 Duris
3150 1124 3318 1177 etiam
3348 1124 3405 1178 in

1852 1207 2046 1263 Indice
2068 1208 2139 1263 ad
2169 1209 2266 1263 lib.
2293 1210 2903 1277 XXXIII.«Fortasse,
2957 1210 3272 1265 Hulleman.
3297 1210 3402 1275 ait,

1852 1295 2057 1349 Duridi
2085 1295 2382 1364 debentur,
2412 1314 2535 1368 quae
2574 1314 2660 1368 ap.
2696 1296 2837 1351 Plin.
2871 1296 2905 1349 l.
2942 1315 2992 1349 c.
3022 1296 3056 1349 6
3089 1296 3159 1351 de
3196 1297 3404 1351 annulo

1853 1383 2160 1455 Polycratis
2185 1384 2466 1458 leguntur.
2505 1407 2528 1432 s,

2059 1545 2533 1605 FRAGMENTA
2575 1544 2784 1605 sssms
2830 1546 3204 1606 lNCERTAE.

2581 1714 2675 1777 80.

1932 1867 2397 1924 Plutarch.va.
2417 1867 2467 1939 1,
2488 1864 2579 1934 48,
2596 1882 2658 1938 p.
2677 1864 2817 1923 328:
2841 1862 3052 1942 Δέχετ
3069 1886 3138 1921 αι
3166 1866 3277 1922 καὶ
3304 1870 3407 1943 βῶ·

1852 1956 1941 2014 λον
1970 1952 2247 2024 Ἀλήτης.
2284 1950 2502 2021 Ἀλήτης
2539 1950 2671 2027 γὰρ,
2708 1948 2777 2015 ὥς
2817 1972 2942 2029 φησι
2966 1956 3173 2029 Δοῦρις,
3208 1953 3408 2010 ἀποπε-

1855 2040 1961 2100 σὼν
2011 2038 2287 2119 Κορίνθου,
2336 2036 2472 2094 κατὰ
2511 2035 2750 2113 χρησμὸν
2790 2042 2881 2093 τοῦ
2926 2040 3040 2094 θεοῦ
3091 2039 3409 2116 ἀπεπειρᾶτο

1852 2128 2012 2186 πάλιν
2045 2127 2404 2184 κατελθεῖν·ἐν
2429 2122 2484 2181 δὲ
2511 2128 2578 2201 τῇ
2612 2122 2764 2202 χώρα
2786 2122 3028 2201 περιιδὼν
3049 2127 3065 2197 (
3086 2128 3126 2184 l.
3163 2125 3404 2205 περιιών)

1853 2238 1967 2274 τινα
1997 2212 2242 2293 βουκόλον
2259 2211 2374 2291 ᾔτει
2395 2209 2609 2289 τροφήν.
2694 2209 2762 2269 Ὁ
2787 2209 2840 2268 δὲ
2864 2212 3029 2287 βῶλον
3051 2215 3111 2270 ἐκ
3129 2216 3219 2283 τῆς
3242 2212 3411 2291 πήρας

1857 2301 2111 2383 ἀράμενος
2138 2299 2323 2358 ἐδίδου.
2410 2296 2478 2358 Ὁ
2506 2296 2560 2355 δὲ
2580 2297 2796 2368 Ἀλήτης
2818 2297 3024 2365 ἐδέξατο
3040 2300 3405 2375 οἰωνισάμενος

1855 2388 1943 2447 καὶ
1968 2386 2153 2445 εἰπών·
2189 2385 2461 2463 Δέχεται
2488 2384 2603 2442 καὶ
2630 2386 2844 2462 βῶλον
2873 2384 2926 2443 Ἀ
2947 2385 3120 2456 λήτη
3140 2409 3183 2450 ς.

1933 2477 2019 2535 Cf.
2049 2476 2379 2548 Diogenian.
2411 2475 2507 2539 lv,
2538 2490 2636 2545 273
2667 2474 2919 2545 Apostol.
2945 2476 3041 2542 VI,
3066 2474 3162 2542 833
3190 2475 3403 2531 Zenob.

1856 2566 1959 2632 111,
1974 2582 2067 2631 223
2082 2562 2324 2634 Hesych.
2343 2579 2396 2616 v,
2419 2556 2537 2621 Διὸς
2554 2557 2816 2634 Κόρινθος,
2836 2562 3053 2616 Mulier.
3081 2563 3213 2618 Dor.
3237 2561 3278 2627 1,
3311 2559 3406 2629 85,

1858 2653 2006 2707 Min.
2033 2658 2095 2723 19.
2126 2648 2259 2706 352.
2293 2650 2686 2721 Fragmentum
2709 2647 2946 2719 petitum
2973 2648 3142 2703 suerit
3163 2666 3232 2702 ex
3260 2642 3410 2723 ὥροις

1859 2740 2204 2805 Samiorum3
2259 2735 2485 2790 sortasse
2532 2734 2704 2788 Aletae
2751 2735 3003 2789 meminit
3050 2736 3289 2807 loquens
3337 2733 3408 2790 de

1863 2822 2048 2902 βώλῳ,
2076 2842 2241 2897 quam
2275 2824 2407 2875 olim
2443 2820 2781 2893 Euphemus‚
2805 2838 2937 2875 avus
2965 2818 3145 2889 Sami,
3171 2822 3403 2894 accepit.

1859 2913 1943 2969 Cf.
1975 2912 2197 2967 Miiller.
2229 2911 2376 2965 Min.
2411 2926 2469 2981 p.
2498 2904 2631 2962 306.

2589 3055 2683 3119 81.

1942 3213 2212 3270 Proverb.
2265 3211 2428 3270 ssodl.
2469 3212 2559 3269 ed.
2591 3212 2761 3270 Gaisf.
2810 3211 2920 3282 374
2938 3253 2953 3281 ‚
2984 3231 3042 3285 p.
3088 3219 3161 3276 40
3198 3229 3211 3268 :
3255 3209 3410 3269 Ἐπὶ

1863 3301 2084 3379 σαυτῷ
2108 3296 2219 3368 τὴν
2243 3296 2522 3368 σελήνην
2544 3302 2660 3355 καθ
2677 3298 2953 3377 αιρεῒς...
2981 3302 3163 3376 Δοῦρις
3182 3296 3237 3353 δέ
3255 3319 3410 3375 φησιν

1862 3390 2172 3470 ἀστρολόγον
2207 3387 2620 3466 προαγορεύοντα
2649 3386 2742 3455 τὰς
2777 3392 2872 3457 τῆς
2909 3387 3124 3457 σελήνης
3162 3388 3413 3468 ἐκλείψεις

1860 3480 1955 3537 οὐκ
1990 3468 2047 3534 εὗ
2081 3474 2397 3541 ἀπαλλάξαι.
2440 3476 2792 3532 Antecedunt
2823 3477 2941 3532 haec
2974 3496 2988 3531 z
3021 3474 3412 3545 Ἀσκληπιάδης

1859 3564 1987 3646 φησὶ
2013 3562 2104 3629 τὰς
2125 3560 2396 3627 Θετταλὰς
2424 3560 2744 3638 ἐκμαθούσας
2773 3559 2864 3627 τὰς
2891 3565 2982 3630 τῆς·
3017 3561 3237 3631 σελήνης
3261 3562 3409 3633 κινή·

1860 3674 1962 3717 σεις
1982 3648 2259 3731 (ἐκλείψεις
2281 3650 2470 3723 Gent.)
2495 3648 2883 3726 προαγγέλλειν,
2904 3650 2974 3714 ὡς
2995 3648 3081 3705 ὑπ’
3102 3650 3271 3706 αὐτῶν
3292 3649 3413 3725 μὲλ-

1857 3739 1937 3795 λοι
1964 3736 2280 3813 κατάγεσθαι
2296 3781 2312 3807 ,
2338 3741 2488 3795 τοῦτο
2511 3735 2562 3793 δὲ
2588 3735 2831 3813 πράττειν
2857 3736 2914 3793 οὗ
2938 3736 3099 3815 χωρὶς
3121 3739 3213 3805 τῆς
3238 3738 3411 3794 αὐτῶν

1858 3824 2164 3890 κακώσεως·
2193 3823 2228 3894 ἣ
2267 3822 2368 3901 γὰρ
2404 3822 2676 3881 καταθύειν
2700 3825 2800 3879 τῶν
2834 3822 3025 3880 τέκνων
3058 3822 3092 3890 ἢ
3121 3822 3206 3879 τὸν
3239 3823 3410 3902 ἕτερον

212 3926 398 3994 ipsam
428 3919 760 3973 imitandam
788 3937 930 3986 esse,
963 3938 1073 3975 non
1086 3923 1403 3994 artificem.
1490 3921 1768 3993 Eupompi
1809 3892 1818 3975 i
1855 3915 1958 3970 τῶν
1980 3912 2258 3991 ὀφθαλμῶν
2284 3909 2576 3969 ἀπολλύειν.
2659 3908 2884 3986 Λέγεται
2908 3900 2993 3967 οὖν
3018 3908 3104 3967 ἐπὶ
3137 3912 3241 3966 τῶν
3269 3911 3412 3969 κακὰ

210 4007 464 4081 pictura,
501 4007 605 4060 nisi
631 4006 813 4075 fallor,
840 4025 1025 4061 ansam
1056 4007 1213 4063 dedit
1246 4009 1339 4076 iis,
1374 4026 1496 4080 quae
1537 4007 1608 4062 de
1650 4008 1767 4060 Eu·
1809 4040 1816 4073 ,

1863 3999 2230 4075 ποριζομένων.
2260 4001 2342 4057 Cf.
2366 3998 2581 4056 Zeuob.
2611 4001 2706 4067 IV,
2736 4018 2785 4068 1,
2807 3999 2947 4071 ihiq.
2971 4001 3208 4071 interpr.

1349 4118 1899 4136 mun-000·-

952 4178 1041 4226 75.

282 4258 440 4316 Agon,
462 4265 639 4303 nomen
659 4256 904 4317 proprium
922 4292 938 4318 ,
964 4260 1019 4305 ut
1034 4256 1175 4306 Duris
1191 4262 1368 4307 narrat.

285 4420 475 4468 Contra
491 4416 617 4467 duos
642 4431 706 4467 ne
726 4421 965 4469 Hercules
984 4420 1206 4484 quidem.
1230 4421 1470 4483 originem
1503 4421 1643 4481 bujue
1666 4433 1750 4481 pro

215 4495 367 4546 vet-bii
390 4496 530 4545 Duris
548 4497 613 4544 ita
630 4497 837 4559 explicat
866 4519 877 4547 :
906 4500 1159 4549 Herculem
1179 4500 1320 4558 dicit,
1345 4513 1425 4548 ara
1445 4501 1687 4549 exstructa
1709 4497 1768 4547 ad

214 4574 455 4636 Alpheum
472 4608 486 4631 ,
509 4575 749 4635 pugilatus
764 4578 1004 4624 certamen
1035 4576 1292 4625 instituisse
1322 4577 1368 4624 in
1393 4589 1545 4637 eoque
1577 4576 1766 4635 uicisse3

213 4649 391 4700 deinde
413 4654 642 4712 sequente
676 4651 958 4713 Olympiade
989 4653 1162 4700 iterum
1185 4655 1444 4701 certantem
1479 4652 1541 4701 ab
1563 4654 1700 4701 Elato
1721 4655 1769 4700 et

216 4727 492 4778 Pherandro
528 4729 655 4777 lucta
678 4741 781 4778 ωδε
803 4729 1047 4779 devictum
1085 4733 1233 4791 atque
1257 4729 1432 4777 exinde
1463 4731 1768 4791 proverbium

220 4810 389 4854 natum
410 4818 511 4854 esse
533 4824 545 4853 ε
567 4808 748 4856 Contra
765 4805 886 4855 duos
903 4820 964 4856 ne
985 4808 1216 4857 Hercules
1228 4806 1438 4869 quidem.

690 4946 790 5005 DE
830 4946 1301 5007 PICTORlBUS.

943 5078 1026 5128 77.

284 5167 495 5214 Fuerunt
508 5163 650 5213 etiam
668 5163 747 5211 alii
765 5200 781 5223 ,
808 5162 981 5225 quibua
998 5162 1170 5211 Thales
1185 5176 1359 5211 nomen
1377 5164 1527 5219 erat,..
1564 5174 1768 5224 quorum

218 5244 421 5311 quadus
441 5244 513 5292 est
541 5240 619 5291 ille
642 5240 778 5305 cujus
798 5241 938 5290 Duria
963 5240 1011 5290 in
1031 5241 1150 5293 libro
1170 5243 1237 5290 De
1256 5239 1513 5304 pictoribus
1530 5238 1763 5293 meminit.

1924 4252 2067 4303 Duris
2079 4251 2292 4301 serviisse
2308 4250 2367 4311 (i)
2384 4171 2715 4299 Socratenzsait
2733 4251 2782 4297 et
2798 4248 3044 4309 sculpsisse
3063 4245 3241 4308 lapides
3261 4266 3273 4294 ι
3290 4254 3412 4306 opus

1858 4330 1986 4378 illius
2004 4342 2105 4379 esse
2124 4329 2339 4390 Gratias,
2363 4340 2473 4390 quae
2497 4327 2679 4377 suntin
2698 4338 2831 4385 arce,
2855 4326 3078 4385 vestitu,
3105 4325 3319 4374 nonnulli
3338 4336 3411 4372 as·

1859 4408 2040 4459 serunt.

2585 4470 2672 4521 80.

1926 4554 2012 4604 Vel
2024 4551 2224 4615 ylebam
2241 4553 2430 4612 accipit
2449 4551 2628 4600 Aletes.
2654 4549 2888 4600 Nimirum
2904 4549 3074 4608 Aletes,
3091 4549 3159 4597 uti
3185 4549 3324 4598 Duris
3340 4561 3413 4598 re-

1860 4634 1977 4693 fert,
2005 4643 2157 4694 quum
2188 4629 2418 4678 Corintho
2437 4629 2715 4689 excidisset,
2742 4628 2924 4676 oraculi
2954 4627 3088 4688 jussu
3131 4639 3412 4689 recuperare

1858 4712 2063 4773 patriam
2100 4707 2321 4757 tentavit.
2360 4710 2484 4756 Tum
2526 4707 2576 4755 in
2618 4707 2805 4768 regione
2842 4706 3146 4755 Corinthiam
3179 4707 3409 4755 oberrans

1857 4801 1885 4836 a
1906 4787 2115 4835 bubulco
2142 4785 2302 4833 cibum
2337 4784 2608 4845 postulavit.
2651 4784 2736 4833 llle
2771 4797 2887 4832 vero
2914 4783 3098 4845 glebam
3138 4796 3166 4830 e
3191 4796 3303 4845 pera
3325 4782 3410 4831 de·

1856 4869 2125 4928 promptam
2145 4864 2188 4911 ei
2203 4864 2415 4924 porrigit3
2434 4876 2579 4924 quam
2597 4863 2825 4925 recipiens
2845 4863 2922 4910 ille
2945 4865 3108 4924 utpote
3122 4862 3299 4911 bouum
3329 4874 3390 4909 au

1856 4947 2047 5005 gui-ium
2074 4942 2196 4992 dixit
2226 4962 2237 4991 :
2259 4945 2452 5004 Accipit
2477 4942 2553 4991 vel
2575 4942 2774 5003 ylebam
2801 4942 2980 4990 Aletes.

2588 5025 2676 5074 81.

1918 5108 2065 5158 Duris
2087 5108 2154 5156 ait
2192 5107 2482 5169 astrologum
2520 5106 2646 5157 luna·
2671 5106 2865 5166 eclipses
2899 5118 2994 5153 uon
3029 5104 3205 5164 absque
3236 5104 3410 5151 damno

1859 5200 1946 5235 suo
1967 5183 2261 5249 praedixisse.
