3900 6042
512 486 616 537 172
1567 472 2058 537 ARISTOTELIS
2111 476 2593 540 FRAGMENTA.

504 611 676 665 θενται
700 599 861 675 αὐτοὶ,
879 602 914 674 ἢ
935 602 1409 671 κατασκευάζουσιν
1433 602 1625 684 ἕτερον,
1646 602 1826 683 ὥσπερ
1849 604 2046 666 ’-Ιππα

2138 606 2315 684 μέντοι
2341 612 2392 687 γ’
2420 609 2499 668 ἔτι
2531 608 2700 686 μένειν
2734 612 2852 669 ἓν
2817 613 3202 693 Συρακούσαις,
3225 616 3297 681 ὣς
3322 616 3498 695 πόρους
3533 617 3678 697 tupi-

506 695 637 774 ρῖνος
654 690 922 751 Διονύσιον
950 693 1001 748 ἐν
1030 689 1414 770 Συρακούσαις.

2138 719 2328 757 σκοντα
2348 706 2452 766 τοῖς
2474 700 2632 758 αὐτοῦ
2654 700 2956 781 πράγμασιν
2982 705 3329 784 ἀσυμφόρους.
3349 705 3371 782 ]

583 785 648 851 V,
674 786 733 854 4,
760 780 851 838 6.
895 777 1160 843 Διονύσιος
1193 781 1497 857 κατηγορῶν
1539 777 1804 856 Δαφναίου
1831 779 1923 839 καὶ
1952 784 2053 839 τῶν

502 865 760 924 πλουσίων
775 864 965 935 ἠξιώθη
985 868 1078 935 τῆς
1091 865 1401 945 τυραννίδος,
1418 862 1505 922 διὰ
1518 864 1612 935 τὴν
1633 863 1821 945 ἔχθραν
1841 889 2050 926 πιστευ-

502 953 661 1019 θεὶςε
633 977 701 1019 ως
724 950 1065 1028 δημοτικὸς”
1026 974 1118 1009 ων.

580 1043 686 1111 111,
713 1060 802 1111 10,
832 1060 949 1096 10:
978 1039 1072 1098 Δει
1087 1037 1189 1117 γὰρ
1221 1037 1375 1095 αὐτὸν
1401 1037 1497 1114 μὲν
1536 1039 1648 1114 (sc.
1672 1037 1761 1097 τὸν
1790 1038 2049 1116 μέλλοντα

2840 808 2974 866 223.

2216 911 2580 967 AthenaeusX
2583 929 2672 985 ,.p
2686 910 2821 981 435,
2838 915 2916 968 E:
2942 911 3359 991 Ἀριστοτέληςὲ
3372 915 3684 994 ἐντῇΣυρα-

2138 994 2359 1053 κουσίων
2385 996 2648 1076 πολιτεία,
2674 1019 2764 1055 και
2798 1003 3026 1077 συνεχῶς
3052 999 3208 1080 φησὶν
3236 1000 3390 1058 αὐτὸν
3417 1003 3524 1077 (sc.
3551 1007 3681 1060 Διο·

2139 1080 2309 1139 νύσιον
2350 1105 2439 1141 τον
2469 1082 2751 1163 νεώτερον)
2793 1083 2897 1144 ἔσθ’
2927 1086 3012 1144 δή
3040 1088 3127 1145 ἐπι
3161 1086 3362 1167 ἡμέρας
3388 1088 3687 1159 ἐνενήκοντα

2141 1168 2375 1240 μεθύειν·
2418 1169 2496 1228 διο
2534 1170 2626 1229 καὶ
2671 1171 3108 1254 ἆμὸλυωπότερον
3147 1173 3390 1253 γενέσθαι
3414 1174 3501 1242 τὰς
3521 1176 3684 1255 ὄψεις.

2138 1257 2222 1316 Cf.
2254 1260 2537 1318 Plutarch.
2584 1261 2754 1317 Dion.
2785 1279 2834 1318 c.
2879 1281 2933 1332 7.

2215 1348 2446 1404 Aristot.
2449 1347 2590 1413 Pol.
2618 1351 2682 1417 V,
2705 1347 2765 1421 8,
2792 1354 2911 1413 ι4.
2944 1347 3053 1407 Καὶ
3093 1347 3352 1426 Διονυσίῳ
3378 1352 3453 1430 τῷ
3487 1348 3684 1429 ὑστέρῳ

2139 1429 2277 1491 Δίων
2299 1431 2513 1489 ἐπέθετο
2539 1430 2626 1490 διὰ
2647 1431 2708 1491 τὸ
2729 1454 3091 1514 καταφρονειν,
3115 1438 3248 1514 δρῶν
3267 1434 3387 1500 τούς
3403 1459 3461 1495 τε
3478 1436 3690 1504 πολίτας

2139 1517 2298 1584 οὕτως
2324 1517 2538 1597 ἔχοντας
2572 1518 2662 1577 καὶ
2694 1519 2850 1578 αὐτὸν
2885 1522 2988 1580 αἰεὶ
3029 1525 3307 1599 μεθύοντα.
3350 1526 3437 1585 cf.
3485 1527 3686 1586 AElian.

2137 1608 2241 1677 VI,
2280 1625 2381 1682 123
2409 1609 2612 1668 Justin.
2644 1610 2828 1684 xxJ,
2861 1628 2917 1668 a.

2814 1712 2952 1791 [224
2963 1713 3003 1791 .]

2219 1804 2489 1893 [Αιῖειοι.
2512 1815 2641 1877 Pol.
2661 1822 2728 1889 V,
2754 1818 2808 1889 8,
2831 1839 2941 1891 17.
2970 1816 3196 1884 Ἐκεῖνος
3214 1817 3315 1899 γὰρ
3342 1818 3446 1900 (sc.
3472 1818 3686 1897 δΔίων)

2143 1905 2257 1979 μετ’
2288 1903 2476 1981 ὀλίγων
2523 1903 2862 1984 ἐστράτευσεν
2904 1906 2991 1965 ἐπὶ
3034 1907 3321 1980 Διονύσιον,
3358 1907 3519 1975 οὕτως
3541 1909 3685 1988 ἔχειν

2141 1989 2374 2069 φάσκων,
2412 1993 2482 2055 ως
2498 2035 2516 2063 ,
2546 1989 2774 2070 ὅπουπερ
2812 1990 2874 2050 ἂν
2920 1987 3134 2065 δύνηται
3179 1995 3468 2072 προελθεῖν,
3510 1996 3687 2054 ἵκανον

2143 2079 2285 2157 αὐτῷ
2313 2099 2555 2135 τοσουτον
2589 2086 2871 2157 μετασχεῖν
2901 2083 2996 2151 τῆς
3023 2080 3282 2159 πράξεως,
3309 2073 3414 2140 οἷον
3437 2084 3483 2140 εἷ
3505 2081 3689 2161 μικρὸν

2142 2161 2396 2221 ἐπιὸἄντα
2424 2167 2517 2236 τῆς
2542 2186 2650 2274 γης
2678 2162 2823 2230 εὐθυς
2857 2165 3095 2240 συμὸαίη
3137 2170 3477 2242 τελευτῆσαι,
3511 2193 3690 2228 τουτον

2141 2254 2313 2316 καλῶς
2341 2250 2479 2329 ἔχειν
2512 2253 2655 2331 αὐτῷ
2680 2252 2767 2311 τὸν
2795 2251 3032 2315 θοίνατον.
3078 2259 3166 2313 De
3199 2259 3388 2314 Dione
3428 2259 3501 2315 cf.
3527 2263 3604 2329 V,
3634 2260 3689 2328 8,

2150 2358 2220 2413 19
2251 2339 2362 2413 (fr.
2388 2358 2496 2395 221
2523 2339 2561 2415 ).

2223 2428 2540 2495 V,2,11:
2590 2423 2935 2504 Συρακούσιοι
2980 2425 3114 2503 μετὰ
3158 2425 3225 2485 τὰ
3260 2429 3536 2508 τυραννικὰ
3575 2431 3692 2497 τους

2145 2470 2312 2574 ξένους
2335 2508 2424 2566 καὶ
2446 2508 2562 2577 τους
2583 2511 2920 2589 μισθοφόρους
2937 2511 3152 2582 πολίτας
3167 2518 3516 2593 ποιησάμενοι
3536 2519 3688 2576 ἐστα-

2144 2594 2331 2654 σίασαν
2359 2596 2446 2655 και
2476 2599 2544 2663 εἰς
2573 2597 2750 2678 μα’χην
2775 2590 2949 2670 ἦλθον.
2971 2599 2993 2676 ]

2662 2717 2893 2796 [ΔΕΟΝ
2896 2721 3158 2780 ΓΙΝΩΝ.
3163 2721 3188 2799 ]

2803 2826 2978 2915 [225.
2984 2826 3007 2912 ]

2219 2947 2472 3025 [Aristot.
2494 2951 2617 3008 Pol.
2638 2954 2704 3020 V,
2735 2969 2825 3021 10,
2851 2957 2925 3017 4ι
2944 2948 3038 3010 Ἔν
3055 2950 3344 3018 Λεοντίνοις
3364 2956 3435 3020 εἷς
3453 2953 3553 3027 τὴν
3582 2958 3689 3015 Πα·

2143 3033 2338 3093 ναιτίου
2363 3035 2638 3116 τυραννίδα
2669 3037 2687 3112 (
2710 3041 2744 3107 ἡ
2772 3037 3047 3116 ὀλιγαρχία
3073 3036 3391 3116 μετέὸαλε).

506 1127 826 1207 βασιλεύειν)
850 1126 987 1206 ἔχειν
1012 1125 1190 1204 ἰσχυν,
1213 1148 1344 1183 ειναι
1382 1127 1438 1183 δὲ
1462 1126 1718 1196 τοσαύτην
1746 1126 1841 1197 τὴν
1867 1126 2049 1205 ῖσγυν,

502 1213 639 1272 ὥστε
673 1213 893 1272 ἑκάστου
923 1211 1019 1289 μὲν
1047 1212 1188 1271 καὶ’
1168 1212 1276 1279 ενὸς
1304 1211 1395 1271 καὶ
1418 1213 1774 1288 συμπλειόνων
1803 1213 2050 1291 κρείττω,

502 1324 594 1359 του
619 1299 673 1358 δὲ
695 1299 922 1372 πλήθους
942 1299 1100 1372 ἥττω,
1124 1298 1364 1378 καθάπερ
1389 1298 1444 1357 οἵ
1466 1322 1497 1356 τ
1498 1300 1747 1378 ’ἀρχαῖοι
1768 1298 1860 1367 τὰς
1887 1300 2054 1380 φύλα-

503 1409 598 1451 κας
624 1386 880 1458 ἐδίδοσαν,
904 1385 987 1445 ὅτε
1020 1385 1323 1445 καθισταῖέν
1357 1409 1473 1444 τινα
1496 1390 1592 1457 τῆς
1616 1385 1816 1453 πόλεως
1842 1386 1897 1445 ὃν
1921 1386 2052 1444 ἐκοί-

502 1475 622 1530 λουν
652 1472 974 1549 αἰσυμνήτην
996 1472 1031 1544 ἢ
1052 1471 1315 1552 τύραννον,
1331 1473 1421 1530 καὶ
1440 1472 1696 1553 Διονυσίῳ
1717 1497 1812 1545 τις,
1834 1473 1913 1530 ὅτ’
1936 1474 2050 1553 ᾔτει

503 1558 623 1626 τους
646 1558 916 1637 φύλακας,
941 1557 1277 1619 συνεὸούλευε
1300 1566 1407 1627 τοῖς
1434 1560 1806 1640 Συρακουσίοις
1850 1561 2049 1619 διδόναι

503 1646 775 1713 τοσούτους
800 1644 917 1713 τους
949 1646 1204 1726 φύλακας.

582 1739 647 1805 V,
689 1755 760 1809 9,
805 1734 883 1794 5.
924 1736 1014 1792 Ad
1042 1755 1139 1805 ea,
1175 1737 1382 1809 quibus
1417 1735 1772 1810 tyrannidem
1825 1746 2055 1792 tuentur

504 1826 756 1894 tyranni,
782 1824 1028 1896 pertinet
1057 1825 1224 1878 etiam
1271 1824 1306 1891 ἡ
1338 1820 1552 1902 εἰσφορὰ
1589 1822 1692 1879 τῶν
1713 1823 1905 1895 τελῶν,
1942 1814 2050 1880 οἷον

502 1910 557 1965 ἐν
585 1906 972 1986 Συρακούσαις·
1019 1908 1072 1964 ἐν
1112 1907 1266 1965 πέντε
1310 1905 1413 1986 γὰρ
1441 1906 1607 1964 ἔτεσιν
1654 1905 1742 1964 ἐπὶ
1781 1906 2049 1967 Διονυσίου

502 1993 596 2064 τὴν
615 1993 790 2053 οὐσίαν
814 1992 1025 2051 ἅπασαν
1050 1993 1428 2072 εἰσενηνοχέναι
1453 1992 1768 2052 συνέὸαινεν.
1789 1997 2056 2052 Similiter

502 2083 765 2155 Cypselus
786 2100 877 2154 ap.
908 2082 1139 2140 Aristot.
1164 2083 1382 2138 OEcon.
1410 2084 1493 2151 11,
1520 2101 1572 2136 c.
1608 2101 1664 2141 α.

584 2171 632 2235 1,
656 2185 712 2236 a,
737 2185 811 2222 2·
836 2163 1141 2243 Ἐπιστήμη
1158 2168 1203 2224 δ’
1229 2164 1289 2224 ἂν
1314 2165 1396 2236 εἴη
1415 2165 1506 2223 καὶ
1529 2164 1808 2237 δεσποτικὴ
1832 2189 1922 2224 και
1942 2167 2052 2224 δου-

501 2251 652 2323 λική·
681 2250 893 2323 δουλικὴ
936 2250 1056 2329 μὲν,
1086 2251 1199 2311 οἵαν
1231 2275 1330 2332 περ
1357 2252 1386 2310 ὁ
1415 2254 1467 2311 ἐν
1497 2252 1859 2332 Συρακούσαις
1898 2253 2055 2310 ἐπαί-

505 2339 670 2396 δευεν·
706 2341 816 2397 ἐκεῖ
835 2336 935 2418 γὰρ
970 2336 1259 2415 λαμὸάνων
1293 2360 1372 2405 τις
1404 2337 1586 2415 μισθὸν
1610 2337 1850 2398 ἐδίδασκε
1876 2337 1942 2396 τὰ
1968 2340 2056 2418 ἐγ-

503 2422 692 2482 κύκλια
717 2423 1074 2499 διακονήματα
1097 2423 1214 2491 τους
1235 2425 1448 2489 παῖδας.

584 2515 637 2585 l,
666 2520 727 2584 4,
762 2533 853 2584 7.
900 2510 991 2570 Ἐν
1036 2510 1255 2591 Σικελία
1296 2510 1353 2569 δέ
1376 2535 1455 2578 τις
1480 2510 1708 2577 τεθέντος
1747 2510 1873 2590 παρ’
1908 2511 2053 2589 αύτῷ

503 2596 824 2674 νομίσματος
853 2597 1166 2676 συνεπρίατο
1192 2597 1367 2656 πάντα
1394 2597 1483 2657 τὸν
1507 2597 1716 2677 σίδηρον
1747 2599 1808 2655 ἐκ
1834 2599 1939 2654 τῶν
1972 2619 2053 2654 σι-

506 2686 742 2764 δηρείων,
780 2684 913 2762 μετὰ
940 2685 996 2744 δὲ
1014 2708 1181 2743 ταυτα
1208 2690 1278 2751 ὡς
1308 2684 1551 2766 ἀφίκοντο
1577 2687 1637 2743 ἐκ
1665 2687 1767 2742 τῶν
1792 2682 2054 2765 ἐμπορίων

506 2771 608 2829 οῖ’
578 2794 828 2853 εμποροι,
852 2773 1042 2831 ἐπώλει
1065 2771 1245 2848 μόνος,
1276 2774 1333 2830 οὗ
1357 2771 1555 2841 πολλὴν
1587 2770 1811 2841 ποιήσας
1837 2768 2051 2848 ὑπερδο-

504 2858 600 2928 λὴν
628 2864 722 2930 τῆς
744 2882 927 2933 τιμης,
949 2859 1064 2916 ἀλλ’
1093 2856 1234 2932 ὅμως
1263 2857 1350 2916 ἐπὶ
1371 2866 1476 2924 τοῖς
1500 2857 1821 2928 πεντήκοντα
1855 2855 2055 2915 ταλάν-

503 2969 609 3013 τοις
633 2944 889 3004 ἔπε’λαὸεν
930 2943 1133 3003 ἑκατόν.
1159 2948 1333 3003 Ἰουτο
1374 2944 1467 3019 μὲν
1495 2934 1582 3001 ουν
1620 2946 1649 3000 ὁ
1677 2941 1941 3009 Διονύσιος
1971 2944 2053 3000 αἶ-

507 3031 751 3108 σθόμενος
770 3031 834 3089 τὰ
858 3029 953 3107 μὲν
976 3028 1228 3108 χρήματα
1249 3028 1514 3089 ἐκέλευσεν
1534 3028 1946 3106 ἐκκομίσασθαι,
1969 3026 2045 3105 μὴ

504 3350 555 3398 et
587 3350 675 3398 aut
717 3347 805 3410 ipsi
844 3346 1147 3409 tyrannidem
1189 3347 1460 3408 occupant,
1501 3349 1586 3395 aut
1620 3346 1769 3396 alium
1789 3348 2053 3410 tyrannum
2144 3351 2234 3401 bus
2255 3352 2381 3401 baud
2400 3352 2804 3403 accommodatas.
2811 3353 2833 3419 ]

503 3427 702 3489 parant,
728 3422 1134 3487 quemadmodum
1161 3423 1450 3485 Hipparinus
1476 3423 1755 3485 Dionysium
1796 3424 2056 3486 Syracusis.
2847 3448 2970 3498 223

567 3504 848 3565 Dionysius,
873 3514 1027 3563 quum
1045 3502 1345 3564 Dapbnaeum
1365 3502 1417 3552 et
1436 3504 1621 3551 ceteros
1641 3501 1900 3565 locupletes
1913 3515 2058 3551 accu-

503 3583 679 3643 sasset,
697 3579 1124 3643 dignustyrannide
1145 3580 1442 3629 existimatus
1458 3582 1548 3641 est,
1569 3582 1761 3643 propter
1775 3579 2048 3629 inimicitias
2207 3537 2484 3587 Aristotel&
2509 3550 2558 3586 ¹¹¹
2583 3540 2991 3599 Symmoemmm
3026 3552 3128 3601 ¹⁶⁹
3151 3539 3433 3603 D¹⁰¹¹y⁸¹⁰m
3457 3544 3688 3604 jum

505 3671 619 3707 cum
640 3658 734 3707 iilis
766 3659 1008 3720 susceptas
1038 3656 1184 3707 fidem
1201 3655 1326 3719 apud
1344 3657 1579 3719 populum
1595 3658 1879 3706 consecutus
1887 3656 2054 3719 ,quasi

505 3732 747 3795 popularis
762 3734 903 3782 esset.

568 3809 769 3870 Oportet
788 3808 917 3857 enim
933 3808 978 3858 ei
1004 3807 1132 3869 (regi
1151 3807 1287 3869 >vim
1309 3807 1504 3868 quidem
1528 3808 1704 3869 praesto
1723 3820 1852 3868 esse,
1880 3806 1966 3857 sed
1987 3808 2058 3856 ta·

508 3886 629 3945 lem,
664 3887 718 3933 ut
750 3884 954 3933 validior
985 3885 1063 3932 sit
1072 3896 1223 3946 quam
1256 3884 1426 3945 singuli
1459 3887 1509 3933 et
1531 3897 1657 3933 unus
1682 3886 1733 3933 et
1761 3884 2055 3946 complures,

506 3961 787 4011 imbecillior
799 3962 959 4009 tamen
978 3973 1124 4023 quam
1138 3961 1358 4009 universa
1379 3959 1654 4009 multitudo.
1667 3960 1807 4019 Quod
1822 3960 2059 4009 faciebant

505 4041 649 4103 olim,
667 4040 707 4090 si
724 4052 868 4102 quem
887 4039 1094 4089 civitatis
1109 4040 1463 4101 AEsymnetem,
1476 4038 1882 4101 quemadmodum
1900 4038 2058 4101 appel·

508 4117 691 4177 labant,
711 4118 797 4165 ant
812 4118 1072 4178 tyrannum
1090 4114 1351 4165 creabant·
1378 4115 1493 4165 item
1510 4116 1813 4177 Syracusanis
1834 4115 2059 4177 Dionysio

505 4194 726 4243 custodes
742 4192 920 4255 petenti
942 4195 1016 4242 tot
1037 4205 1241 4241 numero
1262 4191 1459 4254 quidam
1485 4194 1543 4242 ut
1561 4191 1757 4253 darent,
1775 4190 2025 4241 suadebat.

2145 3625 2490 3675 nonnunquam
2521 3626 2607 3675 per
2637 3614 2892 3675 nonaginta
2923 3616 3176 3664 continuos
3200 3617 3301 3666 dies
3331 3618 3524 3669 ebrium
3554 3621 3686 3670 fuisse

2145 3690 2334 3753 scribit,
2361 3705 2515 3753 eoque
2536 3694 2679 3741 etiam
2707 3692 2981 3742 hebetatum
3014 3693 3080 3741 illi
3102 3694 3352 3743 oculonun
3379 3709 3543 3749 usum

2209 3772 2266 3817 in
2299 3768 2577 3830 Dionysium
2618 3769 2928 3831 posteriorem
2975 3769 3096 3819 Dion
3138 3774 3336 3833 propter
3368 3777 3686 3838 contemptim

2147 3846 2343 3907 invasit,
2377 3859 2530 3909 quum
2549 3848 2598 3897 et
2619 3847 2752 3896 cives
2782 3846 2850 3896 ita
2880 3848 3079 3897 affectos
3110 3851 3162 3898 et
3185 3849 3344 3912 ipsum
3377 3865 3569 3916 semper
3593 3865 3686 3902 ωε

2147 3924 2334 3974 ebrium
2352 3924 2550 3975 videret.

2830 4020 2977 4084 [224.
2983 4021 3002 4085 ]

2209 4113 2317 4177 [ille
2341 4114 2529 4182 (Dion)
2554 4123 2683 4172 enim
2697 4137 2810 4173 cum
2828 4137 2973 4187 parva
2995 4137 3140 4173 manu
3163 4123 3394 4176 adversus
3420 4127 3686 4189 Dionysium

2145 4204 2198 4241 se
2214 4195 2433 4257 eontulit,
2453 4210 2607 4259 quum
2623 4200 2715 4249 hoc
2732 4202 2892 4250 animo
2908 4214 2960 4250 se
2982 4214 3083 4250 oese
3101 4201 3307 4262 diceret,
3323 4205 3380 4251 ut
3392 4214 3687 4265 quocumque

2146 4270 2366 4331 progredi
2397 4272 2611 4339 daretur,
2639 4279 2837 4327 eatenus
2862 4278 3101 4327 actionem
3134 4280 3405 4340 susceptam
3439 4280 3688 4343 perducere

2147 4346 2263 4396 satis
2279 4350 2405 4398 esset
2422 4315 2699 4413 habiturus,
2722 4353 2815 4402 hoc
2837 4356 2936 4417 est,
2955 4354 3233 4416 praeclaram
3249 4368 3357 4403 eam
3375 4361 3582 4407 mortem
3600 4368 3685 4404 non

2148 4427 2452 4475 recusaturus
2476 4427 2554 4477 vel
2580 4429 2619 4477 si
2646 4430 2808 4478 statim
2825 4430 2913 4479 sibi
2937 4443 3060 4482 mori
3072 4430 3334 4491 accideret
3353 4433 3503 4482 modo
3525 4437 3684 4483 terram

2147 4498 2277 4549 illius
2294 4499 2355 4549 ad
2373 4501 2519 4553 breve
2533 4506 2726 4566 tempus
2737 4505 2986 4568 attigisset.

2208 4581 2489 4640 Syracusani
2510 4584 2618 4644 poet
2635 4585 2829 4633 exactos
2842 4586 3095 4646 tyrannos,
3113 4583 3372 4646 puegrinis
3389 4586 3440 4635 et
3453 4597 3682 4637 mercena-

2149 4658 2229 4707 riis
2243 4657 2476 4707 militibus
2499 4659 2685 4712 civibus
2703 4661 2855 4722 factis,
2873 4661 3195 4712 dissenserunt
3215 4662 3340 4713 inter
3354 4677 3437 4725 ae,
3464 4665 3610 4715 donec
3628 4661 3681 4711 ad

2148 4749 2355 4799 pugnam
2382 4739 2579 4789 ventum
2602 4738 2716 4804 est]

570 4269 643 4320 Ad
686 4282 772 4331 ea,
804 4269 983 4331 quibus
1016 4268 1320 4332 tyrannidem
1364 4270 1560 4318 tuentur
1597 4268 1819 4330 tyranni,
1855 4267 2061 4330 pertinet

505 4348 651 4398 etiam
668 4345 959 4396 tributorum
975 4348 1189 4407 exactio,
1206 4348 1263 4395 ut
1275 4346 1537 4407 Syracusis,
1553 4344 1637 4394 ubi
1654 4343 1957 4407 tyrannidem
1974 4344 2060 4393 ob-

505 4428 687 4476 tinente
704 4424 931 4487 Dionyslo
943 4437 1110 4474 omnes
1126 4437 1241 4487 opes
1256 4424 1433 4473 civium
1456 4425 1673 4487 quinque
1688 4435 1925 4473 annorum
1938 4434 2049 4485 spa-

508 4504 579 4553 tio
600 4502 770 4553 tributi
791 4502 986 4552 nomine
999 4502 1188 4552 collatae
1213 4503 1427 4552 ruerunt.

568 4580 774 4631 scientia
787 4592 889 4629 esse
900 4578 1091 4628 videtur
1103 4580 1154 4628 et
1168 4578 1356 4628 servilis
1371 4580 1423 4627 et
1436 4577 1626 4627 hen'lis.
1642 4576 1828 4627 servilis
1843 4575 2058 4638 quidem,

506 4657 661 4720 qualis
673 4669 749 4717 ea,
768 4667 917 4719 quam
927 4655 1007 4705 ille
1017 4658 1345 4718 Syracusanus
1360 4654 1594 4703 tradebat.
1605 4654 1712 4704 lllic
1724 4654 1852 4703 enim
1861 4653 2059 4716 quidam

506 4730 1344 4794 mercedeacoeptapuerosusitataet
1354 4731 1567 4793 vulgaria
1575 4729 2061 4779 ministenadocebat.

571 4814 624 4860 in
671 4808 834 4860 Sicilia
875 4807 1072 4871 quidam
1121 4806 1282 4856 numis
1328 4806 1456 4869 apud
1499 4820 1555 4856 se
1603 4805 1829 4868 depositis
1879 4806 2061 4855 terrum

506 4900 650 4937 omne
672 4900 734 4936 ex
753 4884 960 4935 ferrariis
994 4882 1199 4934 officinis
1218 4883 1411 4933 coemit.
1428 4885 1626 4944 Postea,
1651 4881 1816 4932 ubiex
1837 4883 2062 4945 emporiis
2606 4869 3206 4946 [LEONTiNORUM.
3212 4869 3235 4948 ]

508 4963 839 5021 convenerunt
866 4962 1183 5020 mercatores,
1217 4960 1396 5009 ferrum
1440 4972 1585 5009 omne
1616 4958 1750 5009 solus
1787 4957 2058 5021 vendebat,

509 5056 607 5092 non
642 5042 711 5091 ita
738 5038 1051 5089 immoderate
1084 5040 1228 5089 aucto
1257 5037 1456 5100 pretio.
1491 5038 1829 5086 verumtamen
1858 5037 2059 5087 talentis
2753 5036 2770 5047 “
2841 5000 2983 5063 [2²⁵
2989 5000 3008 5064 ]

509 5117 855 5182 quinquaginta
872 5116 1117 5178 expensis,
1141 5118 1337 5166 centum
1357 5115 1477 5165 lucri
1498 5116 1623 5164 fecit.
1641 5114 1783 5173 Quod
1798 5127 1949 5177 quum
1970 5127 2060 5163 au·
2206 5113 2223 5176 Ι
2241 5113 2375 5174 Apud
2426 5114 2683 5167 Leontinos
2719 5118 2766 5166 in
2809 5116 3005 5167 Panaetii
3047 5116 3349 5178 tyrannidem
3412 5113 3684 5182 (oiigarcbia

512 5200 656 5248 disset
682 5195 959 5258 Dionysius»,
995 5195 1211 5257 pecuniae
1241 5192 1436 5257 quidem
1466 5205 1632 5243 secum
1663 5191 1973 5256 exportanda>
2012 5192 2059 5243 ei
2150 5202 2283 5240 versa
2295 5194 2365 5239 est
2384 5191 2418 5253 ).

504 3195 849 3258 rempublicam
859 3193 1180 3255 moderantur,
1193 3192 1474 3255 patrimonia
1482 3193 2058 3255 consumpseruntintem·
2144 3198 2427 3259 potestatem
2465 3198 2603 3256 tecit,
2634 3211 2806 3248 verum
2835 3200 3081 3261 Syracusis
3111 3212 3222 3249 eum
3260 3202 3496 3254 excedere
3520 3206 3690 3268 ιιιεείι,

388 3301 407 3321 x
504 3274 727 3335 pei-anter
738 3268 962 3319 vivendo.
977 3269 1298 3319 Etenimtales
1310 3268 1525 3318 homines
1537 3269 1680 3319 rebus
1690 3269 1828 3319 novis
1839 3268 2054 3331 student,
2145 3277 2375 3336 tanquam
2395 3274 2482 3335 qui
2497 3274 2597 3323 vias
2614 3274 2831 3337 pecuniae
2851 3275 3079 3326 faciendae
3093 3277 3343 3339 reperisset
3368 3293 3466 3330 ειιιε
3494 3283 3690 3331 rationi·

1529 5425 1563 5437 ..-
