3900 6042
1229 444 1728 508 MANETHONIS
1774 446 2265 512 FRAGMENTA.

135 590 359 644 tionem
385 608 417 644 a
442 589 779 645 Manethone
818 589 1052 643 alienam
1082 606 1225 655 esse,
1277 591 1367 643 vel
1396 589 1530 644 inde
1571 610 1703 644 con·

130 677 340 731 eludas
358 677 515 748 qnod
540 676 812 749 Josepbus
849 675 1007 747 (Ant.
1036 676 1169 730 Jud.
1200 678 1247 744 1,
1272 675 1326 744 3,
1351 676 1454 749 9),
1480 677 1578 730 ubi
1607 677 1701 731 de·

131 763 328 818 fendit
343 782 406 818 ea
425 805 441 830 ‚
468 783 591 835 quae
606 763 677 818 de
701 763 1144 835 patriarcharum
1163 764 1277 818 vita
1304 765 1620 837 longissima
1646 766 1703 818 in

129 852 312 905 sacris
338 850 495 904 libris
517 850 855 916 referuntur,
887 849 958 904 ad
983 850 1371 904 Manethonem
1399 860 1701 923 provocet,

130 938 359 1010 quippe
385 938 485 1008 qui
515 937 714 990 similia
743 936 814 990 de
832 937 1105 1009 AEgyptiis
1129 937 1425 992 tradiderit
1453 957 1466 991 :
1496 937 1706 1013 Μαρτυ-

132 1027 292 1099 ροῧσι
320 1019 377 1078 δέ
403 1041 513 1096 μου·
530 1022 605 1098 τῷ
628 1018 768 1098 λόγῳ
794 1019 984 1086 πάντες
999 1024 1046 1078 οἱ
1062 1026 1187 1098 παρ’
1202 1020 1433 1091 Ἕλλησι
1454 1021 1542 1078 καὶ
1560 1020 1703 1100 παρὰ

132 1106 430 1185 βαρὸἄροις
456 1105 880 1184 συγγραψάμενοι
907 1104 1000 1170 τὰς
1036 1106 1428 1183 ἀρχαιολογίας.
1462 1106 1569 1165 Καὶ
1603 1105 1703 1183 γὰρ

127 1193 231 1251 καὶ
258 1197 315 1252 M
334 1190 571 1251 ανεθὼν
600 1197 628 1249 ὁ
647 1193 742 1261 τὴν
768 1196 870 1249 τῶν
892 1192 1192 1269 Αἰγυπτίων
1217 1192 1560 1269 ποιησάμενος
1587 1195 1705 1249 ἀνα-

126 1279 349 1360 γραφὴν
372 1279 461 1337 καὶ
478 1278 756 1359 Βηρωσσὸς
784 1283 947 1341 κτλ...
982 1286 1311 1356 συμφωνοῦσι
1337 1284 1441 1347 τοῖς
1464 1283 1549 1336 ὑπ’
1577 1282 1703 1355 ἐμοῦ

129 1366 460 1444 λεγομένοις.
1015 1424 1021 1428 ,

220 1458 256 1529 §
281 1474 336 1510 2.
366 1457 499 1511 Post
516 1457 647 1510 deos
682 1469 982 1527 regnarunt
1006 1455 1227 1532 heroes]
1252 1459 1494 1516 Aucher.
1527 1474 1543 1514 t
1576 1469 1704 1530 post

129 1545 275 1597 deos
301 1549 555 1613 regnavit
572 1561 705 1614 gens
729 1545 1112 1601 semicieorum.

225 1630 261 1702 §
294 1630 348 1688 3.
377 1630 639 1684 Manium
669 1630 1039 1705 Her-eumque]
1062 1632 1307 1686 Aucher.
1338 1652 1352 1686 t
1381 1636 1626 1686 manium
1649 1644 1704 1686 et

129 1718 524 1771 semideorum.
546 1719 758 1772 Heroes
778 1719 867 1771 vel
888 1718 1161 1772 semideos
1172 1718 1287 1789 jam
1310 1719 1585 1772 recensuit
1605 1737 1702 1771 au·

134 1814 288 1858 ctor.
335 1805 519 1874 Quare
570 1804 758 1858 denuo
796 1822 891 1858 eos
929 1805 1129 1861 afferre
1164 1824 1280 1859 non
1306 1807 1508 1879 potuit.
1542 1807 1703 1859 Men-

133 1908 234 1945 sus
252 1901 334 1945 est
368 1910 381 1943 :
408 1901 596 1944 secuta
636 1901 715 1943 est
739 1889 1047 1946 dominatio
1076 1894 1320 1946 manium
1337 1932 1353 1959 ,
1397 1909 1541 1962 quos
1568 1892 1701 1944 item

135 1978 431 2050 appellant
472 1975 776 2044 semideOS,
833 1995 1079 2048 quorum
1105 1978 1430 2033 inferiorem
1457 1978 1698 2049 aliquem

136 2065 409 2118 ordinem
431 2064 797 2119 constituunt.
844 2066 986 2118 Rem
1008 2067 1086 2119 ita
1114 2084 1227 2120 esse
1251 2066 1428 2137 liquet
1448 2082 1518 2119 ex
1546 2063 1701 2119 Afri-

140 2170 293 2207 cano
323 2169 415 2223 ap.
441 2148 680 2222 syncell.
702 2169 760 2222 p.
788 2149 884 2223 54,
915 2153 957 2206 Β
976 2192 991 2218 ,
1026 2153 1124 2207 ubi
1159 2172 1172 2206 :
1201 2149 1333 2224 μετὰ
1366 2145 1554 2213 νέκυας
1586 2146 1700 2214 τοὺς

136 2233 391 2307 ἡμιθέους
433 2231 615 2312 πρώτη
644 2234 880 2311 βασιλεία
924 2240 1337 2314 καταριθμεῖται,
1358 2237 1514 2306 κτλ.;
1550 2248 1606 2293 et
1632 2256 1699 2292 ex

136 2324 634 2398 Excerp.Barbar.
655 2341 716 2396 p.
748 2331 817 2394 74
852 2341 865 2380 t
895 2325 1028 2380 Post
1043 2327 1167 2380 laoec
1193 2328 1520 2399 Ecyniorum
1543 2344 1700 2400 reges

141 2416 529 2486 interpretavit
552 2410 824 2466 Imitheos
868 2431 1063 2467 vocans
1101 2426 1156 2467 et
1198 2420 1376 2483 ipsos,
1410 2416 1451 2470 i.
1478 2432 1531 2468 e.
1568 2408 1699 2485 μετὰ

143 2502 318 2554 ταῦτα
377 2494 467 2560 τὰς
512 2493 703 2554 νεκύων
748 2497 1014 2573 βασιλείας
1071 2498 1359 2577 ἐξηγήσατο
1412 2498 1700 2577 (Μανεθῶ)

144 2583 393 2659 ἡμιθέους
417 2584 590 2640 καλῶν
618 2583 708 2641 καὶ
752 2584 953 2649 αὐτούς.
989 2589 1053 2644 V.
1078 2588 1310 2646 Boeckh.
1336 2609 1399 2662 p.
1438 2609 1564 2651 101.
1588 2595 1697 2648 Pro

139 2673 397 2727 Afficani
448 2671 633 2726 verbis
684 2675 951 2728 Eusebius
1014 2674 1244 2746 quidem
1298 2694 1389 2748 ap.
1455 2679 1694 2750 Syncell.

138 2778 208 2832 p.
246 2757 350 2824 55,
381 2757 548 2813 habet
592 2777 605 2811 :
636 2755 768 2831 μετὰ
806 2757 990 2823 νέκυας
1020 2758 1110 2816 καὶ
1137 2758 1252 2825 τοὺς
1277 2758 1544 2836 ἡμιθέους,
1578 2766 1693 2824 κτλ.

140 2847 355 2901 Verum
398 2845 443 2898 si
476 2844 678 2900 vocula
715 2842 805 2901 καὶ
837 2847 947 2901 hoc
990 2848 1118 2903 loco
1148 2861 1300 2905 reete
1335 2868 1393 2904 se
1427 2851 1694 2923 haberet,

141 2929 452 2985 dicendum
482 2941 600 2985 erat
630 2929 763 3004 μετὰ
804 2929 922 2995 τοὺς
945 2932 1133 2996 νέκυας
1160 2933 1250 2991 καὶ
1287 2956 1332 2990 τ.
1369 2938 1450 3005 ἡ.;
1493 2938 1699 2997 deinde

140 3016 381 3074 semidei
403 3027 528 3072 ante
555 3036 746 3073 manes
770 3021 909 3092 poni
938 3020 1240 3080 debebant.
1269 3024 1566 3097 perperam
1587 3029 1701 3101 igi-

141 3114 244 3157 tur
270 3104 599 3174 particulam
623 3101 713 3158 καὶ
739 3105 925 3160 verbis
951 3107 1198 3162 Africani
1221 3109 1454 3165 inseruit
1486 3114 1697 3172 Routh.

139 3191 332 3261 Reliq.
363 3192 514 3248 Sacr.
562 3202 698 3248 tom.
742 3191 837 3260 11,
871 3211 932 3266 p.
974 3193 1115 3263 13a‚
1156 3213 1322 3268 quem
1363 3210 1581 3255 secutus
1621 3214 1702 3258 est

139 3280 381 3334 Bunsen.
418 3278 877 3347 Urkundenbuclz,
914 3300 971 3354 p.
1003 3280 1057 3337 8.

226 3364 259 3437 §
280 3370 331 3428 4.
349 3366 515 3419 Mille
536 3365 842 3443 myriades]
865 3370 1173 3424 accuratius
1193 3373 1479 3429 Aucherus
1502 3395 1515 3430 :
1535 3382 1705 3437 simul

136 3469 335 3505 omnes
352 3457 490 3506 anni
516 3466 863 3508 recensentur
874 3460 1079 3527 myricas·
1091 3459 1255 3525 mille,
1282 3460 1319 3513 i.
1347 3477 1395 3517 e.
1418 3465 1620 3534 myrias
1647 3474 1702 3521 et

142 3538 301 3592 mille
320 3578 338 3607 ,
371 3558 586 3609 110003
617 3558 738 3613 quae
766 3561 975 3596 summa
1009 3554 1087 3598 est
1113 3545 1412 3602 rotundius
1445 3568 1699 3623 expressa

142 3642 429 3679 annorum
444 3666 459 3694 ,
482 3626 688 3697 quibus
706 3629 946 3683 semidei
968 3642 1023 3685 et
1039 3649 1228 3687 manes
1246 3649 1569 3706 regnarunt.
1595 3641 1700 3694 Ex·

140 3721 417 3783 putantur
434 3714 565 3767 anni
587 3731 609 3766 1
627 3732 646 3766 ι
659 3713 793 3770 025.
806 3746 880 3756 -——
896 3717 1199 3792 MMCCVIJ
1224 3719 1498 3777 Numerus
1513 3742 1700 3780 corru-

140 3805 280 3868 ptus
306 3807 412 3865 est,
436 3815 611 3869 quum
628 3800 786 3864 nullo
802 3813 1070 3874 computo
1090 3805 1210 3857 erui
1228 3807 1416 3876 possit.
1442 3810 1507 3864 V.
1532 3812 1697 3868 infra.

228 3881 261 3955 §
294 3881 347 3940 5.
372 3886 555 3939 Multo
556 3897 691 3958 post
709 3887 1007 3963 diluvium]
1029 3890 1307 3946 Bunsenio
1338 3895 1701 3953 scribendum

141 3968 374 4024 videtur
400 3990 414 4025 ε
437 3990 544 4026 non
564 3971 735 4029 multo
772 3993 834 4047 p.
863 3977 920 4029 d.
943 3978 1027 4031 De
1048 3980 1369 4051 corruptela
1396 3983 1700 4041 verborum

139 4056 269 4127 jam
302 4056 479 4128 Majus
506 4062 788 4133 cogitavit.

208 4142 264 4215 §
299 4142 356 4200 6.
385 4145 633 4200 Eandem
656 4148 798 4202 hanc
826 4151 1153 4205 sententiam
1179 4168 1246 4206 ex
1267 4154 1508 4210 Eusebio
1539 4159 1701 4214 affert

139 4231 439 4303 Syncellus
460 4251 523 4304 p.
556 4240 629 4298 4ο
649 4236 721 4289 D.

229 4315 266 4388 S
311 4336 360 4385 7.
384 4318 491 4370 Hoe
525 4320 868 4390 dynastioe...
911 4323 1267 4399 continuisse]
1289 4328 1534 4387 Aucher.
1566 4334 1698 4403 :dy-

140 4414 345 4457 nastas
371 4422 505 4460 vero
542 4411 623 4460 ita
646 4426 709 4461 sc
736 4409 993 4465 habuisse
1020 4415 1475 4483 quemadmodum
1507 4423 1564 4471 iu
1583 4425 1703 4492 ipsa

142 4488 372 4563 q'uidcm
401 4510 583 4547 eorum
615 4495 736 4567 lege
758 4502 1016 4570 scriptum
1039 4512 1179 4556 erat.
1229 4524 1254 4547 κ
1292 4503 1589 4559 Armenius
1615 4508 1703 4560 in-

146 4587 374 4647 terpres
399 4572 557 4648 νόμον
584 4580 761 4652 legem
801 4580 993 4656 [νόμον
1032 4603 1141 4656 pro
1177 4583 1364 4658 νομόν]
1397 4599 1454 4642 et
1496 4610 1700 4668 περιγε·

141 4659 379 4737 γράφθαι
402 4668 661 4736 scriptum
682 4683 793 4721 esse
821 4669 1110 4727 intellexit.
1148 4695 1170 4720 υ
1203 4674 1340 4729 Mu.

231 4748 413 4821 Igitur
433 4759 541 4803 tres
567 4750 721 4823 apud
754 4754 1150 4809 Manethonem
1176 4771 1536 4815 recensentur
1569 4763 1703 4817 clas⁶

141 4850 235 4888 ses
278 4831 656 4906 dynastiarum
684 4839 1076 4910 mythicamm.
1106 4843 1289 4898 Prima
1331 4856 1411 4900 est
1440 4847 1665 4902 deorum
1684 4891 1699 4917 ‚

143 4937 399 4991 quorum
427 4919 542 4975 duo
570 4934 722 4978 certe
749 4925 1124 5000 distinguendi
1161 4929 1416 5000 ordines,
1449 4934 1588 4988 alter
1618 4952 1704 4989 se·-

140 5016 307 5080 ptem
346 5005 584 5061 deormn
618 5010 895 5080 majorum
915 5053 930 5081 ,
964 5014 1241 5086 Hephaesti
1269 5013 1449 5091 (Ptah
1469 5016 1503 5093 ),
1559 5020 1703 5074 Helii

148 5093 168 5165 (
191 5091 338 5163 Ra),
383 5094 872 5169 Agatbodaemonis
926 5096 945 5173 (
966 5102 1129 5155 Num.
1181 5102 1417 5160 Chazene.
1466 5105 1703 5179 Cneplz),

144 5180 326 5235 Croni
368 5178 563 5255 (Seb),
612 5183 844 5238 Osiridis
888 5185 1097 5264 (Hs-iri)
1118 5229 1133 5256 ,
1168 5189 1454 5262 Typhonis
1483 5191 1668 5268 (Seth)
1685 5234 1702 5260 ,

3215 469 3326 517 527

1799 586 1939 639 Hori
1962 585 2133 662 (Hor)
2169 606 2184 643 :
2216 589 2358 641 alter
2379 588 2566 641 naecio
2592 599 2735 659 quot
2760 587 2996 644 deorum
3024 592 3328 664 minorum,

1797 688 2042 742 quorum
2071 685 2387 746 postremus
2416 691 2524 727 sec.
2556 674 2756 730 Euseb.
2788 675 2894 730 suit
2919 677 3085 748 Bydis
3109 679 3222 751 (vel
3248 683 3340 733 Bi-

1799 754 1932 831 tys).
1974 789 2052 799 —
2083 762 2147 813 ln
2175 760 2457 814 laterculis
2484 760 2863 832 dynastiarum
2882 803 2900 830 ‚
2926 781 3050 835 quae
3085 782 3153 818 ex
3181 778 3348 837 parte

1796 856 2094 914 supersunt
2113 847 2172 898 in
2193 846 2377 900 lacero
2395 864 2612 919 papyro
2635 849 2926 902 Turinensi
2950 848 3212 923 (Lepsius
3238 854 3343 908 Ur-

1798 928 2042 999 kunden,
2065 931 2178 988 tab.
2203 934 2462 987 III—Vl.
2483 933 2526 1008 ),
2553 932 2790 987 deorum
2815 934 3087 1005 majorum
3113 942 3344 996 nomina

1796 1015 2098 1071 etiamnum
2137 1019 2398 1092 leguntur
2434 1032 2702 1091 quattuor
2736 1033 3018 1094 postrema
3056 1022 3146 1098 (4.
3195 1027 3341 1096 Seb3

1800 1099 1852 1157 5.
1899 1104 2112 1171 Osirin
2160 1104 2216 1159 6.
2255 1106 2424 1177 Sellae,
2465 1125 2520 1174 7.
2568 1106 2798 1177 Horu-5).
2837 1110 3054 1165 Deinde
3097 1129 3347 1185 sequun-

1797 1198 1923 1243 tur:
1950 1189 2006 1248 8.
2042 1190 2199 1250 Toth.
2235 1203 2290 1247 et
2314 1211 2371 1265 9.
2397 1194 2555 1262 Ma.;
2580 1196 2864 1266 sequentia
2885 1196 3176 1253 obliterata
3199 1213 3343 1257 sunt.

1796 1275 1990 1330 Patere
2020 1288 2223 1345 tamen,
2241 1280 2546 1335 Bunsenius
2569 1299 2626 1353 p.
2654 1288 2767 1354 429
2794 1283 2900 1349 ait,
2929 1284 3060 1338 inde
3080 1286 3150 1340 ab
3167 1306 3342 1361 regno

1795 1359 2016 1415 decimo
2069 1367 2233 1417 tertio
2289 1384 2500 1419 novum
2545 1367 2800 1420 ordinem
2845 1370 3130 1442 incepisse.
3165 1375 3345 1447 Igitur

1792 1458 1920 1517 post
1933 1459 2144 1521 septem
2165 1450 2301 1505 deos
2315 1451 2553 1523 majores
2573 1454 2666 1508 alii
2684 1454 2759 1508 dii
2783 1456 3161 1526 sequebantur
3177 1464 3340 1531 quin·

1794 1550 1923 1604 que.
1968 1536 2137 1608 Apud
2180 1538 2573 1595 Manethonem
2615 1540 2898 1599 Panodori
2942 1542 3042 1615 (fr.
3092 1545 3163 1618 2)
3215 1558 3345 1618 post

1791 1620 2011 1676 Horum
2038 1625 2208 1695 primi
2244 1635 2554 1696 sequuntur
2583 1629 2725 1680 Ares
2755 1638 2811 1682 et
2837 1630 3051 1683 Anubis
3090 1642 3144 1685 et
3182 1633 3340 1688 dein-

1794 1724 1921 1779 ceps
1943 1709 2036 1763 alii
2063 1728 2188 1777 sex,
2218 1713 2316 1783 qui
2338 1712 2416 1766 ibi
2442 1722 2725 1785 tamquam
2764 1714 2994 1770 semidei
3041 1734 3332 1773 recensen-

1794 1801 1904 1848 tur.
1935 1796 2085 1849 Nihil
2115 1797 2247 1852 inde
2270 1799 2408 1854 lucis
2446 1792 2583 1855 vero
2614 1802 2936 1855 Manethoni
2972 1802 3186 1857 affundi
3218 1823 3341 1858 cen·

1792 1891 1880 1935 cet
1924 1883 2259 1957 BunseniuS,
2306 1888 2344 1940 l.
2400 1889 2440 1944 l.
2473 1889 2734 1944 Ceterum
2772 1887 2842 1942 de
2885 1889 3061 1947 tribus
3102 1890 3340 1947 deorum

1790 1970 2019 2042 AEgypt.
2049 1972 2360 2042 ordinibus,
2388 1993 2531 2047 quos
2559 1975 2885 2030 Herodotus
2903 1976 3137 2048 indicat,
3156 1978 3343 2052 deque

1790 2058 2010 2112 ratione
2032 2077 2141 2131 qua
2170 2077 2238 2114 ex
2266 2064 2626 2117 monimentis
2649 2063 3024 2117 constituendi
3053 2066 3192 2133 sint,
3224 2067 3343 2122 fuse

1792 2141 2038 2215 disputat
2056 2146 2204 2200 idem
2232 2149 2538 2204 Bunsenius
2560 2151 2619 2217 1,
2651 2168 2713 2222 p.
2749 2155 2862 2223 429
2881 2167 3006 2221 sqq.

1868 2232 2019 2286 Deos
2043 2234 2329 2306 excipiunt
2350 2235 2725 2291 Semideorum
2759 2236 3022 2308 dynastiae
3059 2249 3340 2308 quattuor.

1790 2316 2034 2372 Tertiam
2060 2337 2251 2374 earum
2279 2332 2334 2375 et
2361 2334 2614 2394 quartam
2640 2323 2951 2377 exhibuisse
2977 2323 3230 2380 videmus
3255 2345 3341 2383 se-

1788 2403 2006 2458 mideos
2027 2416 2307 2460 certarum
2329 2409 2773 2479 provinciarum.
2817 2407 2977 2465 Idem
3005 2407 3078 2462 de
3099 2412 3342 2466 secunda

1790 2491 2042 2546 valuerit.
2071 2493 2254 2547 Prima
2283 2493 2514 2548 fortasse
2540 2512 2636 2549 eos
2661 2495 3014 2567 continebat,
3037 2499 3134 2567 qui
3164 2517 3192 2551 a
3223 2518 3340 2554 ma·

1779 2576 1896 2649 jori
1940 2579 2338 2652 AEgyptiorum
2365 2591 2525 2653 parte
2552 2582 3013 2654 agnoscebantur.
3052 2585 3148 2639 Sin
3174 2585 3341 2640 hosce

1788 2664 2062 2719 semideos
2087 2667 2428 2739 appellamus
2450 2666 2663 2721 Herolzs
2679 2706 2696 2733 ,
2727 2667 3037 2723 cavendum
3064 2680 3142 2724 est
3169 2689 3242 2726 ne
3269 2672 3342 2727 de

1791 2749 2028 2804 deorum
2054 2760 2110 2804 et
2133 2753 2458 2808 mortalium
2478 2752 2668 2807 liberis
2691 2754 3014 2827 cogitemus.
3099 2744 3168 2810 Id
3193 2760 3339 2811 enim

1789 2837 1860 2891 ab
1891 2835 2273 2911 AEgyptiorum
2290 2840 2636 2914 mythologia
2654 2841 2897 2895 alienum
2921 2860 3035 2897 esse
3060 2862 3128 2898 ex
3153 2845 3338 2900 Hero-

1791 2922 1929 2978 doto
1959 2936 2189 2980 constat.

1871 3012 2076 3066 Manes
2099 3007 2344 3089 (νεκῦαι)
2382 3013 2573 3084 quales
2596 3012 2825 3081 fuerint,
2853 3032 3125 3087 nusquam
3164 3018 3344 3074 tradi-

1791 3108 1898 3155 tur.
1921 3100 2201 3155 Bunsenio
2225 3099 2464 3155 indicari
2487 3099 2751 3155 videntur
2769 3102 3028 3173 stirpium
3055 3115 3309 3160 auctores
3323 3147 3342 3174 ,

1791 3187 1889 3258 qui
1925 3188 1986 3242 in
2022 3189 2252 3262 singulis
2283 3188 2598 3243 civitatibus
2637 3189 2842 3243 eximio
2869 3206 2933 3244 ac
2971 3200 3184 3246 tantum
3226 3213 3342 3248 non

1791 3271 1987 3327 divino
2011 3275 2166 3328 cultu
2185 3274 2452 3328 honorati
2472 3273 2679 3329 fixerint
2706 3272 2797 3348 (*).

1870 3360 2141 3415 Ordinem
2167 3360 2574 3432 dynastian-um,
2606 3379 2771 3433 quem
2805 3360 3073 3419 Eusebius
3097 3366 3342 3438 praebet,

1789 3447 2097 3504 Bunsenius
2121 3449 2148 3504 1
2166 3488 2183 3515 ‚
2210 3466 2273 3521 p.
2313 3446 2418 3502 105
2448 3449 2654 3502 mutari
2681 3449 2818 3506 vult.
2850 3447 2984 3505 Post
3011 3450 3147 3506 deos
3179 3455 3344 3525 ponit

1790 3532 2166 3587 semideorum
2203 3532 2513 3606 dynastiam
2549 3550 2823 3587 annorum
2865 3533 3032 3592 1255.
3072 3539 3347 3611 Deinceps

1794 3621 2011 3673 tertiam
2045 3621 2211 3693 ponit
2239 3638 2392 3687 eam,
2425 3638 2593 3693 quam
2629 3621 2898 3677 Eusebius
2943 3625 3195 3679 omnium
3231 3644 3343 3698 po·-

1790 3717 2051 3761 stt-emam
2094 3707 2227 3762 facit
2246 3747 2263 3779 ‚
2296 3708 2559 3761 Manium
2599 3726 2670 3761 m·
2696 3708 2929 3763 Heroum
2939 3729 2962 3775 ;
2994 3728 3117 3783 quae
3157 3713 3347 3785 itaque

1791 3794 1950 3846 mixti
1978 3794 2200 3866 generis
2226 3793 2415 3848 fixisset
2453 3795 2745 3849 transitum
2782 3794 3027 3852 efficiens
3064 3816 3096 3852 a
3132 3798 3240 3853 diis
3272 3799 3344 3855 ad

1792 3895 1949 3950 reges
1988 3879 2270 3938 mortales.
2359 3882 2456 3934 His
2493 3880 2698 3936 deinde
2743 3882 3030 3957 subjungit
3067 3885 3342 3958 reliquas,

1794 3965 2005 4037 quippe
2028 3982 2150 4037 quae
2182 3978 2507 4021 recenseant
2527 3985 2687 4040 reges
2711 3970 2976 4023 mortales
3008 3971 3235 4043 singulis
3266 3974 3344 4026 ci·

1791 4051 2053 4106 vitatibus
2075 4053 2437 4126 imperantes,
2469 4065 2764 4126 antequam
2786 4056 3132 4127 superiorem
3181 4056 3345 4131 AEgy-

1792 4147 1953 4209 ptum
1978 4157 2107 4193 cum
2127 4139 2394 4194 inferiore
2415 4141 2604 4194 Mones
2625 4141 2687 4193 in
2707 4159 2875 4194 unam
2901 4141 3344 4199 dominationem

1855 4308 1918 4368 (*)
1940 4310 2145 4361 Bunsen.
2171 4311 2211 4369 l,
2230 4323 2280 4372 p.
2311 4313 2398 4359 104
2420 4330 2431 4358 ε
2460 4328 2483 4352 «
2517 4309 2602 4359 Die
2626 4312 2795 4358 Manen
2813 4309 3034 4360 sebeinen
3052 4313 3213 4362 solche
3230 4317 3344 4363 1<oe-

1793 4378 1898 4437 nige
1930 4377 2015 4426 der
2042 4380 2198 4428 Urzeit
2221 4380 2278 4428 iu
2307 4380 2620 4440 bezeichnen,
2651 4380 2728 4429 dle
2764 4393 2895 4429 zwar
2930 4383 2999 4431 als
3029 4382 3156 4431 relne
3180 4385 3344 4433 sterb-

1792 4447 1914 4495 liche
1953 4448 2135 4507 galten,
2171 4449 2286 4497 aber
2323 4449 2446 4498 doch
2497 4451 2567 4499 als
2603 4453 2937 4507 Stammvaeter
2972 4452 3059 4500 der
3101 4453 3345 4502 einzelnen

1796 4516 2140 4566 Landschasseu
2154 4553 2167 4575 ,
2190 4518 2283 4567 wie
2305 4517 2383 4567 die
2409 4523 2596 4568 Prittis
2613 4519 2699 4568 der
2721 4519 2877 4578 luder,
2901 4520 3030 4569 einer
3056 4520 3344 4571 besonderen

1793 4586 2073 4646 Vei-ebruna
2093 4600 2336 4647 genossen.
2363 4588 2440 4638 Sie
2463 4588 2655 4637 werden
2674 4588 2722 4637 ln
2744 4588 2836 4637 den
2860 4591 2990 4638 alten
3012 4590 3344 4642 Veneichnis·

1792 4667 1874 4703 sen
1896 4657 2239 4718 vorzugsweise
2263 4659 2349 4704 mit
2375 4657 2485 4707 dem
2505 4658 2779 4706 Ausdrucke
2802 4663 2955 4707 mam
2973 4694 2987 4717 ‚
3012 4659 3088 4707 die
3112 4662 3335 4709 Gerecht·

1794 4724 2012 4785 fertigten
2031 4761 2045 4785 ,
2062 4725 2375 4775 vollendeten
2388 4761 2402 4787 ,
2421 4727 2699 4777 bezeichnet
2720 4728 2917 4777 worden
2934 4731 3051 4777 sein.
3083 4732 3144 4777 So
3163 4730 3344 4779 brisson

1794 4794 2015 4842 naemlich
2040 4794 2134 4843 alle
2156 4796 2540 4856 Verstorbenen3
2581 4797 2696 4846 aber
2721 4798 2846 4845 auch
2872 4810 2964 4849 von
2997 4797 3088 4846 den
3119 4800 3344 4859 Koenigen

1792 4862 1877 4912 der
1902 4864 2301 4924 geschichtlichen
2325 4868 2428 4915 Zeit
2468 4867 2624 4915 haben
2662 4866 2814 4927 einige
2846 4869 3188 4928 vorzugsweisa
3218 4868 3347 4916 diese

1794 4933 2141 4994 Bezeichnung.
2191 4935 2287 4983 Aut*
2314 4935 2548 4984 oebnliclne
2576 4935 2734 4985 Weise
2760 4949 2869 4997 mag
2896 4949 2948 4985 es
2973 4937 3071 4984 sich
3094 4939 3181 4989 mit
3203 4936 3343 4997 jeuen

1793 5003 1965 5049 Manen
1992 5002 2254 5051 vei-baltea.
2290 5004 2399 5053 Wir
2425 5003 2583 5053 baben
2613 5004 2664 5053 in
2695 5005 2841 5054 ibuen
2869 5004 3117 5066 iedenlhlls
3133 5002 3210 5053 dle
3229 5009 3343 5054 1(oe-

1793 5070 1900 5131 nige
1930 5069 2016 5118 der
2038 5072 2254 5120 oeltesten
2271 5074 2674 5134 geschichtlichen
2698 5078 2816 5136 sege
2841 5088 2901 5123 zu
2924 5074 3160 5123 erkeunen
3175 5111 3188 5134 ,
3213 5076 3345 5124 nicht

1793 5140 1929 5188 mehr
1938 5154 2025 5188 zur
2042 5143 2493 5205 omnen-geschichte
2504 5143 2708 5193 sondern
2723 5157 2810 5191 zur
2824 5145 3346 5206 Menscbengeschietite

1792 5209 2002 5275 gehoerig
2025 5230 2037 5259 ι
2070 5210 2148 5260 die
2173 5213 2367 5275 Koeuige
2396 5213 2481 5263 der
2504 5214 2681 5264 Uneit.
2707 5234 2731 5257 υ
