3900 6042
510 495 621 547 ⁸8⁴

591 619 715 671 Jam
751 611 911 688 quod
942 610 1183 666 rationes
1217 607 1413 683 {attinet
1443 604 1646 677 quibus
1680 601 1870 671 Felix,
1910 599 2060 655 Wil-

516 707 747 770 timon,
776 698 1169 771 champollion
1189 705 1245 749 et
1266 692 1534 748 Rosellini
1557 700 1918 744 monumenta
1939 704 2067 741 cum

515 789 794 846 laterculis
864 780 1309 840 Manethonianis
1364 777 1665 832 conciliare
1724 772 2067 839 studuerint,

517 880 787 933 lectorem
819 873 1125 945 relegamus
1159 866 1232 922 ad
1274 884 1416 939 opus
1445 863 1853 919 Bunsenianum
1896 858 2066 933 (coll.

517 962 787 1021 Boeckhio
808 979 868 1033 p.
895 959 1009 1031 269
1027 954 1204 1030 sqq.).
1224 954 1350 1026 Ipse
1368 950 1674 1006 Bunsenius
1695 946 1782 1021 (p.
1814 953 1884 1017 74
1911 950 2069 1018 sqq.)

521 1049 809 1125 quomodo
831 1046 1191 1120 quaestionem
1219 1042 1364 1095 hanc
1386 1036 1770 1093 difficillimam
1805 1032 2075 1089 dilucida-

520 1139 666 1194 verit
681 1179 699 1208 ,
723 1136 915 1208 paucis
945 1147 1245 1204 exponam.

600 1227 669 1279 In
705 1221 893 1276 tabula
931 1217 1204 1291 Abydena
1244 1230 1446 1269 novem
1481 1220 1611 1265 sunt
1645 1226 1804 1282 reges
1837 1206 1968 1261 inde
2005 1205 2076 1260 ab

526 1309 752 1367 Aahme
779 1324 956 1379 usque
986 1304 1059 1360 ad
1092 1304 1232 1367 Her-5
1265 1297 1501 1354 totidem
1528 1296 1793 1351 Manetho
1830 1302 2079 1348 recenset

527 1400 599 1454 ab
619 1400 810 1452 Amose'
826 1411 1003 1466 usque
1032 1390 1108 1446 ad
1136 1390 1357 1444 Horum.
1390 1385 1666 1441 Videntur
1698 1383 1869 1456 igitur
1897 1382 1941 1435 si
1965 1397 2083 1433 non

490 1532 497 1537 .
527 1484 786 1551 nomina,
820 1488 970 1536 certe
1005 1477 1137 1530 a'nni
1170 1490 1369 1547 regum
1402 1488 1610 1524 novem
1633 1468 1890 1542 priorum
1930 1464 2084 1538 apud

530 1569 927 1625 Manethonem
955 1562 1292 1619 conservari.
1345 1590 1424 1601 —
1460 1557 1701 1612 Nomina
1741 1572 1864 1626 quae
1894 1561 2086 1626 aperte

533 1655 731 1713 eadem
750 1656 861 1711 sint
877 1651 1029 1727 apud
1060 1648 1457 1705 Manethonem
1475 1654 1672 1718 sponte
1702 1659 1820 1697 sese
1842 1640 2091 1696 offerunt

532 1752 837 1816 quattuor:

704 1874 758 1912 ι.
802 1857 976 1910 Amos
1168 1873 1247 1898 =
1274 1847 1509 1903 Aahmes

706 1961 760 2012 7.
805 1938 1127 1994 Tuthmosis
1166 1959 1248 1984 =
1272 1934 1536 1988 Tuthmes
1556 1932 1652 1987 1v.

700 2028 756 2085 8.
799 2025 1145 2097 Amenophis
1166 2042 1242 2076 =
1266 2025 1577 2091 Amenatep
1591 2019 1697 2075 111.

701 2135 760 2188 9.
807 2117 997 2169 florus
1171 2133 1252 2158 =
1276 2110 1409 2164 Her.

624 2239 1072 2294 Consentaneum
1114 2231 1284 2304 igitur
1318 2244 1585 2282 numeros
1631 2242 1909 2280 annorum
1928 2263 1944 2290 ‚
1999 2221 2097 2294 qui

549 2324 702 2400 apud
721 2321 1118 2381 Manethonem
1137 2317 1462 2372 tribuuntur
1476 2313 1700 2386 regibus
1719 2329 1775 2380 α,
1800 2309 1856 2378 3,
1881 2315 1934 2380 4,
1956 2306 2012 2377 5,
2037 2307 2096 2376 6,

555 2413 830 2486 pertinere
867 2407 939 2463 ad
980 2406 1209 2461 nomina
1250 2402 1726 2457 monimentorum
1740 2439 1758 2468 ‚
1795 2414 1921 2470 quae
1954 2396 2101 2450 inter

548 2502 797 2573 primum
825 2507 883 2551 et
918 2496 1215 2567 septimum
1249 2499 1380 2545 sunt
1412 2485 1615 2542 media.
1650 2486 1848 2558 Itaque
1875 2499 2103 2554 respon-

553 2585 752 2641 derent
776 2583 880 2638 sibi
903 2581 1019 2636 haec
1042 2596 1058 2637 ε

636 2725 669 2762 2
680 2748 692 2761 .
737 2705 1001 2762 Chebron

638 2794 669 2849 3
680 2834 692 2848 .
738 2791 1084 2863 Amenophis

1236 2718 1327 2754 an.
1377 2696 1443 2752 13
1486 2721 1564 2746 =
1607 2698 1916 2766 Amenatep
1936 2694 1985 2750 1.

1381 2804 1449 2839 αι
1496 2810 1577 2833 ==
1616 2783 1880 2838 Tnthmes
1898 2782 1946 2838 1.

1700 2939 2018 3059 maffia:
2036 2993 2073 3054 >.

1257 3291 1528 3336 Asu-Arar.
1714 3288 1975 3332 Auens-rer
2001 3272 2082 3343 (l),

1368 3353 1409 3396 Δ
1686 3347 1703 3406 (
1721 3357 1804 3395 rex
1830 3343 2068 3393 secundus
2085 3344 2122 3406 ).

811 3293 1073 3342 Sar-usn..

1639 470 1800 530 MAN
1809 466 2138 529 ETflole
2179 464 2650 526 SEBENNYTAE

2233 604 2288 662 4.
2332 588 2923 672 Amesses(Amenses)
2951 608 3042 647 an.
3068 609 3141 645 πα
3191 609 3267 641 =
3308 588 3668 643 Tnthmesll.

2235 684 2292 742 5.
2336 684 2595 756 Mephres
3073 677 3142 732 13
3185 700 3268 725 =
3304 675 3686 730 Tnffimm.

2236 772 2292 825 6.
2337 768 2837 843 Mephramuthosis
3064 764 3140 819 26
3183 788 3266 812 =
3305 766 3620 834 Amenatep
3639 763 3710 819 Il.

2239 887 2459 940 Nomen
2478 883 2731 940 Chebmn
2750 883 2864 936 sive
2883 879 3128 936 Chebms
3148 896 3184 933 a
3199 878 3586 931 monumentis
3601 877 3718 929 alie·

2159 993 2299 1028 num
2337 983 2440 1029 est.
2479 970 2855 1026 Probabiliter
2893 977 3231 1039 corruptum
3271 976 3356 1019 est
3385 983 3459 1019 ex
3496 965 3720 1016 nomine

2163 1061 2454 1133 dynastico
2485 1059 2629 1132 regis
2655 1056 2887 1113 Amosis.
2921 1054 3253 1128 AEgyptiace
3277 1051 3456 1107 fuerit
3475 1052 3720 1104 neb-rus-

2163 1151 2280 1213 Ra3
2305 1146 2466 1201 unde
2485 1145 2664 1202 Graeci
2688 1143 2944 1197 fecerunt
2966 1140 3312 1205 Clineb-ms,
3340 1137 3507 1210 quod
3526 1136 3726 1191 deinde

2165 1235 2304 1290 abiit
2332 1236 2389 1287 in
2432 1232 2690 1288 ChebroS.
2720 1232 2789 1284 In
2819 1230 3010 1282 tabula
3043 1225 3328 1299 Abydena
3355 1225 3590 1279 initium
3623 1242 3725 1278 no-

2165 1324 2332 1376 minis
2350 1321 2511 1375 fuisse
2532 1319 2732 1374 scimus
2749 1317 3035 1372 lta-neb...
3051 1315 3328 1370 Ultimum
3349 1313 3580 1385 signum
3601 1311 3730 1382 quid

2168 1419 2358 1476 sonet,
2385 1405 2640 1461 nondum
2665 1405 2858 1477 liquet.
2883 1401 3120 1458 Videtur
3137 1411 3332 1457 tamen
3351 1400 3725 1472 pronuntian-

2172 1495 2310 1550 dum
2345 1511 2459 1549 esse
2478 1511 2586 1548 rus.
2607 1493 2748 1547 Utut
2770 1501 2878 1558 oet,
2909 1488 3163 1544 Chebros
3190 1489 3310 1541 sive
3340 1486 3621 1543 chebron
3651 1486 3734 1540 ille

2173 1600 2204 1636 e
2221 1583 2361 1637 serie
2397 1598 2594 1654 regum
2616 1576 2919 1649 ejiciendus
2940 1587 3038 1632 est.
3059 1577 3130 1629 In
3157 1575 3354 1628 locum
3392 1572 3522 1643 ejus
3557 1591 3732 1627 suece—

2175 1669 2274 1723 dat
2331 1665 2701 1739 Amenophe's,
2760 1665 2852 1717 cui
2907 1663 2966 1716 in
3016 1648 3405 1715 monumentis
3443 1657 3734 1730 respmdet

2179 1759 2483 1827 Amenatep
2501 1755 2545 1810 I.
2569 1754 2691 1807 Jam
2725 1751 2900 1824 igitur
2914 1748 3270 1803 Manethonis
3293 1763 3466 1820 regoe
3489 1754 3731 1816 quartus,

2179 1844 2404 1916 quintus
2422 1852 2479 1895 et
2501 1849 2686 1894 sextus
2705 1836 2723 1910 (
2741 1840 2989 1892 Amesses
3007 1835 3121 1890 sive
3139 1838 3440 1899 menses,
3463 1832 3728 1905 Mephra,

2178 1922 2678 2002 Mephramuthosis
2731 1925 2848 1980 sive
2898 1915 3466 2005 Mispliramuthosis)
3516 1937 3733 1991 compo-

2180 2013 2353 2069 nendi
2385 2022 2513 2069 sunt
2547 2029 2677 2065 cum
2710 2019 3208 2065 monumentorum
3259 2004 3510 2081 regibus
3549 2007 3704 2059 tertio
3717 2046 3732 2069 ‚

2183 2110 2384 2173 quarto
2405 2109 2463 2154 et
2481 2099 2679 2171 quinto
2695 2139 2712 2167 ‚
2731 2098 2844 2152 sive
2872 2116 3004 2151 cum
3035 2095 3334 2150 Tuthmosi
3371 2094 3397 2147 1
3415 2133 3437 2161 ‚
3469 2093 3534 2146 11
3561 2103 3618 2146 et
3639 2092 3732 2146 111.

2182 2190 2302 2244 Rex
2321 2197 2505 2242 sextus
2524 2194 3048 2252 monumentorum,
3071 2186 3412 2253 Amenatep.
3437 2197 3490 2233 s.
3517 2182 3738 2233 Amem-

2183 2276 2306 2353 phis
2353 2275 2410 2329 11
2429 2315 2446 2343 ‚
2484 2272 2640 2346 apud
2689 2271 3084 2327 Manethonem
3119 2267 3334 2324 excidit
3349 2308 3367 2335 ‚
3408 2278 3734 2340 propterea,

2182 2362 2388 2437 procul
2414 2359 2623 2428 dubio,
2651 2357 2805 2431 quod
2837 2357 3090 2413 Cliebron
3123 2357 3221 2410 ille
3246 2364 3466 2428 praeter
3498 2353 3738 2407 ordinem

2187 2459 2324 2505 esset
2343 2449 2604 2502 intrusus.
2647 2447 2932 2514 Ceterum,
2968 2454 3033 2499 nt
3069 2442 3422 2515 intelligatur
3461 2440 3736 2513 quomodo

2188 2534 2577 2591 antecedentes
2609 2550 2768 2607 reges
2792 2542 2906 2587 tres
2932 2549 3062 2586 cum
3091 2528 3421 2583 nominibus
3454 2528 3735 2585 Manetho-

2189 2624 2369 2678 nianis
2402 2621 2694 2677 conciliari
2727 2620 2970 2693 possint,
3009 2628 3243 2672 stemma
3280 2633 3492 2689 regum
3516 2616 3736 2689 apponi·

2190 2728 2339 2780 mus,
2362 2707 2527 2782 quale
2549 2724 2619 2762 ex
2639 2705 3016 2761 monumentis
3041 2701 3202 2759 dedit
3217 2701 3454 2775 Lepsius
3485 2721 3501 2756 ε

2555 2924 2776 3037 Nefzuari

3161 3277 3440 3323 'turonens
3472 3275 3514 3331 t,

3136 3337 3260 3397 (rex
3286 3334 3512 3393 tertius).

2551 3281 2755 3328 Amnes

2356 3341 2453 3391 mia
2476 3340 2629 3400 (regis
2652 3339 2759 3387 vice
2782 3336 2946 3385 functa

1380 3407 1904 3571 Lm]
2423 3398 2885 3561 „ww
3300 3588 3343 3734 A

1850 3613 1915 3630 ²
2027 3592 2069 3742 ἕ
2413 3465 2884 3739 *TV
2909 3571 3276 3604 ““·““““
3421 3579 3554 3611 ⁸

1872 3760 2140 3805 ‘rumosas
2169 3758 2232 3815 11,

1866 3818 1983 3879 (rex
2006 3817 2253 3893 quartus).

3140 3751 3411 3797 Tui-niuosis
3445 3748 3535 3804 nt,

3139 3810 3258 3871 (rex
3282 3808 3486 3870 quintus
3501 3808 3536 3866 ).

3310 3865 3354 4336 1

2538 3756 2826 3802 ΗΑτ-τυοτυ.

2507 3815 2857 3891 Ohuumt·nmn

2400 3915 2406 3923 ’
2452 3927 2575 3989 regis
2599 3928 2707 3999 yiee
2730 3926 2929 3996 fungens

2374 4002 2463 4051 pro
2487 3988 3027 4101 ‘'atfflffigfrssmmm

2505 4111 2883 4161 Chnumt·amen

2492 4172 2509 4232 (
2527 4171 2833 4233 Ma·ke·phra
2847 4172 2869 4218 Ρ
2884 4171 2901 4230 )

2443 4234 2461 4293 ζ
2476 4231 2906 4297 Mephra-Misphra
2918 4234 2940 4280 P

3139 4353 3419 4400 Animorum
3447 4349 3494 4397 n
3509 4383 3525 4407 ,

3155 4418 3276 4471 (rex
3295 4410 3509 4469 sextus).

3143 4464 3414 4662 Τυτειιὲιῤ
3441 4593 3524 4648 W.

3127 4655 3241 4715 (rex
3266 4653 3544 4825 serim-s).

3135 4841 3412 4886 Amorum
3443 4837 3510 4883 ΙΙΙ
3522 4870 3538 4892 ,

3147 4901 3258 4958 (nex
3287 4899 3488 4945 ocum
3497 4896 3534 4955 ).

3321 4949 3366 5068 l»

3245 5082 3438 5139 Honos,

3184 5142 3296 5201 (rex
3326 5138 3503 5198 nonus)

3123 5205 3348 5251 moritur
3373 5200 3549 5249 libam

3123 5276 3223 5313 non
3251 5263 3549 5325 relinquens.
