3900 6042
564 480 674 532 106

554 589 714 670 εἶναι,
743 594 832 654 καὶ
855 592 1006 651 ὁσίων
1037 590 1128 649 καὶ
1154 591 1303 669 ἱερῶν
1346 587 1597 667 ἐξηγητὰς
1621 594 1726 653 τοῖς
1755 585 1929 652 ἄλλοις
1954 585 2105 642 πολί-

557 705 670 747 ταις
690 726 707 759 ,
754 680 932 759 ὥσπερ
960 680 1032 744 εἷς
1057 676 1168 736 ἴσον
1225 673 1548 750 κατέστησε,
1582 673 1702 751 δόξῃ
1736 673 1829 750 μὲν
1860 676 2108 750 εὔπατρι-

554 769 680 844 δῶν,
707 767 861 846 χρείᾳ
894 765 949 823 δὲ
981 763 1286 843 γεωμόρων,
1316 760 1501 832 πλήθει
1535 760 1589 819 δὲ
1639 764 1741 818 τῶν
1783 761 2107 839 δημιουργῶν

554 855 826 933 ὑπερέχειν
856 851 1162 912 δοκούντων.
1243 848 1371 909 Ὅτι
1399 848 1452 907 δὲ
1482 851 1683 928 πρῶτος
1711 847 1956 906 ἀπέκλινε
1983 846 2109 926 πρὸς

552 942 641 1001 τὸν
664 942 840 1021 ὄχλον,
873 944 942 1005 ὡς
964 936 1318 1018 Ἀριστοτέλης
1344 935 1501 1014 φησὶ,
1525 935 1616 993 καὶ
1635 937 1803 1016 ἀφῆκε
1825 933 1885 991 τὸ
1909 956 2108 1013 μοναρ-

555 1030 693 1107 χεῖν,
725 1027 857 1086 ἔοικε
895 1032 1173 1104 μαρτυρεῖν
1208 1023 1297 1080 καὶ
1318 1022 1561 1101 εΌμηρος
1589 1024 1641 1079 ἐν
1676 1025 1803 1080 νεῶν
1828 1020 2107 1100 καταλόγῳ

557 1114 741 1192 μόνους
759 1113 1053 1184 Ἀθηναίους
1077 1113 1242 1187 δῆμον
1263 1109 1707 1190 προσαγορεύσας.

633 1208 701 1262 V.
759 1201 1130 1275 Hermann.§
1178 1219 1250 1274 97
1277 1221 1294 1269 ;
1324 1200 1679 1256 Schoemann.
1717 1198 1758 1252 l.
1808 1198 1848 1252 l.
1895 1215 1958 1271 p.
1999 1195 2102 1262 164

552 1309 635 1364 sq.
654 1333 669 1360 ‚
716 1303 774 1346 et
827 1293 915 1345 De
969 1288 1210 1343 comitiis
1256 1288 1378 1345 init.
1410 1288 1494 1343 cf.
1549 1284 1873 1341 Heraclides
1925 1287 2092 1340 Pont.

552 1378 624 1432 sr.
664 1397 715 1447 1,
749 1398 801 1432 1.

632 1468 716 1520 De
747 1479 853 1519 avo
881 1463 1076 1518 Thesei
1114 1461 1337 1518 Pittheo
1371 1478 1427 1514 v.
1455 1459 1528 1517 fr.
1558 1459 1655 1533 96.
1687 1459 1922 1514 Photius
1962 1462 2101 1514 Lex.

550 1571 608 1627 p.
638 1571 767 1627 192,
794 1551 860 1606 13
886 1570 942 1605 v.
973 1546 1298 1606 Κυσολάκων
1322 1567 1335 1604 t
1365 1544 1609 1624 Μελαίνῃ
1633 1541 1852 1621 (Ἑλένῃ
1879 1563 2101 1601 correx.

550 1640 853 1695 Ruhnken.
887 1640 947 1693 in
966 1641 1128 1692 Auct.
1164 1636 1244 1691 ad
1273 1634 1513 1707 Hesych.
1541 1630 1557 1708 )
1589 1629 1690 1708 γὰρ
1719 1629 1928 1700 Θησεὺς
1945 1629 2107 1696 οὕτως

553 1727 569 1802 (
587 1747 661 1783 se.
696 1739 962 1799 tanquam
990 1722 1278 1798 παιδικοῖς)
1313 1717 1576 1799 ἐχρήσατο
1593 1763 1607 1788 ,
1632 1722 1699 1784 ὡς
1725 1716 2100 1795 Ἀριστοτέλης.

550 1819 757 1871 Verum
791 1813 871 1868 ibi
896 1825 965 1868 ex
988 1811 1267 1884 Hesychio
1294 1829 1351 1863 v,
1382 1804 1704 1866 Κυσολάκων
1734 1827 1844 1880 pro
1875 1805 2107 1884 Ἀριστο-

548 1898 700 1970 τέλης
727 1882 1122 1974 r'eponendum
1153 1894 1512 1975 Ἀρίσταρχος,
1539 1907 1804 1950 monente
1827 1897 2106 1952 Ruhnke-

552 1989 650 2042 nio
672 1989 712 2041 l.
742 1988 778 2041 l.
798 2011 876 2027 -—·-
900 1985 1071 2040 Codri
1097 1984 1422 2039 Aristoteles
1433 1982 1610 2037 verbo
1633 1983 1961 2036 meminitin
1976 1984 2099 2037 Pol.

550 2075 621 2142 V,
646 2073 712 2142 8,
741 2080 799 2148 4,
822 2072 921 2126 ubi
941 2072 1019 2126 ait
1045 2090 1057 2124 :
1083 2070 1171 2125 Ad
1194 2072 1402 2144 regiam
1427 2069 1754 2142 dignitatem
1774 2070 1949 2123 evecti
1978 2080 2104 2124 sunt

551 2161 601 2217 οἱ
652 2157 747 2234 μὲν
786 2155 922 2216 κατὰ
969 2145 1197 2234 πόλεμόν
1246 2152 1572 2220 κωλύσαντες
1613 2150 1887 2228 δουλεύειν,
1928 2152 2104 2235 ὥσπερ

552 2243 768 2328 Κόδρος.

1298 2370 1352 2426 3.

620 2535 890 2595 Schol.in
909 2538 1129 2593 Platon.
1158 2535 1397 2592 Axioch.
1422 2552 1481 2607 p.
1510 2531 1621 2598 465
1652 2533 1809 2588 Bekk
1832 2552 1845 2585 ε
1869 2529 2103 2611 Ἀριστο-

548 2625 701 2696 τέλης
727 2621 887 2702 φησὶ,
930 2627 1021 2680 τοῦ
1057 2621 1182 2680 ὅλου
1213 2619 1441 2691 πλήθους
1476 2618 1785 2699 διῃρημένου
1817 2617 2103 2690 Ἀθήνησιν

549 2711 621 2777 εἴς
647 2734 706 2769 τε
728 2708 843 2776 τοὺς
869 2708 1124 2788 γεωργοὺς
1163 2708 1253 2767 καὶ
1274 2707 1391 2774 τοὺς
1418 2705 1755 2786 δημιουργοὺς
1773 2750 1789 2777 ,
1817 2707 1981 2785 φυλὰς
2007 2709 2102 2765 αὗ-

552 2802 653 2855 τῶν
677 2788 808 2854 εἶναι
823 2797 1101 2876 τέσσαρας,
1124 2798 1229 2853 τῶν
1254 2792 1307 2851 δὲ
1327 2794 1500 2873 φυλῶν
1523 2793 1747 2862 ἑκάστης
1768 2792 1953 2870 μοίρας
1972 2783 2104 2852 εἶναι

549 2892 718 2962 τρεῖς,
771 2881 830 2949 ἃς
874 2881 1113 2961 τριττύας
1165 2904 1220 2939 τε
1263 2882 1480 2938 καλοῦσι
1526 2878 1619 2937 καὶ
1647 2878 1897 2958 φρατρίας
1916 2923 1932 2950 ,
1972 2880 2101 2937 ἑκά-

554 2993 677 3041 στης
707 2968 761 3027 δὲ
801 2966 995 3027 τούτων
1023 2967 1301 3048 τριάκοντα
1330 2958 1461 3023 εἶναι
1486 2964 1638 3041 γένη,
1682 2965 1741 3022 τὸ
1783 2963 1835 3021 δὲ
1865 2964 2008 3042 γένος
2045 2969 2103 3025 ἐκ

546 3054 825 3133 τριάκοντα
853 3052 1072 3112 ἕκαστον
1094 3055 1291 3132 ἀνδρῶν
1308 3052 1630 3110 συνεστάναι.
1651 3049 1880 3117 Τούτους
1907 3050 1971 3123 δὴ
1989 3052 2104 3119 τοὺς

545 3145 617 3208 εἷς
637 3141 701 3200 τὰ
723 3141 846 3218 γένη
874 3140 1216 3217 τεταγμένους
1233 3137 1481 3216 γεννήτας
1515 3139 1782 3197 καλοῦσιν.
1869 3169 1876 3176 ’

633 3227 726 3294 Εἷς
752 3250 808 3285 τε
842 3227 960 3293 τοὺς
984 3226 1241 3305 γεωργοὺς
1270 3223 1501 3291 καὶτοὺς
1536 3227 1704 3302 δημ.]
1737 3231 1884 3286 Num
1925 3233 1986 3286 in
2021 3231 2105 3286 his

547 3336 679 3372 vere
702 3318 1056 3373 Aristotelica
1077 3317 1367 3371 scholiasta
1388 3314 1609 3371 dederit
1646 3334 1849 3382 necne,
1874 3317 2104 3374 difficile

545 3417 626 3460 est
649 3404 978 3476 dijudicatu.
1002 3405 1196 3460 Putari
1222 3405 1373 3459 enim
1400 3404 1574 3479 possit
1601 3422 1933 3461 memorasse
1973 3406 2093 3461 Ari·

541 3492 797 3546 stotelem
820 3492 1009 3565 potius
1035 3502 1144 3546 tres
1155 3492 1357 3565 populi
1385 3490 1611 3546 ordines
1631 3492 2090 3565 Eupatridarum,

543 3580 959 3634 Geomororum
975 3580 1494 3652 etDemiurgorum,
1512 3577 1583 3632 de
1599 3578 2093 3650 quibusPlutarch.

544 3665 705 3718 Thes,
735 3682 785 3718 c.
820 3664 893 3720 25
926 3665 1028 3738 (fr.
1060 3665 1146 3734 α),
1173 3675 1229 3719 et
1253 3666 1457 3719 Pollux
1481 3665 1648 3734 VIII,
1681 3684 1784 3721 111
1822 3686 1835 3722 t
1868 3663 2009 3742 Τρία
2038 3662 2094 3721 δὲ

542 3740 607 3818 ἦν
636 3748 702 3804 τὰ
733 3749 850 3820 ἔθνη
877 3749 1073 3820 πάλαι,
1102 3749 1431 3830 Εὖπατρίδαι
1453 3793 1470 3826 ,
1500 3739 1793 3828 Γεωμόρόι,
1823 3758 2088 3828 Δημιουρ·

542 3835 645 3913 γοί.
671 3841 738 3893 V.
754 3838 1105 3895 Schoemann.
1136 3841 1223 3894 De
1244 3841 1459 3895 comitt.
1482 3839 1684 3896 Athen.
1702 3858 1761 3913 p.
1786 3841 1892 3910 IV';
1913 3842 2093 3915 Ilgen.

545 3927 635 3979 De
661 3926 788 3980 trib.
830 3926 961 3980 Ath.
990 3943 1053 3998 p.
1084 3920 1191 3993 623
1219 3927 1528 3980 Hermann.
1563 3925 1602 3982 1.
1629 3926 1666 3981 l.
1696 3924 1731 3999 S
1758 3926 1874 4000 98,
1903 3924 1973 3994 8,
2005 3928 2097 3981 cui

540 4024 694 4073 recte
721 4031 778 4067 se
794 4013 1003 4067 habere
1032 4010 1204 4067 verba
1226 4013 1531 4067 scholiastae
1551 4012 1849 4083 videntur3
1893 4014 2093 4068 Schoe-

539 4118 729 4160 mann.
758 4101 991 4173 Antiqq.
1017 4118 1077 4173 p.
1110 4098 1217 4154 166
1235 4118 1360 4173 sqq.

541 4263 784 4314 incondita
805 4263 1032 4314 evaderet
1052 4266 1102 4313 et
1122 4265 1350 4326 confusa,
1379 4263 1464 4314 sed
1493 4263 1677 4326 primus
1699 4263 1927 4314 discrevit
1955 4277 2090 4313 seor·

538 4351 647 4389 sum
678 4341 929 4402 patricios,
966 4340 1196 4402 agricolas
1231 4343 1281 4390 et
1300 4340 1509 4403 opifices.
1534 4335 1695 4403 Atque
1709 4354 1862 4402 quum
1885 4341 2094 4403 patriciis

534 4433 615 4487 ,σε
645 4420 950 4470 concessisset
986 4433 1063 4470 ree
1098 4419 1286 4471 divinas
1324 4419 1663 4482 cognoscendi,
1699 4420 2006 4481 magistratus
2029 4432 2092 4469 ex

537 4511 628 4554 suc
647 4497 814 4549 ordine
835 4498 1058 4561 creandi,
1082 4500 1133 4548 et
1155 4501 1213 4548 ut
1232 4500 1359 4561 leges
1380 4499 1630 4560 docerent,
1650 4511 1785 4549 sacra
1801 4501 1852 4548 et
1868 4498 2091 4548 caerimo-

540 4576 643 4630 nias
664 4577 859 4639 reliquis
877 4575 1065 4625 civibus
1087 4576 1533 4639 interpretarentur,
1556 4579 1692 4639 quasi
1711 4576 1769 4626 ad
1789 4579 2090 4640 aequabilita·

538 4657 638 4702 tem
657 4653 905 4702 constituit
930 4653 1308 4715 rempublicam,
1336 4654 1468 4715 quod
1501 4653 1730 4716 dignitate
1751 4655 1965 4716 patricii,
1990 4656 2089 4704 uti-

541 4729 678 4786 litate
712 4730 959 4791 agricolae,
997 4729 1205 4778 artifices
1247 4743 1449 4779 numero
1483 4730 1760 4780 viderentur
1797 4732 2088 4794 praecellere.

539 4809 661 4856 Nam
683 4818 794 4855 eum
817 4805 1026 4867 primum
1049 4805 1192 4855 fuisse
1211 4806 1258 4854 in
1285 4805 1472 4867 plebem
1486 4844 1500 4868 ,
1540 4810 1595 4855 ut
1622 4809 1790 4856 auctor
1813 4811 1885 4856 oet
1902 4810 2088 4858 Aristo-

538 4884 657 4936 teles
676 4920 691 4944 ,
717 4895 1008 4946 propensum
1038 4886 1092 4953 et
1128 4884 1427 4934 dominatum
1462 4886 1762 4949 deposuisse,
1801 4888 1967 4937 testari
1991 4891 2089 4938 Ho-

540 4973 728 5018 merum
746 4974 939 5023 quoque
961 4962 1011 5009 in
1031 4962 1235 5011 Navium
1258 4964 1485 5025 catalogo
1506 4963 1586 5022 (ν.
1612 4964 1730 5025 547)
1757 4967 1983 5027 apparet,
2008 4967 2089 5029 qui

541 5041 669 5092 solos
695 5040 1003 5090 Atheniensoe
1020 5042 1253 5103 populum
1276 5045 1434 5091 vocat.

607 5200 880 5251 Aristoteles
924 5200 1066 5262 dicit,
1110 5201 1384 5254 universam
1422 5204 1584 5266 populi
1631 5207 1985 5257 multitudine-ln
2038 5209 2087 5258 in

1625 457 2131 519 AnlsTo‘rELls
2173 457 2667 518 FRAGMENTA.

2270 588 2354 641 De
2384 587 2582 641 ceteris
2611 583 2762 641 conf.
2784 584 2983 639 Pollux
3012 585 3178 653 VIII,
3217 603 3277 639 11
3296 604 3318 639 1
3358 605 3371 638 :
3404 579 3543 644 Ὅτε
3575 581 3783 660 μέντοι

2190 669 2429 749 τέτταρες
2450 662 2585 741 ἦσαν
2606 673 2659 727 αἶ
2676 668 2863 749 φυλαὶ,
2884 671 2952 736 εἷς
2974 668 3092 748 τρία
3119 668 3255 748 μέρη
3284 669 3484 742 ἑκάστη
3510 670 3779 750 διῄρητο,

2188 757 2278 815 καὶ
2306 755 2366 814 τὸ
2390 757 2547 835 μέρος
2575 762 2726 814 τοῦτο
2742 758 2974 814 ἐκαλεῖτο
2994 754 3196 835 τριττὺς
3214 755 3306 814 καὶ
3334 759 3471 822 ἔθνος
3499 758 3599 814 καὶ
3629 780 3783 837 φρα-

2189 843 2327 924 τρία·
2344 843 2567 903 ἑκάστου
2596 842 2650 901 δὲ
2678 842 2849 909 ἔθνους
2876 842 2998 921 γένη
3025 842 3307 921 τριάκοντα
3338 842 3394 911 ἐξ
3418 845 3636 923 ἀνδρῶν
3678 868 3776 902 το-

2191 933 2413 1004 σούτων,
2433 931 2467 988 ἃ
2488 933 2724 990 ἐκαλεῖτο
2749 931 3028 1010 τριακάδες
3048 935 3115 1006 (v
3138 931 3499 988 Schoemann.
3523 939 3682 992 Ant.
3708 954 3776 1008 p.

2194 1039 2305 1095 ²09
2333 1019 2376 1096 ).
2409 1018 2520 1078 Καὶ
2559 1022 2605 1076 οἱ
2656 1016 2963 1097 μετέχοντες
3003 1022 3094 1076 τοῦ
3132 1016 3333 1093 γένους,
3369 1023 3629 1096 γεννῆται
3678 1019 3781 1077 καὶ

2187 1104 2557 1180 ὁμογάλακτες,
2575 1104 2709 1183 γένει
2728 1103 2823 1180 μὲν
2846 1109 2905 1163 οὐ
2929 1103 3273 1183 προσήκοντες
3286 1149 3303 1182 ,
3324 1106 3384 1162 ἐκ
3406 1105 3463 1162 δὲ
3484 1110 3583 1176 τῆς
3604 1109 3779 1164 συνό·

2191 1193 2282 1249 δου
2306 1192 2442 1250 οὕτω
2469 1191 2984 1271 προσαγορευόμενοι.
3009 1190 3147 1270 Τρία
3173 1190 3227 1249 δὲ
3244 1183 3310 1263 ἦν
3327 1190 3394 1249 τὰ
3414 1191 3540 1263 ἔθνη
3565 1193 3777 1264 πάλαι,

2188 1277 2519 1358 εὐπατρίδαι,
2549 1280 2807 1359 γεωμόροι
2821 1323 2837 1350 ,
2860 1279 3181 1358 δημιουργοί.

2268 1370 2687 1441 Harpocration
2717 1388 2732 1423 ε
2761 1369 3015 1437 Γεννῆται
3040 1368 3087 1424 οἱ
3119 1370 3210 1423 τοῦ
3248 1367 3407 1423 αὐτοῦ
3425 1366 3610 1442 γένους
3643 1389 3777 1425 κοι-

2189 1458 2462 1519 νωνοῦντες
2474 1476 2486 1488 ·
2506 1450 2831 1532 διῃρημένων
2849 1450 2951 1533 γὰρ
2974 1450 3219 1511 ἁπάντων
3235 1455 3339 1510 τῶν
3360 1454 3597 1511 πολιτῶν
3616 1454 3775 1512 κατὰ

2190 1538 2324 1619 μέρη
2344 1583 2359 1611 ,
2382 1539 2451 1597 τὰ
2471 1538 2568 1615 μὲν
2595 1542 2780 1621 πρῶτα
2802 1539 2893 1598 καὶ
2914 1540 3137 1616 μέγιστα
3172 1538 3308 1619 μέρη
3337 1541 3633 1599 ἐκαλοῦντο
3666 1565 3774 1621 φυ-

2187 1627 2303 1698 λαὶ,
2326 1625 2526 1699 ἑκάστη
2548 1626 2602 1686 δὲ
2641 1626 2776 1706 φυλὴ
2797 1632 2953 1707 τριχῇ
2974 1627 3217 1707 διῄρητο,
3239 1626 3330 1685 καὶ
3354 1630 3601 1687 ἐκαλεῖτο
3631 1629 3765 1687 ἕκα-

2189 1735 2308 1772 στον
2334 1712 2487 1791 μέρος
2509 1713 2707 1772 τούτων
2733 1714 2936 1792 τριττὺς
2961 1714 3054 1772 καὶ
3078 1714 3304 1794 φρατρία
3320 1760 3337 1785 ,
3356 1716 3518 1774 πάλιν
3556 1716 3619 1774 δὲ
3653 1720 3771 1774 τῶν

2187 1803 2447 1879 φρατριῶν
2467 1799 2663 1874 ἑκάστη
2686 1799 2903 1880 διῄρητο
2931 1802 3005 1868 εἷς
3029 1800 3153 1879 γένη
3176 1802 3245 1873 λ’,
3267 1800 3320 1869 ἐξ
3346 1793 3418 1860 ὧν
3449 1805 3506 1859 αἱ
3526 1802 3771 1882 ἱερωσύ·

2187 1909 2273 1944 ναι
2315 1891 2371 1945 αἱ
2399 1887 2634 1954 ἑκάστοις
2669 1888 3034 1968 προσήκουσαι
3075 1889 3410 1966 ἐκληροῦντο.
3498 1887 3674 1948 Ἐστι
3710 1891 3771 1949 δὲ

2185 1972 2332 2052 παρὰ
2361 1974 2569 2038 πολλοῖς
2590 1977 2695 2031 τῶν
2724 1976 2956 2054 ῥητόρων
2983 1972 3233 2053 τοῦνομα,
3256 1979 3329 2042 ὡς
3348 1974 3440 2034 καὶ
3469 1977 3769 2054 Δημοσθέ-

2185 2082 2274 2131 νης
2296 2063 2348 2118 ἐν
2369 2064 2435 2139 τῇ
2458 2059 2585 2139 πρὸς
2606 2061 2927 2133 Εὐὸουλίδην
2948 2062 3117 2143 ἐφέσει
3146 2065 3200 2140 (§
3222 2064 3293 2134 67
3308 2060 3327 2140 )
3345 2107 3362 2122 .
3394 2063 3591 2129 Ἰσαῖος
3620 2066 3676 2121 δ’
3704 2069 3767 2124 ἐν

2185 2151 2261 2227 τῷ
2303 2147 2426 2227 περὶ
2474 2153 2564 2208 τοῦ
2591 2147 2980 2229 Ἀπολλοδώρου
3012 2149 3207 2230 κλήρου
3249 2153 3265 2227 (
3288 2151 3442 2226 §.13.
3490 2151 3588 2212 15.
3646 2175 3723 2225 17
3746 2153 3765 2231 )

2186 2234 2302 2301 τοὺς
2337 2243 2598 2312 συγγενεῖς
2645 2236 2894 2313 γεννήτας
2934 2236 3232 2313 ὠνόμασεν·
3265 2240 3362 2315 οὐχ
3402 2240 3453 2295 οἱ
3484 2244 3767 2317 συγγενεῖς

2186 2322 2363 2399 μέντοι
2390 2324 2570 2390 ἅπλῶς
2598 2324 2689 2382 καὶ
2716 2328 2763 2383 οἱ
2785 2323 2838 2394 ἐξ
2864 2324 3086 2401 αἵματος
3108 2325 3351 2404 γεννῆταί
3377 2349 3435 2383 τε
3459 2327 3551 2385 καὶ
3572 2330 3637 2387 ἐκ
3662 2335 3765 2388 τοῦ

2186 2414 2342 2468 αὐτοῦ
2363 2409 2540 2488 γένους
2560 2414 2876 2491 ἐκαλοῦντο,
2890 2413 3008 2473 ἀλλ’
3036 2417 3085 2473 οἱ
3106 2414 3157 2482 ἐξ
3178 2418 3345 2493 ἀρχῆς
3358 2416 3430 2480 εἷς
3450 2414 3523 2472 τὰ
3552 2417 3756 2475 καλού-

2187 2520 2319 2574 μενα
2361 2497 2484 2576 γένη
2511 2500 2971 2576 κατανεμηθέντες.
2997 2501 3289 2581 Φιλόχορος
3311 2500 3367 2558 δὲ
3390 2504 3443 2559 ἐν
3465 2506 3536 2581 τῇ
3566 2504 3615 2561 δ’
3647 2506 3761 2582 (fr.

2186 2586 2296 2660 91)
2325 2583 2451 2665 φησὶ
2485 2585 2734 2665 πρότερον
2762 2586 3129 2666 ὁμογάλακτας
3160 2587 3509 2666 ὀνομάζεσθαι
3535 2588 3627 2657 οὓς
3662 2598 3758 2651 νῦν

2183 2671 2431 2749 γεννήτας
2453 2675 2722 2734 καλοῦσιν.

2942 2770 2996 2829 [ι.

2265 2903 2682 2976 Harpocration
2708 2919 2722 2960 :
2748 2901 2908 2980 Τριτ
2926 2899 3033 2967 τύς
3060 2901 3171 2959 ἔστι
3191 2899 3252 2959 τὸ
3270 2898 3442 2980 τρίτον
3463 2897 3623 2980 μέρος
3657 2905 3756 2974 τῆς

2186 2987 2376 3066 φυλῆς·
2413 2985 2547 3057 αὕτη
2576 2986 2677 3068 γὰρ
2703 2986 2945 3067 διῄρηται
2988 2990 3058 3055 εἷς
3081 2988 3199 3069 τρία
3230 2987 3392 3068 μέρη,
3417 2995 3627 3068 τριττῦς
3658 2991 3754 3050 καὶ

2185 3072 2304 3144 ἔθνη
2335 3073 2425 3131 καὶ
2453 3074 2704 3154 φρατρίας
2723 3120 2739 3149 ,
2763 3075 2832 3141 ὥς
2860 3098 3016 3156 φησιν
3046 3074 3399 3156 Ἀριστοτέλης
3423 3077 3476 3134 ἐν
3503 3080 3573 3156 τῇ
3598 3075 3754 3150 ,Ἀθ-η·

2185 3160 2341 3218 ναίων
2361 3159 2616 3242 πολιτεία.
2638 3164 2847 3220 Eadem
2874 3166 3124 3221 Photius.

2264 3414 2540 3492 [Aristot.
2554 3413 2680 3470 Pol.
2696 3416 2778 3490 ΙΙ,
2792 3433 2846 3491 9,
2869 3435 2906 3490 9
2934 3410 3252 3492 εΔράκοντος
3273 3411 3326 3470 δὲ
3344 3410 3495 3489 νόμοι
3507 3411 3605 3487 μέν
3622 3414 3750 3485 εἰσι,

2187 3500 2422 3581 πολιτεία
2451 3501 2497 3557 δ’
2522 3498 2829 3580 ὑπαρχούσῃ
2848 3500 2971 3568 τοὺς
3001 3500 3189 3577 νόμους
3216 3499 3397 3570 ἔθηκεν
3414 3524 3428 3537 ·
3449 3498 3583 3558 ἴδιον
3603 3501 3654 3557 δ’
3694 3504 3749 3559 ἐν

2189 3596 2296 3654 τοῖς
2319 3585 2491 3663 νόμοις
2514 3585 2659 3645 οὐδέν
2680 3589 2818 3645 ἐστιν
2833 3585 2865 3645 ὅ
2877 3610 2926 3645 τι
2949 3587 3041 3645 καὶ
3061 3586 3240 3663 μνείας
3258 3585 3399 3654 ἄξιον
3415 3586 3557 3658 πλὴν
3579 3591 3613 3657 ἡ
3638 3609 3746 3665 χα-

2184 3672 2408 3744 λεπότης
2448 3671 2533 3730 διὰ
2572 3671 2632 3731 τὸ
2664 3676 2755 3744 τῆς
2794 3673 2989 3750 ζημίας
3017 3674 3245 3752 μέγεθος.
3291 3677 3554 3732 Ceterum
3590 3677 3747 3732 hune

2185 3765 2374 3819 locum
2400 3764 2654 3836 spurium
2683 3781 2795 3819 esse
2821 3775 2974 3818 recte
3002 3774 3189 3819 censet
3204 3763 3581 3838 Goettlingius.
3605 3763 3631 3839 ]

2951 3890 3007 3949 5.

2267 4012 2425 4066 Idem
2484 4028 2498 4067 ε
2557 4007 2725 4068 Ἐπὶ
2772 4005 3149 4086 Παλλαδίῳ.
3208 4004 3554 4084 Δικαστήριόν
3601 4008 3741 4066 ἐστιν

2191 4093 2330 4153 οὕτω
2371 4095 2716 4172 καλούμενον,
2754 4098 2826 4160 ὡς
2864 4093 2955 4152 καὶ
2984 4092 3340 4173 Ἀριστοτέλης
3370 4096 3423 4151 ἐν
3454 4092 3743 4164 Ἀθηναίων

2183 4263 2341 4312 Attica
2362 4263 2413 4312 in
2434 4263 2641 4312 rusticos
2656 4264 2707 4312 et
2727 4261 2970 4324 operarios
2999 4261 3201 4310 divisam
3232 4273 3361 4320 coee3
3379 4259 3538 4310 tribus
3565 4273 3740 4312 mum

2182 4352 2282 4390 esse
2315 4341 2545 4401 quattuor
2575 4340 2898 4401 (Geleontes,
2924 4338 3177 4400 uopletae,
3200 4336 3520 4399 Argadm,
3548 4339 3741 4400 AEgim-

2183 4419 2403 4481 renses);
2436 4419 2655 4468 tribuum
2695 4417 2990 4480 singularum
3032 4420 3197 4466 ternas
3242 4428 3346 4466 esse
3386 4418 3576 4479 partes,
3614 4430 3741 4481 quas

2180 4495 2387 4556 Trittyes
2408 4495 2510 4545 sive
2546 4494 2787 4544 Phratrias
2811 4493 3074 4556 appellent,
3099 4493 3325 4556 phratriae
3361 4492 3741 4556 ammoniusque

2180 4575 2344 4633 gentes
2388 4585 2493 4621 esse
2516 4570 2976 4633 tricenas3singu1as
3002 4572 3166 4632 gentes
3196 4569 3415 4619 virorum
3440 4569 3739 4631 (patrumfa-

2181 4647 2361 4710 milias)
2396 4660 2500 4698 esse
2518 4648 2811 4697 tricenorum
2834 4660 2949 4707 3008
2966 4647 3130 4696 autem
3153 4646 3238 4709 qui
3261 4645 3324 4695 ad
3342 4658 3485 4696 unam
3504 4645 3737 4697 eandem·

2181 4739 2276 4789 que
2293 4727 2482 4789 gentem
2502 4726 2797 4789 pertineant,
2820 4723 3047 4788 appellari
3078 4724 3316 4787 γεννήτας.
3540 4707 3553 4730 ¹

2241 4890 2421 4953 Trittys
2437 4889 2595 4941 tribus
2612 4890 2751 4939 tertia
2770 4901 2880 4951 pars
2900 4891 2999 4949 est;
3023 4901 3136 4937 nam
3148 4888 3304 4938 tribus
3320 4886 3371 4936 in
3389 4886 3488 4936 tres
3500 4885 3737 4937 dividitur

2179 4969 2336 5029 partoe
2349 5005 2363 5028 ,
2391 4980 2512 5029 quas
2540 4966 2700 5028 trittys
2727 4967 2828 5016 sive
2851 4968 3014 5028 gentes
3037 4966 3140 5015 sive
3173 4962 3410 5026 phratrias
3430 4963 3601 5013 dicunt
3614 4999 3631 5023 ,
3662 4967 3736 5014 uti

2179 5045 2325 5095 tradit
2352 5045 2628 5096 Aristoteles
2654 5045 2702 5092 in
2732 5045 2903 5094 Athen.
2934 5048 3049 5106 ssep.

2247 5209 2323 5259 Ad
2352 5209 2673 5260 Palladium.
2715 5208 2954 5259 Judicium
2986 5208 3151 5258 estate
3185 5208 3437 5264 vocatum,
3476 5203 3548 5252 uti
3584 5204 3735 5256 etiam
