3900 6042
971 566 1697 703 PHANIAS

1805 566 2535 703 ERESIUS.

199 1332 424 1389 Strabo
469 1334 667 1400 XIII,
716 1350 772 1405 p.
814 1330 928 1387 618
969 1349 983 1387 ε
1032 1326 1126 1396 Ἐξ
1166 1327 1383 1407 Ἐρέσου
1422 1318 1555 1398 ἦσαν
1597 1326 1730 1389 Θεό·

126 1416 366 1496 φραστός
395 1440 463 1474 τε
491 1417 604 1473 καὶ
630 1415 866 1486 Φανίας,
888 1419 936 1474 οἱ
962 1419 1023 1473 ἐκ
1049 1417 1153 1473 τῶν
1183 1413 1485 1490 περιπάτων
1520 1414 1731 1494 φιλόσο-

133 1527 251 1583 φοι,
276 1502 710 1584 Ἀριστοτέλους
735 1502 1003 1582 γνώριμοι.

1824 1332 2122 1385 Boeckhius
2153 1331 2243 1406 (ad
2261 1329 2457 1385 Μαι-ιιι.
2488 1333 2614 1388 Par.
2645 1334 2699 1386 in
2723 1334 2786 1389 C.
2814 1336 2988 1388 lnscr.
3020 1336 3105 1403 11,
3136 1356 3193 1409 p.
3219 1335 3378 1411 305).

1824 1417 1993 1488 Quod
2037 1420 2288 1491 quamvis
2314 1436 2380 1473 ex
2410 1436 2525 1473 uno
2581 1419 2739 1491 quod
2777 1432 3025 1493 superest
3065 1422 3378 1498 fragmento

1827 1504 2197 1559 demonstrari
2226 1523 2343 1559 non
2370 1507 2578 1579 possit,
2623 1507 2762 1560 nihil
2792 1517 3007 1576 tamen,
3052 1512 3190 1582 quin
3230 1522 3381 1566 recte

213 1594 431 1649 Suidas
463 1610 483 1652 2
521 1580 746 1656 Φανίας
771 1589 807 1661 ἢ
836 1588 1061 1656 Φαινίας
1083 1588 1315 1668 Ἐρέσιος
1342 1589 1431 1667 (*),
1463 1586 1735 1668 φιλόσοφος
1824 1592 1899 1646 ita
1934 1602 2233 1661 statuatur,
2275 1591 2550 1665 impedire
2577 1593 2834 1661 videtum
2873 1599 3179 1667 praesertim
3207 1616 3383 1670 quum

135 1677 583 1755 περιπατητικὸς
601 1724 619 1749 ,
648 1675 1028 1757 Ἀριστοτέλους
1049 1676 1303 1753 μαθητής.
1324 1667 1433 1736 Ἦν
1460 1676 1506 1734 δ’
1534 1676 1620 1733 ἐπὶ
1642 1679 1734 1746 τῆς

142 1764 240 1843 ρια’
277 1765 676 1842 Ὀλυμπιάδος
716 1762 807 1823 καὶ
849 1762 1129 1842 μετέπειτα
1170 1763 1252 1822 ἐπ’
1283 1762 1612 1843 Ἀλεξάνδρου
1642 1766 1732 1821 τοῦ

142 1853 478 1918 Μακεδόνος.
535 1855 774 1910 Sincera
821 1855 1066 1909 nominis
1113 1854 1297 1909 forma
1355 1865 1436 1910 est
1494 1848 1732 1920 Φανίας,

149 1941 306 2011 eujus
332 1942 627 1996 solemnis
643 1942 702 1994 in
721 1940 892 1999 codd.
919 1943 1156 1998 varietas
1182 1937 1442 2015 Φαινίας;
1460 1950 1733 2014 praeterea

150 2045 366 2082 nomen
393 2030 709 2101 scriptoris
723 2029 861 2083 abiit
883 2030 943 2083 in
966 2028 1153 2097 Φάνης
1175 2040 1234 2085 et
1251 2025 1456 2096 Φανίης
1473 2070 1490 2101 ,
1506 2027 1578 2083 de
1605 2028 1732 2100 qui·

156 2113 259 2169 bus
287 2115 515 2170 multus
549 2126 642 2170 at
665 2115 855 2171 Ebert.
884 2116 943 2168 in
964 2117 1108 2171 Diss.
1137 2116 1250 2171 Sic.
1281 2134 1340 2189 p.
1376 2135 1445 2186 77
1475 2133 1558 2187 sq.

1827 1696 1899 1732 ex
1927 1679 2046 1733 aliis
2068 1680 2208 1734 locis
2231 1677 2322 1754 (fr.
2356 1698 2412 1733 a.
2442 1679 2494 1734 3.
2528 1679 2581 1754 5)
2606 1681 2950 1753 intelligatur
2970 1683 3209 1737 multum
3232 1685 3381 1739 Pha-

1827 1766 1978 1820 niam
2005 1764 2076 1820 ad
2103 1775 2359 1839 tempora
2386 1785 2577 1822 rerum
2603 1779 2861 1823 accurate
2888 1770 3277 1826 constituenda
3301 1783 3385 1825 at-

1826 1851 2083 1909 tendisse.
2108 1854 2303 1925 Neque
2321 1871 2457 1909 vero
2476 1871 2542 1909 ea
2560 1872 2684 1927 quae
2697 1853 2770 1910 de
2792 1855 3014 1909 Solonis
3037 1860 3386 1931 temporibus

1826 1956 1896 1993 ex
1922 1939 2257 1994 archontum
2279 1942 2597 1995 Atticorum
2614 1941 2755 1996 serie
2775 1942 3088 1997 constitutis
3109 1942 3197 2014 (fr.
3223 1942 3277 1999 3.
3306 1944 3380 2019 5.)

1826 2024 2168 2095 afferuntur,
2208 2044 2278 2081 ex
2314 2027 2421 2081 isto
2455 2023 2587 2104 Περὶ
2623 2026 2924 2103 πρυτάνεων
2962 2047 3133 2102 opere
3165 2028 3386 2086 fluxisse

1825 2114 2157 2184 putaverim.
2194 2115 2344 2169 Fieri
2377 2130 2507 2169 sane
2544 2116 2758 2188 potuit,
2788 2125 2851 2169 ut
2887 2116 3119 2170 Phanias
3156 2118 3388 2172 Lesbios

231 2211 397 2266 Libri
414 2211 683 2280 Phaniae,
700 2208 882 2286 ἀνδρὸς
898 2206 1174 2289 φιλοσόφου
1190 2207 1279 2264 καὶ
1291 2205 1621 2287 γραμμάτων
1641 2207 1736 2264 οὐκ
1814 2200 2020 2289 patriai
2055 2202 2402 2275 magistratus
2430 2220 2561 2256 cum
2588 2202 2951 2257 archontibus
2986 2204 3184 2258 Atticis
3225 2223 3383 2259 com-

163 2294 378 2375 ἂπείρου
391 2298 692 2376 ἱστορικῶν
712 2296 1009 2372 (Plutarch.
1025 2317 1080 2356 v,
1098 2297 1171 2355 sr.
1195 2296 1251 2373 8)
1272 2339 1289 2367 ,
1311 2307 1733 2353 memorantur:

243 2413 296 2452 1.
345 2393 490 2472 Περὶ
519 2391 829 2472 πρυτάνεων
854 2388 1123 2469 Ἐρεσίων,
1143 2393 1215 2448 fr.
1258 2413 1308 2449 1.

240 2498 297 2535 a.
343 2479 490 2557 Περὶ
516 2483 631 2537 τῶν
655 2480 708 2537 ἓν
733 2477 951 2558 Σικελίᾳ
973 2476 1252 2558 τυράννων,
1276 2480 1348 2535 fr.
1390 2480 1636 2535 12-13,

247 2567 301 2623 3.
348 2565 656 2645 Τυράννων
678 2564 936 2646 ἀναίρεσις
961 2568 1022 2623 ἐκ
1050 2565 1335 2646 τιμωρίας,
1373 2567 1442 2622 fr.
1490 2565 1734 2633 14-ιό.

248 2662 300 2721 t..
345 2652 492 2734 Περὶ
517 2656 777 2724 ποιητῶν,
801 2656 868 2710 fr.
907 2654 1157 2726 17—18.

249 2741 307 2798 5.
352 2740 504 2819 Πρὸς
530 2738 654 2805 τοὺς
682 2739 956 2819 σοφιστάς,
981 2742 1052 2797 fr.
1091 2761 1179 2816 19.

249 2828 304 2886 6.
349 2826 494 2905 Περὶ
517 2830 632 2885 τῶν
655 2828 1027 2906 Σωκρατικῶν,
1049 2827 1118 2885 fr.
1149 2848 1398 2884 20-21,

255 2935 309 2985 7.
357 2915 506 2992 Πρὸς
535 2914 800 2993 Διόδωρον
834 2914 1299 2993 (philosophica),
1324 2916 1395 2971 fr.
1426 2923 1521 2981 al..
1607 2966 1626 2981 ,

254 3001 308 3060 8.
356 3002 451 3078 (Οἱ
476 3001 719 3077 μαθηταὶ
741 3003 899 3060 αὐτοῦ
918 3044 936 3077 ,
957 3022 1035 3058 sc.
1064 3001 1442 3080 Ἀριστοτέλους
1458 3044 1475 3073 ,
1503 3001 1741 3077 Εὔδημος

185 3085 268 3142 καὶ
290 3086 501 3156 Φανίας
521 3088 621 3147 καὶ
641 3086 974 3168 Θεόφραστος
990 3131 1010 3165 ,
1035 3087 1172 3146 κατὰ
1197 3090 1349 3158 ζῆλον
1376 3091 1468 3146 τοῦ
1493 3087 1742 3147 διδασκά-

184 3173 270 3229 λου
295 3175 671 3254 γεγραφήκασι
696 3174 1028 3256 Κατηγορίας
1047 3174 1140 3233 καὶ
1165 3173 1298 3253 Περὶ
1334 3173 1613 3254 ἑρμηνείας
1648 3173 1741 3232 καὶ

186 3255 537 3333 Ἆναλυτικήν.
572 3267 906 3321 Ammonius
930 3266 990 3318 in
1015 3264 1181 3319 Arist.
1209 3266 1397 3338 Categ.
1421 3282 1481 3337 p.
1517 3261 1591 3338 5.)

263 3367 320 3422 9-
365 3350 506 3430 Περὶ
535 3353 730 3431 φυτῶν,
759 3352 831 3409 fr.
859 3358 1111 3422 27—40.

267 3453 419 3526 Opus
434 3453 526 3513 De
540 3458 866 3511 Etesiarum
888 3455 1221 3528 Prytanibus
1235 3455 1395 3509 sitisse
1414 3454 1743 3509 chronicum

195 3539 436 3596 similiter
472 3562 538 3599 ac
586 3543 860 3599 Charonis
901 3540 1187 3617 Πρυτάνεις
1220 3536 1254 3608 ἢ
1294 3538 1539 3617 ἄρχοντες
1569 3541 1742 3598 Λακε-

199 3624 464 3701 δαιμονίων
511 3640 742 3687 censent
787 3629 1028 3685 Ebertus
1080 3628 1252 3702 (Diss.
1296 3629 1406 3684 Sic.
1452 3646 1513 3701 p.
1558 3627 1653 3703 86)
1689 3639 1745 3683 et

217 3826 224 3833 .
254 3770 316 3833 (*)
339 3772 535 3825 Phania.»
553 3773 780 3836 reliquias
796 3771 1195 3835 contagitvoism,
1219 3771 1449 3822 »iambo
1462 3771 1525 3822 de
1537 3773 1745 3825 Phania

205 3841 378 3892 Bresio.
395 3845 614 3895 Gandav.
643 3843 862 3894 lavaes.
887 3844 1046 3892 Ebert.
1065 3844 1162 3893 Sic.
1178 3846 1331 3903 p..7o;
1359 3842 1522 3891 Plehn.
1543 3843 1741 3906 [μὰρ.
1763 3858 1772 3864 ·

205 3913 311 3969 σιω
334 3914 529 3963 Boeckh.
550 3916 606 3964 c.
631 3916 674 3963 1.
691 3916 754 3973 ιι,
775 3927 823 3976 p.
842 3916 949 3963 εοιι.
968 3912 1296 3974 Distinguam
1313 3911 1376 3961 ab
1395 3912 1744 3963 ercamma-

207 3980 318 4027 nias
332 4017 347 4042 ‚
364 3982 677 4032 Atheniensis
687 3985 744 4031 nt
757 3982 961 4040 videtur,
971 3982 1239 4029 navarchus
1247 3981 1609 4043 anx-enantion.
1624 3970 1744 4031 nen.

207 4052 264 4109 V,
275 4056 308 4111 1,
318 4061 373 4104 26
385 4056 485 4115 (ubi
495 4057 542 4106 in
554 4064 581 4107 3
594 4057 729 4107 codd
740 4056 975 4116 Φαινίας).
988 4055 1423 4106 nunciatellexerit
1433 4059 1710 4119 Harpocrat.
1729 4075 1744 4105 ε

209 4122 389 4184 Φανίας,
408 4127 556 4189 ὄνομα
572 4128 748 4187 κύριον,
766 4132 859 4175 τῶν
877 4126 1290 4189 ἐστρατηγηκότων
1319 4143 1407 4182 τις.
1436 4126 1510 4176 Διὶ
1524 4126 1746 4179 eundem-

209 4201 294 4248 que
314 4194 551 4245 referenda
569 4195 759 4245 videtur
779 4197 932 4244 oratio
950 4196 1105 4257 Lysim
1118 4196 1233 4257 ὑπὲρ
1250 4197 1430 4245 Φανίου
1444 4195 1744 4259 παρανόμων,

213 4263 336 4320 cujus
351 4265 560 4315 muniuit
578 4266 834 4317 Athenaeus
857 4268 978 4328 xil,
998 4278 1048 4328 p.
1071 4272 1187 4325 551,
1217 4268 1274 4323 D,
1294 4265 1367 4315 ct.
1393 4266 1649 4314 floelscher.
1675 4268 1746 4314 De

215 4329 288 4378 vit.
303 4335 350 4380 et
373 4336 533 4397 script.
555 4336 708 4399 Lysiae
731 4336 964 4397 (Berolin.
993 4339 1107 4385 1837
1125 4337 1141 4396 ὶ
1158 4349 1208 4398 p.
1239 4341 1326 4386 176
1346 4348 1414 4397 sq.
1430 4361 1492 4372 -
1512 4335 1744 4385 Phanias

216 4400 392 4459 quidam
406 4405 493 4454 sub
510 4405 744 4456 Antiocho
755 4406 859 4466 illo,
873 4406 957 4467 qui
972 4402 1278 4468 philosophos
1291 4418 1434 4467 regno
1445 4417 1534 4453 sno
1546 4405 1746 4466 expulit,

218 4479 282 4528 ap.
319 4472 478 4523 Athen.
521 4478 610 4526 xli
626 4512 642 4538 ‚
682 4488 730 4538 p.
762 4480 849 4526 547
869 4512 884 4538 ,
918 4481 958 4525 Α
993 4476 1083 4536 (cf.
1123 4475 1387 4537 Schweigb.
1422 4475 1472 4524 in
1506 4474 1670 4527 Indice
1702 4488 1744 4524 s.

219 4535 261 4583 ¹¹-
277 4551 321 4586 v.
336 4543 365 4598 )·
387 4567 450 4579 -
467 4547 704 4597 Phanias
719 4580 735 4607 ‚
755 4549 905 4609 Appii
937 4546 1124 4596 Pulcra
1158 4545 1394 4606 tebertus,
1416 4557 1494 4606 ap.
1520 4545 1624 4594 cic.
1651 4547 1741 4606 Ep.

222 4607 275 4654 ad
293 4611 395 4659 niv.
417 4615 488 4675 ΙΙ,
511 4622 594 4676 1.’.;
624 4618 718 4675 ΙΙΙ,
751 4620 793 4665 1.
813 4641 878 4653 -
898 4615 1153 4676 Phanias,
1184 4614 1399 4666 medicus
1415 4613 1541 4665 baud
1569 4612 1741 4675 dubie,

222 4686 290 4735 tp.
307 4679 462 4732 Galen.
481 4685 575 4734 vol.
594 4688 638 4735 ll
653 4721 670 4746 ,
689 4698 738 4748 p.
769 4689 887 4745 795,
907 4687 966 4737 G.
994 4687 1237 4743 Quaeritur
1259 4698 1377 4733 num
1395 4683 1458 4732 ab
1493 4684 1652 4733 [ἐι-σεῖο
1676 4683 1745 4733 di·

222 4755 369 4797 versus
390 4750 448 4799 sit
471 4754 698 4804 Phanias
722 4754 992 4816 Physica-5,
1012 4753 1073 4804 de
1089 4767 1188 4816 quo
1211 4754 1391 4803 Plinius
1414 4756 1474 4804 fl.
1498 4756 1555 4802 N.
1579 4757 1742 4815 xxti,

228 4820 612 4873 c.13:condidit
635 4824 818 4874 laudes
836 4824 945 4885 ejus
966 4824 1194 4886 (urticae)
1213 4824 1444 4875 Phanias
1467 4825 1742 4887 Physica-53

229 4885 527 4942 utilissima»
544 4894 668 4944 cibis
679 4900 875 4944 coctam
884 4894 1202 4945 conditamve
1212 4894 1472 4957 professus
1482 4927 1499 4950 ‚
1513 4899 1743 4956 arten-tce,

231 4954 342 5003 tum
355 4966 568 5017 ,ventris
596 4963 963 5023 destillationi,
983 4963 1266 5022 stomacho,
1285 4966 1441 5025 panis
1454 5000 1468 5025 ,
1484 4964 1743 5027 parotidi-

234 5019 327 5081 ῡῑίδ,
337 5031 420 5077 ete.
441 5035 555 5089 Quoe
569 5033 656 5083 nisi
671 5033 841 5083 medici
853 5037 982 5093 sunt,
996 5035 1084 5095 legi
1097 5034 1144 5082 in
1158 5035 1301 5084 Eresii
1322 5037 1434 5098 Περὶ
1444 5040 1595 5094 φυτῶν
1604 5048 1746 5096 opere

233 5094 475 5149 potuerunt.
497 5128 557 5139 —
596 5102 928 5165 Theophrasti
956 5101 1014 5151 ad
1048 5102 1271 5152 Pluuiam
1289 5103 1511 5165 epistolas
1532 5116 1743 5152 comme-

234 5168 398 5215 morant
414 5171 632 5233 Diogenes
656 5175 708 5223 1..
731 5175 770 5221 V
786 5206 799 5232 ,
819 5176 875 5222 ³7
893 5173 942 5221 et
960 5171 1110 5222 schol.
1136 5173 1285 5234 Apoll.
1309 5172 1460 5222 Rhod.
1486 5176 1537 5235 l,
1562 5178 1668 5224 972.

1826 2297 2096 2357 poneret,
2118 2296 2360 2342 attamen
2381 2288 2611 2343 minime
2632 2288 2930 2360 probabile
2948 2298 3028 2345 est
3043 2309 3381 2364 quemquam

1828 2371 2197 2445 Theophrasti
2225 2383 2384 2427 aetate
2408 2372 2830 2429 Atheniensium
2854 2375 3142 2430 historiam
3177 2395 3377 2433 secun-

1828 2456 1966 2512 dum
1984 2459 2185 2513 seriem
2200 2469 2501 2532 prytannm
2529 2461 2848 2521 Etesiarum
2882 2460 3180 2519 adornasse
3220 2463 3383 2518 inde-

1830 2562 1938 2616 que
1969 2545 2098 2599 libri
2119 2546 2339 2619 petiisse
2368 2546 2804 2620 inscriptionem.
2829 2548 3016 2618 Quare
3035 2567 3158 2620 quae
3186 2550 3380 2623 legun·

1830 2643 1922 2687 tur
1978 2633 2176 2708 fragm.
2248 2632 2392 2689 3—1
2410 2652 2431 2688 1
2453 2675 2470 2703 ,
2537 2652 2605 2690 ex
2657 2652 2829 2707 opere
2876 2636 3145 2690 historico
3163 2676 3179 2704 ,
3226 2637 3385 2708 cujus

1831 2721 2056 2775 titulum
2105 2739 2255 2775 nunc
2291 2721 2638 2796 ignoramus,
2661 2721 2997 2794 deprompta
3026 2740 3139 2777 esse
3167 2740 3381 2778 censen.

1907 2808 1995 2862 De
2037 2825 2211 2880 opere
2255 2803 2534 2882 Τυράννων
2585 2804 2844 2884 ἀναίρεσις
2888 2807 2947 2863 ἐκ
2995 2806 3245 2884 τιμωρίας
3290 2812 3377 2864 in-

1828 2898 2038 2967 scripto
2057 2894 2248 2950 Ebert.
2272 2914 2286 2948 2
2306 2918 2330 2945 ι
2348 2891 2532 2963 Verte,
2548 2897 2642 2963 ait,
2662 2897 3060 2969 Tyrannorum
3076 2897 3283 2951 occisio
3299 2916 3375 2952 su·

1829 2981 2048 3036 mendae
2074 2979 2147 3036 de
2171 2982 2236 3036 iis
2250 2981 2519 3044 ‚vindictae
2543 2983 2719 3055 gratia
2747 2983 2861 3037 sive
2889 2981 2963 3035 ad
2984 2982 3380 3052 ulciscendam,

1831 3087 1954 3141 quae
1979 3077 2207 3141 accepta
2228 3079 2375 3136 erat,
2397 3068 2656 3141 injuriam
2685 3069 2847 3124 sacta.
2872 3067 3142 3123 Consulto
3164 3069 3385 3124 Phaniae

1831 3156 1907 3210 ita
1930 3165 2270 3230 conceptum
2296 3155 2458 3211 fixisse
2487 3156 2707 3212 titulum
2730 3156 3003 3223 arbitror,
3034 3173 3108 3210 ne
3135 3174 3385 3228 quacun·

1832 3258 1941 3313 que
1975 3242 2047 3297 de
2074 3260 2241 3299 causa
2280 3244 2599 3298 obtruncati
2626 3243 2721 3297 bic
2750 3244 2971 3315 tyranni
3020 3246 3384 3316 quaeritaren-

1833 3337 1945 3395 tur,
1976 3328 2074 3383 sed
2108 3330 2205 3401 qui
2235 3325 2429 3407 ὅὸρεως
2456 3347 2650 3403 poenas
2684 3328 2995 3398 dedissent,
3026 3347 3386 3404 quorumque

1831 3414 2077 3471 caedihus
2093 3415 2276 3471 minus
2291 3416 2558 3471 mutanda
2574 3417 2809 3471 civitatis
2821 3415 3004 3470 forma
3020 3458 3037 3486 ,
3057 3436 3224 3491 quam
3242 3419 3384 3473 ultio

1834 3501 2028 3575 iraque
2048 3501 2328 3575 explenda
2351 3513 2608 3576 spectatae
2638 3502 2896 3572 fuissent,
2929 3490 3269 3578 quamquam
3296 3509 3387 3562 vel

1833 3586 2221 3659 hujuscemodi
2257 3591 2423 3645 caedis
2456 3589 2787 3665 pedissequa
2821 3608 2966 3666 saepe
2992 3590 3162 3651 fuerit
3193 3611 3385 3648 rerum

1832 3678 2091 3736 mutatio.
2124 3679 2254 3734 Fuit
2278 3695 2438 3746 sane,
2477 3688 2541 3732 ut
2575 3678 2744 3734 docet
2769 3681 3158 3753 exemplorum
3195 3682 3387 3737 multi-

1835 3765 2007 3835 tudo,
2040 3775 2096 3821 at
2117 3783 2236 3820 non
2259 3776 2425 3838 caput
2455 3776 2510 3820 et
2538 3784 2648 3821 una
2682 3769 2911 3828 materia
2952 3769 3234 3843 scripturo
3260 3769 3386 3828 fuit.

1832 3852 1902 3907 Id
1921 3852 2200 3923 judicium
2234 3853 2433 3909 nititur
2467 3853 2578 3909 hoc
2613 3854 2925 3909 Aristotelis
2944 3856 3075 3910 loco
3100 3855 3290 3929 (Polit.
3314 3858 3381 3921 V,

1835 3938 1892 4007 8,
1916 3937 1975 4015 9)
2011 3960 2023 3994 :
2058 3940 2181 3997 Τῶν
2209 3935 2486 3995 ἐπιθέσεων
2515 3938 2569 3994 αἱ
2599 3935 2695 4013 μὲν
2735 3937 2822 3995 ἐπὶ
2858 3941 2917 3996 τὸ
2961 3942 3117 4016 σῶμα
3155 3938 3384 4017 γίνονται

1832 4026 1936 4081 τῶν
1971 4024 2257 4104 ἀρχόντων,
2298 4026 2353 4081 αἱ
2389 4024 2436 4082 δ’
2477 4023 2563 4081 ἐπὶ
2596 4022 2700 4094 ,τὴν
2734 4024 2922 4105 ἀρχήν.
2962 4029 3034 4085 Αἱ
3073 4024 3167 4101 μὲν
3198 4016 3285 4084 οὖν
3319 4028 3385 4083 δι’

1834 4109 1981 4189 ὅόριν
2015 4111 2102 4171 ἐπὶ
2123 4113 2184 4169 τὸ
2211 4112 2366 4187 σῶμα
2384 4133 2397 4147 ·
2426 4115 2519 4182 τῆς
2541 4109 2595 4169 δὲ
2617 4110 2814 4190 ὕὸρεως
2849 4110 3005 4183 οὔσης
3042 4114 3383 4191 πολυμεροῦς,

1833 4196 2054 4260 ἕκαστον
2076 4199 2246 4256 αὐτῶν
2282 4195 2445 4255 αἴτιον
2463 4196 2659 4274 γίνεται
2677 4203 2770 4269 τῆς
2796 4200 2975 4279 ὀργῆς·
2994 4201 3095 4257 τῶν
3119 4199 3166 4256 δ’
3185 4200 3385 4278 ὀργιζο·

1836 4284 2006 4360 μένων
2036 4285 2222 4364 σχεδὸν
2243 4286 2543 4343 οἱπλεῖστοι
2570 4284 2824 4362 τιμωρίας
2852 4284 3005 4366 χάριν
3036 4285 3348 4346 ἐπιτίθενται
3366 4335 3382 4362 ,

1834 4373 1950 4464 ἁλὶ·
1996 4373 2108 4451 οὐχ’
2153 4374 2428 4452 ὑπεροχῆς.
2457 4376 2583 4429 Jam
2621 4373 2701 4428 ibi
2737 4386 3049 4447 sequuntur
3082 4379 3385 4451 propositae

1835 4463 2087 4534 exempla
2107 4462 2421 4529 sententiae,
2445 4459 2786 4517 Harmodius
2802 4471 2860 4516 et
2880 4462 3186 4536 Aristogito
3205 4504 3222 4531 ,
3244 4482 3387 4519 ama·

1833 4550 1942 4603 sius
1959 4549 2054 4604 ille
2080 4548 2344 4621 idemque
2362 4548 2691 4602 interfector
2714 4547 3005 4604 Periandri
3025 4559 3130 4603 etc.
3162 4550 3235 4604 cf.
3264 4552 3399 4606 Plu-.

1835 4636 2009 4692 tarcli.
2035 4637 2178 4692 Mor.
2207 4653 2267 4709 p.
2303 4634 2442 4705 760,
2470 4636 2546 4703 B;
2577 4634 2724 4705 768,
2750 4636 2813 4690 F.
2847 4660 2871 4684 ιι

1913 4724 1998 4779 De
2018 4724 2248 4795 reliquis
2270 4722 2491 4776 Phaniae
2519 4723 2739 4795 scriptis
2764 4722 3020 4795 pluribus
3042 4722 3100 4776 h.
3134 4721 3174 4777 l.
3207 4740 3386 4797 expo-

1834 4828 1969 4865 nere
2027 4828 2212 4883 operae
2276 4810 2370 4862 vix
2411 4809 2677 4881 pretium.
2731 4809 2860 4864 Non
2912 4810 3385 4882 praetermittenda

1834 4914 1969 4950 vero
1984 4896 2250 4952 sententia
2267 4895 2518 4952 Boeckhii
2546 4895 2584 4953 l.
2614 4896 2678 4964 1.,
2703 4897 2798 4969 qui
2825 4904 3111 4951 auctorem
3122 4897 3382 4952 Chronici

1834 4983 2133 5038 Marmorei
2178 5001 2295 5056 prae
2347 4983 2545 5037 ceteris
2595 4984 2766 5038 libros
2823 4982 3118 5038 historicos
3164 4984 3384 5039 Phaniae

1835 5072 2009 5125 nostri
2034 5071 2348 5125 adhibuisse
2365 5072 2692 5144 suspicatur.
2711 5071 2895 5126 Verba
2914 5072 3161 5126 Boeckhii
3181 5076 3383 5130 exscri-

1835 5162 1916 5235 psi
1946 5161 2005 5214 in
2034 5160 2249 5217 Introd.
2284 5158 2354 5214 ad
2383 5161 2456 5214 M.
2492 5161 2611 5216 Par.
2644 5177 2702 5233 p.
2737 5156 2866 5229 537.
