3900 6042
551 462 664 512 248

542 578 754 658 θατέρου
808 575 1199 656 ἐπιγέγραπται.
1265 575 1564 657 Χαριίντως
1634 574 1689 634 δὲ
1753 574 1969 656 Τύραν
1987 598 2086 636 νον

543 667 766 732 ἅπαντες
818 664 971 722 αὐτὸν
1024 662 1311 742 ἐπέγραφον
1362 666 1432 729 ὡς
1489 661 1731 742 ἐξέχοντα
1768 663 1940 734 πάσης
1994 667 2088 733 τῆς

542 749 862 831 Σοφοκλέους
907 749 1194 825 ποιήσεως,
1240 749 1430 829 καίπερ
1475 750 1761 820 ἡττηθέντα
1789 750 1889 808 ὑπὸ
1917 751 2087 809 Φιλο·

542 839 721 906 κλίους
743 883 758 909 ,
789 836 857 901 ὥς
887 858 1012 916 φησι
1039 835 1369 915 Δικαίαρχος.
1392 839 1535 894 Vide
1557 841 1828 914 Wagner.
1859 840 2084 911 Fr'a'gm.

544 930 763 1004 Tragic.
792 947 847 1001 p.
878 927 945 981 61
972 937 1028 980 et
1054 926 1128 990 64
1155 925 1244 980 ed.
1273 926 1471 982 Didot.

1051 1057 1149 1110 DE
1194 1056 1558 1112 EURIPIDE.

1272 1197 1367 1255 [00.

618 1313 898 1368 Plutarch.
928 1313 1012 1366 De
1030 1312 1102 1365 EI
1126 1312 1329 1386 Delph.
1358 1313 1483 1369 init.
1506 1332 1566 1385 p.
1603 1313 1711 1378 384
1734 1315 1861 1382 D:
1897 1313 2089 1388 Στιχι-

544 1394 669 1459 ὂίοις
692 1395 823 1451 τισὶν
851 1396 909 1451 οὗ
934 1393 1142 1474 φαύλως
1166 1395 1394 1474 ἔχουσιν,
1431 1422 1475 1456 ω
1501 1397 1617 1476 φίλε
1647 1396 1955 1478 Σαραπίων,
1986 1394 2088 1454 ἐνί·
2171 1464 2180 1477 ι

541 1504 697 1559 τυχον
739 1481 943 1561 πρώην,
988 1482 1053 1538 ἃ
1068 1484 1386 1563 Δικαίαρχος
1426 1484 1713 1562 Εὐριπίδην
1757 1483 1919 1542 οἴεται
1967 1482 2092 1565 πρὸς

538 1566 816 1647 Ἀρχέλαον
836 1570 995 1627 εἰπεῖν
1012 1593 1025 1605 ·

662 1680 733 1728 Οὐ
760 1681 990 1744 βούλομαι
1027 1683 1297 1731 πλουτοῦντι
1320 1683 1564 1746 δωρεῖσθαι
1595 1685 1750 1741 πένης,

663 1751 726 1811 μή
753 1752 802 1813 μ’
834 1753 1011 1814 ἄφρονα
1041 1753 1213 1814 κρίνῃς,
1230 1755 1260 1810 ἢ
1294 1752 1443 1808 διδοὺς
1464 1755 1607 1802 αἰτεῖν
1640 1755 1781 1803 δοκῶ.

618 1841 818 1893 Versus
853 1861 921 1899 ex
951 1841 1228 1895 Archelao
1263 1840 1448 1895 fabula
1472 1842 1632 1913 petiti
1661 1860 1773 1897 esse
1803 1842 2089 1899 videntur.

538 1925 605 1979 V.
627 1925 875 1996 &Vagner
898 1926 957 1979 in
980 1927 1202 1999 Fragm.
1234 1927 1430 2000 Eurip.
1458 1928 1530 1980 sr.
1567 1926 1678 1981 256
1708 1939 1764 1983 et
1786 1946 1918 2001 pag.
1946 1929 2084 1999 671.

618 2009 703 2061 De
731 2008 927 2064 Medea
954 2011 1342 2083 NeophroniS‚
1373 2031 1484 2085 qua
1511 2031 1638 2067 usus
1664 2013 1959 2086 Euripides
1986 2015 2085 2083 sit,

540 2094 893 2149 Dicaearchus
943 2097 1002 2149 in
1044 2094 1153 2173 Βίῳ
1196 2093 1454 2161 Ἑλλάδος
1510 2097 1617 2173 (sr.
1676 2099 1742 2154 16
1766 2098 1784 2173 )
1832 2099 2088 2171 quaedam

542 2191 858 2235 monuerat.
890 2184 1217 2236 Accuratius
1245 2183 1316 2237 de
1336 2184 1441 2238 hac
1469 2183 1658 2240 sabula
1681 2187 1739 2239 in
1766 2185 2090 2241 Didascaliis

540 2267 737 2337 egerit.
778 2297 858 2310 -
899 2269 1179 2323 Plutarchi
1222 2270 1441 2338 locum,
1495 2288 1611 2343 quo
1653 2272 1962 2327 Dicaearchi
2004 2273 2089 2326 De

540 2350 812 2426 Euripide
840 2356 1110 2428 scriptum
1140 2356 1438 2425 indicatur,
1469 2376 1637 2432 supra
1669 2357 1775 2433 (sr.
1816 2358 1888 2415 35
1920 2358 1937 2432 )
1963 2360 2079 2430 jam

537 2443 914 2513 apposuimus.

969 2563 1069 2616 DF.
1110 2563 1642 2619 ARISTOPHANE.

1265 2696 1356 2754 41.

533 2809 539 2817 ’
614 2812 802 2869 Schol.
842 2814 1055 2868 Platon.
1103 2833 1162 2887 p.
1213 2813 1319 2869 331
1369 2815 1461 2870 ed.
1512 2817 1716 2891 Bene,
1757 2817 1828 2871 de
1864 2818 2084 2871 Aristo-

534 2898 720 2969 phane
772 2918 784 2949 :
833 2896 988 2972 Τρεῖς
1031 2896 1074 2954 δ’
1116 2897 1270 2974 ἔσχεν
1322 2895 1488 2970 υἱοὺς,
1534 2898 1806 2958 Φίλιππον
1854 2898 1941 2955 τὸν
1981 2898 2087 2963 τοῖς

537 2980 808 3041 Εὐὸούλου
842 2982 1101 3060 δράμασιν
1129 2984 1533 3061 ἀγωνισάμενον,
1557 2985 1648 3043 καὶ
1668 2984 1918 3066 Ἄραρότα
1943 2984 2087 3051 ἰδίοις

539 3089 596 3124 τε
623 3067 827 3124 καὶτοῦ
857 3068 1050 3148 πατρὸς
1086 3067 1319 3147 δράμασι
1351 3071 1771 3147 διηγωνισμένον,
1796 3071 1885 3128 καὶ
1916 3070 2085 3149 τρίτον

539 3152 598 3210 ὃν
636 3152 1017 3231 Ἀπολλόδωρος
1056 3153 1149 3229 μὲν
1195 3154 1551 3236 Νικόστρατον
1592 3158 1767 3229 καλεῖ,
1796 3159 1844 3214 οἱ
1881 3156 1934 3213 δὲ
1964 3155 2086 3235 περὶ

539 3238 857 3317 Δικαίαρχον
879 3240 1216 3319 Φιλέταιρον.

1266 3362 1357 3420 42.

616 3472 850 3541 Argum.
884 3470 943 3522 in
987 3469 1272 3542 Aristoph.
1307 3470 1490 3523 Ranas
1527 3488 1540 3522 z
1581 3466 1659 3525 Τὸ
1687 3465 1741 3524 δὲ
1767 3465 1942 3545 δρᾶμα
1981 3469 2084 3524 τῶν

534 3643 701 3679 oinnoe
725 3630 1090 3692 inscripserunt,
1123 3633 1290 3693 utpote
1308 3632 1434 3681 inter
1449 3645 1617 3681 omnes
1640 3632 1927 3694 Sophocleas
1948 3632 2080 3681 t'abu-

534 3706 604 3755 las
627 3705 888 3767 principem
914 3707 1077 3755 locum
1105 3707 1429 3770 obtinentem,
1449 3709 1538 3758 etsi
1558 3708 1794 3758 Philocles
1826 3708 2078 3759 victoriam

532 3784 593 3832 ‹le
610 3782 842 3844 Sophocle
861 3785 965 3834 tum
983 3787 1318 3846 reportaverit,
1340 3789 1464 3836 teste
1481 3786 1783 3837 Dicaearcho.

598 3948 743 3996 lucidi
770 3961 942 4010 nuper,
966 3949 1033 3997 mi
1052 3949 1266 4011 Serapio,
1290 3950 1342 3999 in
1369 3950 1626 4000 versiculos
1641 3950 1873 4013 quosdam
1895 3961 2078 4012 nequa-

530 4037 677 4085 quam
700 4025 988 4087 inelegantoe
1026 4044 1041 4075 ι
1076 4027 1253 4088 quibus
1284 4027 1593 4077 Dicaearchus
1627 4028 1869 4077 existimat
1905 4028 2079 4077 Arche-

530 4101 662 4150 laum
685 4101 829 4152 t'uisse
844 4103 907 4151 ab
928 4103 1156 4165 Euripide
1184 4105 1555 4167 compellatum:

635 4196 753 4241 Nolo
768 4199 801 4241 ti
809 4197 854 4241 bi
875 4195 983 4242 dare
998 4198 1118 4243 dona
1136 4209 1311 4255 pauper
1323 4198 1458 4245 diviti
1476 4215 1489 4242 x

634 4262 840 4320 desipere
859 4277 917 4310 ne
935 4268 1065 4320 putes
1082 4277 1179 4322 me,
1202 4266 1274 4313 vel
1288 4266 1444 4312 dando
1463 4269 1632 4324 petere.

592 4428 927 4491 Aristophanes
956 4431 1166 4480 comicus
1197 4433 1293 4480 tres
1326 4432 1493 4481 habuit
1526 4431 1673 4490 tilios,
1708 4431 1976 4491 Philippum
1996 4429 2079 4491 qui

531 4507 706 4556 Eubuli
742 4508 912 4557 sabulis
950 4510 1179 4570 certavit,
1218 4513 1467 4560 Ararotem
1509 4511 1592 4572 qui
1628 4511 1676 4558 et
1712 4508 1811 4558 suis
1848 4512 1898 4557 et
1934 4508 2083 4569 patris

530 4571 704 4632 sabulis
734 4585 965 4644 certavit,
984 4586 1246 4635 ettertium
1273 4587 1622 4647 Nicostratum,
1641 4586 1711 4634 uti
1732 4584 2077 4647 Apollodorus,

531 4661 607 4710 vel
625 4660 927 4721 Philetaerus,
944 4664 1014 4711 uti
1038 4662 1342 4712 Dicaearehus
1363 4664 1526 4714 tradit.

593 4827 738 4873 nanae
753 4824 912 4874 sabula
927 4827 997 4874 oet
1010 4838 1073 4874 ex
1086 4825 1206 4876 bene
1220 4829 1268 4875 et
1280 4826 1527 4890 diligenter
1541 4826 1820 4886 elaboratis;
1837 4825 1977 4874 (loeta
1992 4826 2082 4876 sub

528 4900 680 4949 Callia
705 4902 811 4962 post
833 4902 1109 4963 Antigenem
1124 4903 1378 4962 archonte,
1406 4917 1489 4966 per
1512 4903 1807 4953 Philonidem
1823 4903 1873 4952 in
1890 4905 2079 4965 Lenaeo-

529 4990 637 5025 rum
686 4978 875 5026 festum.
917 4977 1254 5041 Aristophanes
1292 4979 1474 5042 primus
1514 4982 1616 5028 erat
1629 5016 1644 5039 ,
1690 4979 1924 5028 secundas
1971 4980 2080 5027 tulit

528 5053 824 5113 Phrynichus
843 5053 988 5102 Musis
1012 5053 1170 5103 sabula
1184 5091 1198 5115 ,
1214 5056 1377 5105 tertias
1394 5056 1558 5105 Platon
1578 5055 1875 5118 cleophonle
1899 5055 2074 5103 sabula.

526 5136 595 5183 Ac
621 5132 865 5191 tantopere
884 5132 1042 5179 uanas
1061 5131 1279 5181 admirati
1295 5134 1407 5181 sunt
1423 5134 1613 5193 propter
1628 5132 1874 5192 parabasin
1888 5167 1901 5192 ,
1920 5132 1967 5180 in
1983 5145 2076 5192 qua

1716 445 2160 509 mcAEARcfll
2202 446 2549 508 missi-:Nn

2179 566 2236 634 εἷ
2255 577 2342 634 καὶ
2368 577 2653 657 φιλοπόνως
2675 577 3059 652 πεποιημένων.
3083 574 3371 653 Ἔδιδάχθη
3397 574 3452 632 δὲ
3469 574 3556 632 ἐπὶ
3585 577 3738 634 Ka).-

2178 663 2290 721 λίου
2322 670 2413 723 τοῦ
2449 663 2581 739 μετὰ
2609 663 2898 738 Ἀντιγένη,
2946 663 3031 720 διὰ
3067 662 3365 722 Φιλωνίδου
3395 663 3470 726 εἷς
3501 661 3736 729 Λήναια.
3837 698 3838 707 1

2184 753 2398 828 Πρῶτος
2421 744 2510 812 ἦν·
2540 751 2771 828 δεύτερος
2796 748 3060 828 Φρύνιχος
3081 749 3340 817 Μούσαις,
3361 746 3596 807 Πλάτων
3625 747 3740 824 xpi·

2179 858 2263 899 τος
2293 837 2612 915 Κλεοφῶντι.
2654 835 2814 895 Οὕτω
2847 833 2900 892 δὲ
2930 834 3230 910 ἐθαυμάσθη
3263 832 3350 891 διὰ
3378 832 3476 903 τὴν
3497 835 3554 889 ἐν
3589 833 3740 908 αὐτῷ

2179 922 2504 1001 παράὸασιν,
2528 922 2643 981 καθ’
2670 922 2736 992 ἣν
2765 920 3061 980 διαλλάττει
3081 920 3198 986 τοὺς
3219 920 3454 996 ἐντίμους
3473 919 3585 984 τοῖς
3621 921 3742 976 α’τί-

2181 1029 2295 1082 μοις
2315 1008 2404 1066 καὶ
2433 1008 2549 1074 τοὺς
2578 1009 2797 1073 πολίτας
2823 1010 2927 1073 τοῖς
2953 1006 3196 1086 φυγάσιν,
3219 1003 3354 1062 ὥστε
3373 1005 3466 1061 καὶ
3487 1002 3736 1061 einsied—
3839 1014 3840 1029 ³

2179 1098 2282 1171 χθη
2298 1138 2314 1163 ,
2342 1093 2412 1161 ὥς
2439 1116 2566 1173 φησι
2588 1093 2917 1172 Δικαίαρχος.

2456 1240 2636 1300 ΠΕΡΙ
2679 1240 3076 1301 ΜΟΥΣΙΚΩΝ
3121 1239 3453 1299 ΑΓΩΝΩΝ.

2917 1369 3008 1433 43.

2260 1488 2491 1546 Photius
2512 1494 2648 1549 Lex.
2678 1511 2692 1545 ε
2724 1486 2961 1558 Σκολιόν,
2997 1490 3032 1559 ἡ
3057 1484 3320 1564 παροίνιος
3341 1482 3472 1565 ᾠδηζ
3497 1482 3597 1549 Ὡς
3637 1479 3733 1558 μὲν
3843 1530 3844 1555 γ

2181 1575 2498 1685 Δικαίαρχος
2525 1577 2579 1631 ἐν
2615 1577 2691 1655 τῷ
2728 1573 2862 1653 Περι
2899 1575 3167 1677 μουσικῶν
3216 1571 3464 1648 ἀγώνων,
3493 1566 3579 1626 ὅτι
3620 1570 3740 1649 τρία
3843 1574 3844 1589 ’

2181 1663 2303 1740 γένη
2334 1686 2400 1734 ην
2425 1663 2594 1743 ᾠδων,
2622 1684 2681 1719 το
2710 1660 2849 1737 μὲν(
2830 1682 2931 1718 υπο
2970 1658 3176 1717 πάντων
3211 1658 3480 1737 ᾀδόμενον,
3511 1655 3612 1734 [τὸ
3641 1656 3738 1732 δὲ]
3843 1652 3844 1655 ¹

2182 1751 2297 1807 καθ’
2319 1748 2408 1806 ἕνα
2434 1750 2520 1807 ἑ’“
2461 1772 2571 1819 ς,ης
2608 1747 2667 1806 τὸ
2691 1747 2744 1806 δὲ
2774 1747 2875 1805 υπὸ
2909 1751 3012 1805 τῶν
3050 1746 3431 1814 συνετωτάτων,
3455 1748 3527 1808 ὡς
3555 1742 3739 1821 ἔτυχεν

2179 1840 2244 1914 τῇ
2282 1835 2460 1907 τάξει,
2488 1835 2517 1892 ὃ
2539 1833 2603 1906 δὴ
2624 1836 2895 1893 καλεῖσθαι
2919 1832 3004 1892 διὰ
3027 1831 3120 1902 τὴν
3149 1831 3291 1899 τάξιν
3314 1831 3550 1890 σκολιόν·
3583 1834 3658 1896 ὡς
3685 1827 3738 1887 δὲ
3845 1856 3846 1871 ¹

2180 1922 2517 2002 Ἀριστόξενος
2538 1924 2658 1981 κτλ.

2259 2013 2439 2067 Verba
2483 2009 2543 2067 τὸ
2583 2007 2637 2067 δὲ
2677 2011 2953 2084 supplevit
2987 2010 3228 2066 Naekius.
3275 2008 3484 2062 Eadem
3533 2007 3741 2061 Suidas

2181 2119 2225 2153 S.
2260 2119 2315 2156 v.
2363 2098 2544 2173 (unde
2583 2100 2839 2153 Musurus
2873 2098 3061 2151 intulit
3101 2098 3160 2150 in
3203 2093 3616 2151 schol.A1din.
3666 2094 3738 2148 ad
3847 2080 3848 2157 l

2180 2186 2461 2259 Aristoph.
2485 2187 2627 2242 Rau.
2665 2185 2813 2256 1329
2840 2182 2856 2257 )
2881 2195 2937 2238 et
2961 2183 3137 2240 schol.
3169 2181 3243 2236 ad
3267 2182 3496 2236 Lucian.
3522 2199 3595 2252 p.
3629 2180 3735 2232 116

2180 2272 2274 2328 ed.
2305 2272 2585 2341 Jacobitz,
2616 2271 2714 2325 ubi
2750 2288 2858 2343 pro
2899 2270 3017 2345 τρία
3050 2264 3172 2344 γένη
3205 2269 3411 2341 legitur
3449 2262 3537 2320 δύο
3571 2262 3734 2339 γέν-ης

2179 2360 2442 2413 nimirum
2467 2358 2678 2412 omissis
2713 2356 2897 2411 verbis
2920 2352 2981 2411 τὸ
3001 2350 3086 2427 δὲ,
3136 2354 3358 2409 nonnisi
3383 2352 3497 2408 duo
3517 2370 3736 2427 genera

2180 2445 2611 2499 commemorari
2656 2442 3012 2497 videbantur.
3071 2439 3291 2496 Deinde
3340 2438 3495 2511 apud
3542 2438 3729 2492 schol.

2178 2532 2402 2587 Lucian.
2436 2531 2626 2585 titulus
2646 2529 2777 2583 libri
2800 2539 2880 2583 est
2906 2522 3069 2605 Περὶ
3104 2526 3464 2600 μουσικῆς,
3493 2525 3577 2579 uti
3609 2543 3732 2597 pas·

2176 2619 2274 2671 sim
2307 2617 2452 2671 tituli
2471 2618 2529 2670 in
2546 2616 2770 2670 brevius
2784 2614 3214 2669 contrahuntur.
3233 2611 3450 2666 Eodem
3472 2610 3655 2665 modo
3673 2613 3728 2663 in

2174 2722 2287 2775 seq.
2309 2703 2507 2776 fragm.
2527 2702 2700 2757 schol.
2731 2701 2922 2756 Aldin.
2951 2700 3162 2755 habeut
3191 2696 3324 2775 Περὶ
3353 2699 3629 2772 μουσικῆς.

2900 2830 2990 2888 lili·

2254 2948 2441 3003 Schol.
2481 2945 2764 3018 Aristoph.
2792 2943 2945 3000 Nub.
2983 2942 3130 3009 1364
3158 2960 3174 2999 ε
3208 2939 3529 3019 Δικαίαρχος
3563 2942 3615 2996 ἐν
3649 2943 3725 3017 τῷ

2185 3031 2316 3112 Περὶ
2341 3033 2600 3108 μουσικῶν
2625 3028 2865 3105 ἀγώνων·
2895 3055 2920 3078 σι
2945 3028 3068 3087 Ἔτι
3087 3027 3141 3084 δὲ
3167 3026 3335 3084 κοινόν
3357 3049 3411 3084 τι
3429 3026 3592 3091 πάθος
3610 3026 3730 3104 φαί-

2179 3141 2320 3176 νεται
2344 3118 2734 3176 συνακολουθεῖν
2753 3120 2858 3182 τοῖς
2880 3114 3223 3195 διερχομένοις
3241 3113 3344 3171 εἴτε
3373 3113 3511 3190 μετὰ
3540 3112 3724 3189 μέλους

2179 3206 2282 3265 εἴτε
2307 3204 2427 3263 ἄνευ
2463 3203 2669 3281 μέλους,
2693 3202 2905 3282 ἔχοντάς
2929 3225 2979 3259 τι
3007 3205 3060 3258 ἐν
3093 3206 3159 3280 τῇ
3179 3199 3316 3279 χειρὶ
3343 3205 3606 3259 ποιεῖσθαι
3631 3198 3723 3269 τὴν

2179 3291 2440 3372 ἀφήγησιν
2456 3313 2469 3327 ·
2489 3289 2614 3349 οἵτε
2634 3289 2737 3369 γὰρ
2766 3289 2970 3369 ᾄδοντες
2997 3290 3050 3346 ἐν
3076 3296 3182 3353 τοῖς
3203 3288 3518 3363 συμποσίοις
3541 3289 3605 3345 ἐκ
3624 3309 3721 3344 πα-

2176 3383 2330 3445 λαιᾶς
2369 3401 2503 3444 τινος
2549 3375 2886 3455 παραδόσεως
2926 3377 3100 3433 κλῶνα
3156 3373 3348 3453 δάφνης
3397 3373 3435 3443 ἢ
3481 3374 3727 3454 μυρρίνης

2180 3464 2426 3530 λαὸόντις
2445 3463 2673 3544 ᾄδουσιν.
2698 3488 2721 3512 υ
2750 3465 2966 3519 Titulus
2991 3462 3121 3517 libri
3149 3465 3209 3515 in
3231 3462 3406 3517 codd.
3440 3464 3656 3517 Raven.
3677 3471 3728 3515 et

2168 3632 2297 3680 cives
2317 3630 2376 3678 iis
2391 3630 2477 3692 qui
2497 3628 2607 3689 jure
2624 3627 2749 3677 civili
2768 3630 2818 3677 et
2839 3627 3019 3675 honore
3032 3625 3205 3687 privati
3224 3626 3274 3673 et
3295 3623 3467 3673 exules
3494 3626 3636 3673 erant
3653 3637 3723 3672 re·

2168 3709 2415 3769 conciliat,
2431 3711 2486 3757 ut
2502 3710 2646 3756 etiam
2664 3704 2822 3755 denuo
2838 3704 2997 3754 sabula
3010 3704 3154 3753 docta
3170 3703 3260 3763 sit,
3279 3704 3403 3751 teste
3423 3702 3721 3752 Dicaeaoeho.

2901 3814 2990 3864 43.

2418 3925 2519 3983 DE
2559 3922 2855 3985 Muslcls
2888 3919 3474 3980 CERTAMlNlBUS.

2231 4035 2463 4094 Sentium,
2482 4033 2717 4082 cantilena
2740 4031 2861 4081 inter
2878 4028 3050 4092 pocula
3067 4027 3247 4077 cantari
3259 4028 3414 4077 solita.
3445 4028 3717 4077 seeundum

2173 4112 2513 4162 Dicaearcbnm
2533 4112 2582 4159 in
2608 4110 2731 4159 libro
2753 4113 2826 4160 De
2847 4107 3042 4156 musicis
3071 4106 3437 4166 certaminibus,
3471 4106 3570 4154 tria
3591 4107 3720 4155 erant

2171 4189 2517 4238 cantilenarum
2542 4198 2746 4249 genera;
2775 4197 2926 4234 unum
2953 4195 3120 4233 earum
3135 4218 3152 4243 ,
3176 4194 3288 4242 quoe
3310 4181 3372 4229 ab
3395 4182 3628 4231 omnihus
3644 4194 3719 4230 ra·

2172 4269 2409 4317 nebantur
2425 4265 2599 4327 simu13
2620 4265 2827 4314 alterum
2864 4275 3027 4313 earum
3041 4298 3055 4322 ,
3079 4273 3190 4323 quae
3209 4274 3240 4309 a
3259 4258 3454 4322 singulis
3485 4260 3720 4309 caneban-

2171 4348 2251 4393 tur
2267 4342 2528 4393 secundum
2546 4340 2787 4400 ordinem;
2805 4339 3000 4389 tertium
3019 4350 3204 4397 earum,
3224 4348 3334 4398 quae
3347 4335 3541 4384 nonnisi
3553 4350 3583 4385 a
3601 4337 3719 4398 peri·

2171 4422 2363 4471 tissimis
2391 4420 2683 4471 canebantur
2714 4418 2843 4467 ultro
2877 4417 3117 4477 citroque,
3143 4413 3312 4462 ordine
3349 4413 3566 4472 incerto,
3597 4412 3719 4463 uuile

2172 4498 2359 4547 σκολιόν
2375 4496 2692 4557 (obliquum,
2716 4492 3036 4549 tortuosum)
3062 4489 3155 4538 hoc
3183 4488 3456 4538 carminum
3473 4500 3624 4549 genus
3639 4501 3714 4536 no·

2173 4576 2398 4622 minatur.

3691 3877 3720 3908 Δ

2910 4647 2974 4695 Η
2993 4674 3009 4692 .

2235 4741 2538 4794 Dicaearchus
2562 4740 2609 4788 in
2641 4737 2763 4787 libro
2789 4740 2856 4787 De
2875 4736 3068 4786 musicis
3088 4735 3435 4784 certaminibus
3453 4736 3524 4784 ait
3558 4755 3569 4783 :
3593 4738 3716 4784 l‘rae·

2173 4823 2304 4869 terea
2322 4823 2494 4869 natura
2522 4817 2658 4879 quasi
2690 4817 2905 4865 innatum
2929 4828 3029 4864 esse
3065 4814 3253 4862 videtur
3270 4816 3324 4862 ut
3341 4814 3620 4875 quicunque
3636 4826 3713 4861 ex·

2173 4904 2354 4959 ponunt
2379 4898 2559 4960 aliquid
2572 4901 2671 4944 sive
2691 4898 2836 4944 cantu
2863 4894 2963 4943 sive
2985 4893 3166 4954 absque
3181 4894 3324 4941 cantu
3341 4929 3355 4952 ‚
3375 4906 3523 4940 mann
3542 4889 3711 4953 aliquid

2170 4979 2384 5024 tenentes
2412 4976 2731 5023 narrationem
2766 4972 2957 5021 saciant.
2985 4973 3103 5019 Nam
3122 4973 3171 5018 et
3206 4969 3289 5030 qui
3313 4970 3360 5016 in
3385 4969 3622 5016 connis-iis
3640 4981 3710 5014 ca·

2171 5056 2290 5101 nunt
2303 5067 2362 5101 ex
2384 5050 2782 5112 vetustaquadatn
2795 5049 3043 5099 traditione
3062 5060 3244 5096 ramum
3261 5045 3382 5095 lauri
3400 5044 3709 5107 sivemyrrhze

2173 5133 2383 5179 tenentes
2405 5128 2452 5177 id
2475 5128 2670 5176 faciunt.
