3900 6042
520 503 592 553 28
1595 484 2002 545 nunonem
2061 455 2626 545 nERACLEENsi's
2729 566 2738 571 ἡ

516 632 806 687 historiam
842 630 1285 696 immutaverint,
1323 637 1478 682 tanto
1507 627 1683 700 magis
1707 627 1822 698 ipse
1866 626 1971 679 sibi
2012 626 2072 678 in

520 716 768 773 Ponticis
813 719 922 772 suis
959 716 1288 771 commentis
1327 713 1614 768 indulsisse
1652 712 1895 766 videtur.
1945 714 2071 766 Huc

517 807 801 879 pertinent
832 806 1106 861 Cerberus
1145 802 1217 881 ad
1247 801 1572 857 Heracleam
1603 818 1673 854 ex
1701 799 1851 854 Orco
1879 810 2071 854 extra-

520 891 877 968 ctus(fr.25)
904 903 959 947 et
975 890 1235 965 magist-er
1252 885 1806 959 HerculisScythicus
1827 887 1930 960 (fr.
1956 886 2023 961 4)
2053 906 2066 940 :

524 981 672 1035 adde
708 981 1090 1036 narrationem
1129 975 1226 1050 (fr.
1279 974 1375 1049 16)
1418 994 1528 1049 qua
1562 973 1690 1045 jura
1730 975 2070 1029 Heracleen-

521 1070 665 1123 sium
687 1070 747 1123 in
767 1061 976 1122 vicinas
991 1064 1160 1120 urbes
1182 1084 1249 1120 ex
1270 1065 1526 1120 Herculis
1540 1062 1770 1117 historia
1790 1061 2072 1134 quodam-

518 1156 693 1211 modo
724 1165 1079 1228 repetuntur.
1110 1151 1325 1209 Similia
1350 1161 1478 1206 sunt
1510 1150 1715 1223 quibus
1735 1149 1949 1229 patrias
1974 1167 2070 1203 re-

518 1244 753 1316 ligiones
815 1261 944 1297 cum
991 1242 1222 1296 historia
1273 1242 1727 1312 Argonautarum
1776 1235 2071 1309 conjungit

522 1330 633 1403 (fr.
663 1328 953 1403 57--59).
993 1328 1341 1383 Milesiorum
1373 1324 1537 1392 urbi,
1575 1323 1735 1378 alteri
1771 1323 1926 1393 quasi
1957 1324 2072 1377 He—

517 1418 891 1472 racleotarum
937 1415 1273 1488 metropoli,
1313 1410 1653 1487 gratificatur
1693 1408 1764 1463 fr.
1811 1408 1916 1477 43,
1972 1409 2072 1463 ubi

518 1503 669 1575 vide.
1302 1546 1329 1569 ⁸

599 1593 877 1646 Hactenus
895 1590 968 1644 de
985 1590 1040 1642 vi
1059 1629 1074 1657 ,
1101 1606 1272 1661 quam
1303 1587 1485 1660 patria
1512 1584 1756 1639 auctoris
1774 1584 1833 1636 in
1859 1590 2072 1637 tracta--

520 1678 731 1732 tionem
769 1677 1086 1732 fabularum
1129 1674 1464 1729 exercuerit.
1519 1670 1687 1725 Haud
1730 1670 1966 1725 minoris
2000 1668 2073 1723 ad

518 1764 661 1818 hanc
716 1782 837 1819 rem
886 1763 1159 1817 momenti
1200 1762 1428 1816 fixerunt
1467 1777 1591 1830 quae
1628 1758 1893 1831 vigebant
1938 1765 2071 1809 tunc

520 1850 754 1904 Athenis
804 1848 990 1903 studia
1031 1847 1501 1921 philosophorum
1561 1843 2068 1915 sophistarumque.

518 1945 867 2010 Anaxagorae
886 1936 1155 2007 aequalem
1170 1945 1226 1988 et
1239 1934 1467 1987 sortasse
1481 1930 1817 2002 discipulum
1831 1938 2074 2002 arguunt

520 2041 649 2095 quae
684 2026 862 2078 multa
885 2022 1191 2095 disputavit
1209 2020 1281 2074 de
1306 2018 1531 2073 mundis
1555 2014 1850 2093 μετεώροις.
1890 2018 2072 2071 Occa-

518 2103 731 2155 sionem
759 2104 841 2156 rei
866 2101 1111 2175 praebuit
1141 2100 1230 2153 leo
1254 2100 1536 2154 Nemeaeus
1565 2114 1595 2151 e
1618 2097 1783 2162 luna,
1812 2096 1895 2148 uti
1921 2095 2072 2149 sere-

518 2188 687 2259 bant,
711 2188 983 2261 delapsuS.
1013 2190 1149 2258 Quae
1189 2187 1339 2241 fama
1362 2203 1539 2257 quum
1578 2202 1649 2238 ex
1692 2183 2074 2254 antiquissima

519 2278 726 2333 Graecae
763 2276 1049 2350 religionis
1074 2273 1348 2327 memoria
1388 2269 1693 2326 derivanda
1733 2271 1822 2337 sit,
1859 2270 2072 2323 utinam

520 2365 684 2437 plura
712 2363 986 2434 ejusmodi
1019 2372 1233 2416 servata
1252 2360 1608 2414 haberemus.
1639 2356 1713 2411 At
1743 2356 1961 2427 reliqua
1988 2355 2073 2410 di-

521 2453 663 2505 versi
691 2452 858 2523 plane
882 2450 1098 2523 generis
1114 2457 1263 2502 sunt.
1286 2447 1503 2501 Etenim
1522 2454 1759 2499 vetustas
1776 2443 1989 2497 fabulas
2016 2444 2075 2496 in

526 2539 840 2593 communis
877 2538 1007 2591 vitae
1032 2536 1290 2590 historias
1317 2533 1586 2599 detrahit,
1621 2533 1767 2586 viam
1801 2532 2071 2603 praeiens»,

521 2644 690 2698 quam
734 2637 927 2700 postea
966 2624 1220 2697 Ephorus
1237 2664 1253 2691 ,
1280 2623 1373 2677 alii
1415 2620 1688 2675 terebant.
1730 2619 1902 2692 Legas
1949 2636 2074 2690 quae

519 2723 884 2786 exponuntur
933 2710 1004 2766 de
1043 2711 1379 2766 Prometheo
1423 2706 1526 2782 (sr.
1558 2702 1692 2783 23),
1719 2705 1791 2760 de
1829 2708 2073 2760 Laome-

522 2800 697 2854 donte
733 2800 837 2872 (fr.
877 2817 945 2872 19
971 2795 1009 2873 ),
1043 2798 1114 2853 de
1143 2799 1315 2853 ariete
1346 2793 1748 2868 Pelopidarum
1783 2790 1894 2866 (fr.
1917 2792 1987 2847 61
2020 2791 2072 2867 ),

521 2887 593 2941 «le
620 2885 858 2941 Hercule
885 2886 1226 2959 philosopho
1254 2884 1358 2957 (fr.
1385 2889 1456 2947 24
1483 2882 1522 2956 ).
1551 2876 1764 2936 Eorum
1798 2881 2072 2935 nonnulla

523 2976 597 3028 ita
650 2985 971 3046 comparata
1009 2982 1136 3026 sunt
1174 2983 1239 3026 ut
1266 2973 1585 3026 etiamnunc
1620 2967 1904 3034 dubitem,
1934 2986 2074 3021 num

522 3071 674 3115 recte
714 3059 786 3114 ad
810 3060 1077 3113 Nostrum
1102 3058 1437 3112 reserantur.
1484 3056 1692 3109 Contra
1729 3054 1959 3108 Cerberi
1997 3053 2074 3109 sa·

522 3146 712 3200 hulam
735 3147 795 3205 in
819 3147 1120 3212 honorem,
1150 3146 1376 3218 opinor,
1393 3144 1591 3215 patriae
1613 3142 2075 3214 interpretamen-

521 3233 591 3285 tis
634 3234 745 3287 suis
765 3250 885 3287 non
925 3231 1263 3286 deformasse
1302 3228 1547 3298 videtur,
1573 3229 1673 3281 etsi
1714 3227 1787 3282 de
1821 3227 1925 3282 bac
1959 3228 2075 3300 jam

523 3320 810 3375 Hecataeus
826 3319 1103 3391 judicium
1120 3336 1279 3373 suum
1300 3318 1726 3390 interposuerat.
1752 3317 2076 3372 —Dialecti

526 3408 730 3462 Ionicae
751 3409 976 3480 vestigia
1004 3414 1219 3462 exstant
1245 3406 1302 3459 in
1318 3404 1516 3479 fragm.
1550 3409 1615 3469 14
1642 3412 1696 3456 et
1718 3421 1829 3458 20:

798 3604 849 3661 Ο
892 3604 1064 3662 ΚΑΘ’
1112 3604 1473 3680 HRAKAEA
1530 3604 1796 3663 ΛΟΓΟΣ.

1264 3792 1316 3830 ι.

604 3933 795 3991 Schol.
839 3933 912 3988 ad
954 3910 1231 4005 'Apollom
1275 3931 1466 3987 Rhod.
1498 3933 1556 3999 1,
1587 3937 1696 4000 747
1748 3926 1859 3986 t‘H
1899 3926 2078 4007 Τάφος

525 4025 678 4092 νῆσος
712 4018 822 4076 ἐστὶ
846 4017 942 4093 μία
976 4022 1077 4075 τῶν
1102 4016 1411 4095 Ἐχινάδων,
1436 4016 1500 4086 ἣν
1528 4013 1744 4095 ᾤκησαν
1781 4014 2078 4085 Τηλεδόαι,

524 4113 572 4167 οἱ
615 4107 854 4188 πρότεροι
881 4104 975 4177 τὴν
1005 4104 1280 4183 Ἀκαρνίαν
1322 4106 1605 4175 οἰκοῦντες,
1635 4104 1811 4182 ἄνδρες
1852 4105 2072 4181 λῃστρι-

526 4196 749 4255 κώτατοι
775 4194 863 4252 τὸν
887 4193 1095 4273 τρόπον.
1126 4194 1233 4254 Καὶ
1263 4195 1334 4259 εἰς
1359 4188 1542 4271 Ἄργος
1565 4190 1865 4257 ἐπελθόντες
1883 4190 1975 4258 τὰς
1990 4197 2079 4249 τοῦ

882 4382 982 4440 DE
1024 4379 1264 4440 REBUS
1311 4378 1704 4441 HERCULIS.

1276 4516 1324 4565 1.

590 4623 838 4686 Tapbum,
863 4622 1068 4671 insulam
1083 4636 1147 4673 ex
1165 4623 1486 4673 Echinadibus
1511 4636 1656 4672 unam
1670 4659 1685 4684 ,
1707 4621 1929 4671 Teleboae
1944 4621 2082 4671 inco·

530 4704 753 4762 luerunt,
780 4702 864 4765 qui
898 4704 1039 4751 antea
1074 4703 1390 4752 Acarnaniam
1418 4703 1824 4761 inhabitaverant,
1842 4700 1931 4749 viri
1955 4714 2081 4762 proe·

528 4782 712 4829 donum
732 4794 865 4830 more
885 4780 1113 4829 viventes.
1130 4780 1189 4828 Hi
1209 4785 1358 4845 Argos
1370 4780 1571 4842 profecti
1590 4780 1737 4829 boves
1756 4778 2049 4840 Electryonis
2064 4815 2080 4840 ,

528 4860 612 4920 qui
642 4861 778 4920 pater
808 4860 911 4906 erat
941 4858 1217 4918 Alcmenes,
1246 4857 1539 4919 abegerunt,
1562 4860 1612 4906 et
1632 4856 1886 4906 commisso
1914 4856 2083 4917 proelio

530 4939 637 4985 tum
680 4935 899 4996 Electryo
939 4936 1045 4983 tum
1082 4934 1165 4983 filii
1194 4934 1300 4995 eius
1334 4934 1571 4984 interfecti
1606 4936 1735 4984 sunt.
1776 4935 2083 4999 Quapropter

530 5013 759 5063 Alcmene
791 5012 958 5061 relicta
998 5012 1153 5074 patria
1186 5011 1374 5061 Thebas
1411 5011 1583 5061 sedem
1625 5011 1896 5072 transtulit,
1936 5014 2083 5072 atque

530 5090 722 5152 nuptias
754 5088 970 5151 promisit
1008 5088 1079 5149 ei,
1109 5088 1194 5149 qui
1225 5087 1406 5136 caedem
1438 5091 1686 5150 paternam
1719 5088 1908 5136 ulturus
1938 5088 2078 5137 soret.

534 5166 586 5216 ld
612 5179 765 5228 quum
796 5164 1092 5227 praestitisset
1117 5163 1417 5226 Amphitryo,
1444 5163 1585 5212 duxit
1615 5177 1830 5213 uxorem.
1853 5164 2084 5214 Distinctc

531 5246 635 5295 liar-c
669 5247 921 5295 narrantur
944 5243 1069 5306 apud
1097 5244 1396 5294 Herodorum
1421 5243 1503 5306 qui
1529 5242 1615 5293 ista
1646 5244 1789 5292 refert
1821 5242 1885 5292 ita
1924 5263 1933 5291 :
1969 5248 2079 5294 Per-

2161 620 2543 700 Ἠλεκτρύωνος
2580 621 2705 699 βόας
2732 621 3010 693 ἀπήλασαν
3040 626 3132 679 τοῦ
3169 622 3373 702 πατρὸς
3389 621 3709 698 Ἀλκμήνης.

2162 710 2448 783 Γενομένης
2477 709 2530 766 δὲ
2567 708 2768 787 μάχης,
2796 708 2886 767 καὶ
2909 713 2937 766 ὁ
2965 708 3298 788 ’Ἠλεκτρύων
3330 710 3420 768 καὶ
3449 713 3495 767 οἱ
3529 709 3711 767 τούτου

2158 799 2340 861 παῖδες
2366 795 2709 875 ἀνῃρέθησαν.
2752 796 2847 855 Διὸ
2882 796 3147 872 Ἀλκμήνη
3176 796 3431 871 μετέστη,
3469 796 3562 856 καὶ
3597 801 3712 853 ἆνε-

2158 882 2374 961 κήρυξεν
2406 883 2495 941 τὸν
2522 887 2711 951 ἑαυτῆς
2743 881 2913 959 γάμον
2941 887 3016 962 τῷ
3057 884 3472 965 τιμωρησομένῳ
3498 884 3587 940 τὸν
3616 905 3715 940 πα-

2159 973 2323 1050 τρῷον
2351 968 2520 1048 φόνον.
2555 970 3003 1049 Τιμωρησάμενος
3037 970 3092 1029 δὲ
3131 971 3454 1051 Ἀμφιτρύων
3495 971 3712 1049 ἔγημεν.

2161 1055 2274 1134 [Ἥ
2302 1056 2504 1135 ἱστορία
2520 1060 2696 1138 σαφῶς
2720 1059 2847 1135 παρ’
2867 1056 3115 1138 Ἡσιόδῳ.
3144 1059 3277 1137 Περὶ
3301 1058 3354 1117 δὲ
3372 1064 3464 1130 τῆς
3491 1059 3713 1138 μάχης]

2161 1142 2456 1224 Ἡρόδωρος
2469 1147 2693 1222 ἱστορεῖ,
2722 1143 2800 1201 ὅτι
2828 1144 3077 1223 Περσέως
3096 1146 3186 1204 καὶ
3215 1146 3553 1225 Ἀνδρομέδας
3583 1146 3705 1205 τέσ-

2161 1252 2313 1307 σαρες
2334 1230 2515 1296 παῖδες
2553 1231 2813 1306 ἐγένοντο,
2839 1231 3099 1307 Ἀλκαῖος,
3127 1231 3405 1303 Σθένελος,
3442 1233 3715 1312 Μήστωρ,

2159 1316 2494 1395 Ἠλεκτρύων
2510 1363 2526 1392 ,
2547 1317 2636 1377 καὶ
2663 1315 2838 1387 κοινὴν
2867 1318 3018 1395 ἔσχον
3045 1317 3142 1387 τὴν
3167 1319 3434 1397 βασιλείαν
3466 1318 3602 1395 μετὰ
3623 1318 3714 1377 τὸν

2163 1404 2403 1482 Περσέως
2426 1402 2660 1461 θάνατον.
2688 1402 2962 1482 Μήστορος
2987 1402 3041 1462 δὲ
3075 1405 3304 1484 θυγάτηρ
3335 1405 3616 1480 Ἱπποθόη,
3653 1394 3719 1478 ἧς

2158 1489 2248 1548 καὶ
2263 1491 2582 1557 Ποσειδῶνος
2607 1490 2889 1570 Πτερέλας·
2910 1497 2998 1549 τοῦ
3015 1490 3094 1567 δὲ,
3114 1491 3389 1563 Τηλεὸόας
3406 1492 3497 1550 καὶ
3512 1493 3713 1572 Τάφος.

2158 1577 2295 1657 [Ὡς
2328 1577 2383 1635 δέ
2401 1601 2559 1651 τινες,
2596 1578 2836 1656 Πτερέλα
2862 1584 2953 1636 τοῦ
2982 1579 3253 1650 Τηλεὸόου
3286 1581 3513 1656 ἐγένοντο
3533 1582 3717 1646 παῖδες

2159 1668 2206 1723 οἱ
2230 1664 2538 1743 καλούμενοι
2565 1663 2888 1744 ΤηλεΕόαι.]
2912 1665 3178 1733 Ἐλθόντες
3207 1666 3261 1724 δὲ
3299 1667 3529 1743 ἀπῄτουν
3557 1666 3714 1725 Ἢλε·

2159 1751 2397 1830 κτρύωνα
2413 1750 2479 1809 τὰ
2495 1756 2586 1822 τῆς
2602 1752 2824 1827 μάμμης
2840 1756 3037 1810 ἑαυτῶν
3053 1757 3166 1824 [τῆς
3181 1753 3397 1831 μητρὸς]
3415 1753 3714 1825 Ἱπποθόης.

2159 1837 2507 1903 Ἀντιστάντες
2547 1837 2600 1895 δὲ
2629 1839 2803 1903 αὐτοῖς
2830 1841 2877 1895 οἱ
2905 1838 3346 1917 Ἥλεκτρυωνίδαι
3391 1839 3716 1919 ἀνῃρέθησαν

2159 1929 2247 1983 ὑπ’
2278 1929 2466 1997 αὐτῶν,
2500 1926 2741 2003 Πτερέλα
2771 1928 2950 1991 παῖδες
2977 1926 3249 1998 Τηλεὸόας
3276 1927 3365 1984 καὶ
3391 1917 3599 2007 Τάφος·
3625 1930 3713 2007 ἀφ’

2159 2003 2231 2069 ὧν
2258 2017 2293 2082 ἡ
2321 2017 2493 2083 νῆσος.
2537 2011 2806 2082 Τηλεὸόαι
2842 2003 2929 2070 οὖν
2983 2017 3030 2071 οἱ
3070 2014 3300 2092 Τάφιοι,
3327 2014 3442 2084 ἤτοι
3478 2015 3558 2072 ὅτι
3590 2017 3717 2085 τῆλε

2161 2103 2413 2164 οἰκοῦντες
2463 2097 2568 2156 ἀπὸ
2618 2097 2830 2177 Ἄργους
2877 2098 2969 2165 τὰς
3021 2103 3141 2178 βοῦς
3198 2099 3501 2172 ἀπήλασαν,
3530 2101 3565 2172 ἢ
3615 2102 3719 2159 ἀπὸ

2161 2190 2211 2246 Τ
2213 2186 2431 2257 ηλεὸόου
2453 2191 2545 2244 τοῦ
2576 2188 2816 2265 Πτερέλα
2844 2192 2934 2243 τοῦ
2961 2185 3218 2264 βασιλέως
3246 2190 3385 2259 υἱοῦ,
3410 2178 3472 2246 οὗ
3495 2189 3716 2269 ἀδελφὸς

2161 2274 2387 2353 Τάφιος·
2413 2272 2499 2354 ἀφ’
2523 2264 2580 2330 οἶ
2610 2272 2701 2331 καὶ
2728 2278 2760 2344 ἡ
2788 2278 2962 2345 νῆσος.

2241 2361 2306 2420 Ἡ
2339 2360 2604 2441 ἱστορία...
2634 2361 2849 2439 μάχης]
2878 2365 3012 2420 Haec
3034 2383 3152 2419 non
3172 2365 3373 2419 suntin
3397 2364 3522 2419 cod.
3540 2366 3714 2420 Paris.

2162 2454 2256 2526 qui
2276 2464 2403 2525 post
2431 2448 2621 2525 ἔγημεν
2649 2452 2835 2525 pergit
2863 2470 2876 2504 ε
2905 2447 3201 2529 Ἡρόδωρος
3225 2448 3281 2506 δέ
3301 2471 3451 2529 φησι.
3485 2452 3709 2509 Miiller.

2161 2541 2303 2595 Dor.
2336 2540 2418 2608 ΙΙ,
2443 2557 2504 2611 p.
2539 2537 2649 2602 464
2680 2539 2955 2610 proponit
2986 2557 2999 2591 ε
3033 2540 3067 2606 ἡ
3102 2539 3264 2615 ἱστορ.
3311 2558 3364 2592 σ.
3392 2560 3452 2592 π.
3484 2535 3719 2614 Ἡσιόδῳ
3819 2576 3826 2579 -

2161 2623 2283 2702 περὶ
2298 2647 2343 2681 τ.
2370 2620 2893 2701 μάχης.“Ηρόδωρος
2917 2621 2972 2680 δὲ
3003 2626 3107 2680 ἱστ.
3133 2625 3302 2695 Quod
3343 2645 3460 2679 non
3499 2627 3717 2699 placet3

2163 2714 2278 2768 imo
2307 2714 2367 2766 in
2391 2714 2496 2767 isto
2536 2709 2766 2789 Ἡσιόδῳ
2812 2715 2929 2785 ipse
2969 2725 3160 2767 noster
3195 2713 3509 2767 Herodorus
3555 2714 3717 2782 latet,

2161 2800 2242 2852 uti
2267 2800 2472 2874 colligo
2492 2818 2562 2854 ex
2585 2800 2765 2854 Natali
2793 2799 2952 2854 Com.
2972 2818 3035 2872 p.
3073 2798 3209 2869 677,
3241 2800 3338 2871 qui
3367 2799 3566 2856 eadem
3585 2819 3716 2855 nar·

2162 2904 2302 2965 rans⁸
2325 2887 2404 2941 ait
2447 2902 2461 2940 ε
2513 2888 2728 2940 Etem‘m
2774 2897 2835 2939 ut
2870 2892 3134 2958 scr-eptam
3164 2883 3293 2955 suit
3331 2887 3406 2940 ab
3445 2887 3724 2942 Herodoto

2164 2973 2547 3048 (Herodoto),
2585 2979 2681 3047 qui
2703 2974 2904 3028 bellum
2936 2975 3085 3028 istud
3117 2975 3432 3047 descripsit,
3461 2987 3725 3048 quattuor

2155 3061 2274 3130 filie·
2296 3080 2371 3116 ex
2394 3062 2748 3117 Andromeda
2774 3062 3079 3134 Pemeoque
3101 3067 3221 3133 pati
3234 3073 3364 3115 sunt
3388 3073 3493 3117 etc.
3515 3089 3584 3099 —-
3607 3062 3720 3130 Τῆς

2164 3145 2397 3226 μητρὸς)
2426 3159 2577 3204 recte
2619 3150 2804 3203 omisit
2836 3148 2967 3203 cod.
3002 3150 3175 3203 Paris.
3195 3190 3211 3217 ,
3241 3150 3339 3203 ubi
3369 3159 3519 3203 totus
3563 3148 3723 3205 locus

2163 3237 2343 3290 multo
2372 3238 2702 3291 concinnius
2741 3236 2914 3291 babet
2940 3237 3018 3290 ita
3049 3255 3063 3290 ι
3092 3235 3204 3293 Τοῦ
3245 3232 3300 3314 δὲ
3323 3233 3600 3303 Τηὶεὸόας
3626 3235 3719 3292 καὶ

2162 3324 2212 3380 T
2214 3319 2358 3400 άφος.
2382 3319 2510 3380 Ἀπὸ
2539 3320 2631 3395 μὲν
2660 3324 2750 3378 τοῦ
2772 3320 2955 3400 Τάφου
2981 3324 3180 3391 ἡνῆσος
3204 3320 3395 3390 ἐκλήθη
3420 3321 3601 3400 Τάφος
3624 3322 3720 3398 μία

2165 3399 2294 3466 οῧσα
2316 3411 2417 3465 τῶν
2447 3406 2759 3485 Ἐχινάδων,
2786 3408 2856 3473 εἰς
2883 3407 2945 3478 ἣν
2975 3406 3172 3487 ᾤκουν·
3202 3407 3292 3465 ἀπ’
3317 3407 3627 3487 ἀμφοτέρων
3665 3408 3720 3467 δὲ

2165 3496 2363 3574 Τάφιοι
2391 3495 2482 3552 καὶ
2497 3495 2762 3566 Τηλεὸόαι
2790 3499 2837 3553 οἱ
2867 3500 3227 3560 κατοικοῦντες
3250 3494 3347 3566 τὴν
3383 3499 3558 3565 νῆσον.
3589 3495 3722 3555 Ἐλ-

2165 3581 2335 3648 θόντες
2361 3575 2449 3639 οὗν
2466 3587 2555 3640 τοῦ
2589 3581 2851 3660 Πτερέλου
2878 3582 3060 3648 παῖδες
3086 3580 3241 3659 ᾔτουν
3269 3579 3414 3661 παρὰ
3447 3586 3539 3638 τοῦ
3562 3581 3724 3641 Ἠλε-

2166 3668 2409 3748 κτρύονος
2433 3666 2527 3734 τὰς
2551 3672 2643 3737 τῆς
2683 3666 2906 3743 μάμμης
2931 3670 3105 3726 αὐτῶν
3125 3666 3404 3738 Ἱπποθόης
3438 3668 3716 3746 χρήματα.

2166 3757 2259 3821 Ὡς
2291 3754 2344 3813 δὲ
2366 3753 2544 3824 ἐνέστη
2574 3754 2932 3833 Ἠλεκτρύων,
2964 3755 3118 3813 αὐτόν
3146 3778 3201 3812 τε
3232 3757 3280 3813 οἱ
3315 3755 3589 3826 Τηλεὸόαι
3631 3756 3725 3814 καὶ

2166 3840 2282 3908 τοὺς
2308 3844 2435 3908 υἱεῖς
2475 3843 2696 3915 ἀνεῖλον,
2745 3842 2835 3899 καὶ
2865 3842 2981 3908 τοὺς
3011 3846 3132 3921 βοῦς
3181 3845 3371 3900 ἐκεῖθεν
3413 3845 3504 3900 τοῦ
3560 3843 3722 3902 Ἠλε-

2167 3928 2405 4008 κτρύονος
2427 3928 2724 3999 ἀπήλασαν.
2752 3927 2911 3989 Ἤτοι
2938 3921 3025 3988 οῦν
3050 3928 3155 3987 ἀπὸ
3174 3928 3443 4000 Τηλεὸόου
3462 3934 3552 3987 τοῦ
3584 3933 3728 3989 Πτε-

2170 4016 2319 4095 ρὲλου
2342 4015 2609 4088 Τηλεὸόαι
2638 4016 2951 4087 ἐκλήθησαν,
2990 4013 3024 4085 ἢ
3063 4015 3168 4073 ἀπὸ
3197 4020 3284 4072 τοῦ
3313 4018 3438 4085 τῆλε
3479 4014 3573 4082 τὰς
3605 4020 3728 4094 βοῦς

2170 4103 2434 4160 ἀπελάσαι
2455 4108 2545 4161 τοῦ
2570 4102 2958 4182 Ἠλεκτρύονος.
2988 4106 3249 4160 Ceterum
3273 4102 3346 4159 cf.
3378 4105 3724 4176 Apollodor.

2170 4195 2247 4263 11,
2294 4200 2350 4264 4,
2392 4199 2456 4264 4,
2486 4194 2585 4248 ubi
2614 4193 2940 4268 genealogia
2981 4211 2995 4246 ε
3041 4192 3316 4261 Mnester,
3361 4192 3730 4266 Hippothoe,

2171 4411 2307 4458 sens,
2353 4397 2449 4459 ait,
2501 4411 2564 4446 ex
2608 4395 2912 4447 Andromeda
2964 4398 3197 4463 quattuor
3244 4399 3518 4458 susceperat
3571 4396 3731 4455 filios,

2170 4476 2413 4536 Alcaeum,
2454 4475 2761 4534 Sthenelum,
2786 4478 3067 4538 Mastorem,
3106 4475 3473 4536 Electryonem,
3502 4475 3587 4537 qui
3619 4480 3733 4539 post

2170 4552 2356 4601 obitum
2384 4552 2539 4614 patris
2569 4565 2768 4613 regnum
2796 4552 3027 4612 tenchant
3061 4564 3333 4601 commune.
3367 4555 3544 4602 nestor
3578 4553 3733 4604 filiam

2173 4627 2344 4677 habuit
2363 4629 2697 4690 Hippothoem
2725 4642 2837 4689 quae
2855 4630 3077 4690 Neptuno
3091 4629 3276 4691 peperit
3307 4628 3576 4678 Pterelaum
3594 4667 3609 4690 ,
3642 4644 3734 4694 pa-

2169 4708 2297 4754 trem
2328 4705 2548 4756 Teleboae
2577 4706 2628 4754 et
2658 4704 2827 4767 Taphi.
2857 4704 3168 4765 (Secundum
3195 4705 3316 4755 alios
3338 4705 3572 4757 Teleboas
3595 4710 3735 4769 pater

2172 4785 2263 4833 suit
2284 4784 2511 4846 Pterelai‚
2532 4786 2680 4846 atque
2707 4784 2851 4845 hujus
2873 4783 2960 4833 filii
2986 4784 3235 4846 Teleboae,
3270 4798 3392 4848 quos
3423 4783 3648 4850 dicunt.)
3673 4788 3734 4835 Hi

2173 4863 2316 4924 igitur
2337 4868 2484 4924 Argos
2501 4863 2745 4914 venientes
2760 4862 2886 4911 bona
2906 4862 3188 4925 Hippothooe
3201 4862 3266 4910 ab
3287 4862 3577 4924 Electryone
3597 4877 3732 4926 repe-

2169 4941 2351 4989 tierunt
2363 4976 2378 5001 ,
2399 4942 2449 4989 et
2466 4939 2737 4989 resistentes
2757 4940 3114 5001 Electryonidas
3126 4938 3363 4989 occidere.
3379 4965 3442 4975 —
3467 4946 3506 4988 A
3526 4941 3731 4991 pta-etat

2171 5017 2282 5066 filiis
2310 5016 2517 5067 Teleboa
2541 5017 2591 5065 et
2607 5016 2774 5078 Tapho
2793 5017 2976 5066 colonis
3002 5018 3305 5079 frequentata
3319 5015 3519 5079 'Paphus
3539 5016 3731 5080 insula3

2170 5092 2274 5154 eius
2300 5092 2471 5143 incolae
2502 5092 2724 5142 Teleboae
2759 5093 2945 5154 vocati,
2982 5094 3059 5143 vel
3095 5092 3230 5155 quod
3261 5093 3432 5155 procul
3459 5092 3735 5144 habitantes

2169 5169 2321 5219 boves
2332 5169 2593 5231 abegerint,
2611 5170 2687 5220 vel
2703 5170 2950 5219 a'releboa
2968 5170 3169 5220 Pterelai
3191 5170 3314 5232 regis
3335 5168 3451 5230 lilio,
3471 5168 3611 5232 cujus
3631 5171 3731 5221 fra·

2174 5248 2247 5297 ter
2263 5246 2457 5309 Taphus
2479 5260 2653 5297 nomen
2674 5245 2805 5296 dedit
2827 5247 3011 5297 insulae.
