3900 6042
654 505 768 555 438
2032 499 2561 559 MEGASTRENJS

2289 643 2439 692 men,
2459 624 2762 697 descriptio
2782 626 3012 680 alteram
3032 626 3211 699 magis
3224 625 3468 696 adjuvat.
3485 627 3773 702 Quodquan

2291 713 2371 765 ita
2396 713 2495 779 sit,
2531 729 2655 766 eam
2701 714 3032 766 sententiam
3064 714 3424 785 superiorem
3468 713 3613 771 facile
3641 719 3774 771 existi

2289 799 2553 866 maveris,
2577 817 2703 898 quae
2731 798 2906 852 totius
2927 798 3363 871 descriptionis,
3393 818 3556 871 quam
3587 819 3688 872 que
3705 821 3771 855 so-

2289 882 2398 938 lius
2437 886 2680 939 nominis
2714 896 3051 958 argmento
3076 886 3283 941 utitur.
3371 886 3482 941 Sed
3514 889 3560 942 ei
3578 887 3770 958 judicio.

2291 970 2450 1042 quod
2493 970 2746 1026 defendit
2791 971 3127 1039 Bohlenius,
3178 973 3526 1044 aliquantum
3564 974 3776 1046 ponderis

2288 1056 2474 1134 affert,
2507 1057 2665 1130 quod
2709 1069 2820 1112 tam
2841 1055 3087 1118 definite
3113 1060 3448 1113 Brahmanis
3471 1060 3771 1134 Megasthenes

2294 1144 2584 1198 Sarmanas
2629 1146 2911 1217 opposuit.
3006 1147 3148 1199 Nam
3203 1146 3416 1200 mirum
3465 1165 3583 1201 sane
3623 1147 3767 1201 fuerit.

2280 1231 2610 1291 Brahmanis
2661 1242 2773 1285 tam
2821 1230 3085 1285 distincte
3131 1249 3238 1286 eos
3290 1233 3542 1304 opponi,
3575 1235 3657 1305 qui
3697 1235 3766 1304 ipsi

2285 1316 2608 1371 Brahmanae
2635 1329 2809 1373 erant.
2853 1319 2922 1372 Et
2943 1319 3217 1384 omnino,
3245 1337 3426 1391 quum
3445 1330 3654 1386 constet,
3682 1322 3764 1373 lle

2285 1403 2560 1475 gasthenis
2587 1414 2839 1475 tempore
2867 1404 3134 1458 exstitisse
3175 1405 3242 1457 in
3284 1405 3445 1458 India
3482 1404 3760 1459 Buddhaico-

2285 1506 2410 1543 rum
2425 1500 2629 1544 sectam
2650 1508 2680 1545 a
2696 1490 3021 1546 Brahmanis
3034 1488 3423 1560 dissidentem,
3441 1491 3621 1547 deinde
3636 1511 3762 1563 quum

2284 1575 2740 1631 animadverterit
2757 1575 2851 1630 ille
2873 1575 3156 1630 dissidium
3171 1618 3198 1645 ,
3220 1577 3383 1650 quod
3411 1580 3545 1632 inter
3565 1578 3760 1632 Bahma-

2283 1680 2380 1716 nas
2422 1664 2767 1736 alteramque
2806 1672 3011 1717 sectam
3050 1662 3259 1730 fuerit,
3308 1674 3600 1736 postremo,
3634 1682 3758 1735 quum

2283 1747 2427 1803 hanc
2448 1750 2678 1805 alteram
2704 1749 2907 1804 eodem
2929 1749 3307 1822 appellaverit
3326 1752 3561 1814 nomine,
3582 1766 3674 1820 quo
3693 1765 3756 1801 so·

657 636 765 690 tur,
798 627 871 680 ita
890 633 952 678 ut
975 626 1261 679 Sat-manas
1280 624 1427 678 solus
1446 625 1857 699 Megasthenes,
1888 624 2201 679 Samanaeos

657 714 983 766 Alexander
994 712 1308 781 Pob‘he'stor
1319 721 1372 765 et
1390 713 1737 766 Bardesanes
1747 712 2114 766 memoraveri
2121 721 2197 765 nt.

656 797 805 869 Quid
833 799 1000 871 igitur
1030 801 1086 851 in
1127 816 1195 852 eo
1223 809 1301 852 est
1341 800 1573 865 mirum,
1604 797 1759 869 quod
1792 797 2196 870 Megasthenes,

653 886 697 938 si
723 884 1079 939 Buddhaicos
1120 883 1431 958 significare
1460 886 1732 950 voluerit,
1772 885 2032 938 sanserita
2060 901 2199 938 voce

653 968 938 1040 ςναηιαηά
986 990 1116 1026 usus
1167 982 1278 1038 est,
1334 982 1527 1043 postea
1579 989 1717 1025 vero
1760 970 2097 1024 Bardesanes
2144 981 2199 1025 et

652 1058 971 1113 Alexander
1001 1058 1316 1130 polyhistor
1342 1057 1521 1130 palica
1557 1074 1696 1111 voce
1719 1075 2045 1122 saturnana,
2075 1074 2198 1128 quae

652 1163 779 1198 cum
826 1147 1015 1218 lingna
1050 1144 1229 1217 palica
1258 1155 1448 1216 postea
1479 1146 1536 1198 in
1564 1161 1722 1198 usum
1753 1143 2019 1197 venerat?
2046 1141 2197 1214 Quid

649 1232 855 1284 mirum
880 1232 936 1283 in
965 1249 1033 1284 eo
1051 1273 1065 1298 ,
1091 1230 1247 1301 quod
1270 1232 1596 1302 scriptores»,
1620 1229 1718 1300 qui
1746 1229 1854 1281 illis
1876 1227 2198 1283 auctoribus

648 1316 731 1368 usi
776 1316 1065 1369 Sarmanas
1104 1316 1189 1368 vel
1231 1317 1542 1370 Samanaeos
1580 1323 1924 1382 memorant,
1967 1314 2193 1368 nomina

649 1418 763 1454 non
795 1403 1289 1472 permutaverunt?
1314 1402 1481 1473 Quod
1512 1403 1556 1456 si
1596 1401 1883 1468 fecissent,
1927 1418 2102 1473 quum
2137 1401 2195 1454 in

648 1505 710 1541 re
739 1498 851 1542 tam
876 1488 1181 1560 longinqua
1211 1498 1267 1543 et
1296 1490 1579 1562 incognita
1620 1487 1841 1541 nonnisi
1863 1485 1936 1541 ad
1957 1487 2194 1541 verbum

647 1574 775 1628 illos
816 1574 1131 1629 exscribere
1158 1587 1411 1648 possent,
1446 1577 1619 1648 magis
1655 1576 1859 1629 mirum
1884 1574 2061 1628 videri
2090 1592 2194 1646 po·

648 1671 802 1714 terat.

726 1783 746 1801 ι
774 1757 1022 1811 Alterum
1048 1757 1348 1810 Bohlenius
1367 1765 1751 1829 argumentum
1777 1756 1962 1809 attulit
1980 1771 2190 1809 conve-

646 1845 908 1896 nientiam
940 1861 1191 1909 morum,
1240 1844 1335 1913 qui
1382 1845 1439 1894 in
1485 1843 1761 1896 Sarmanis
1800 1851 1856 1896 et
1894 1842 2189 1896 Samanaeis

644 1929 918 1982 simillime
988 1929 1390 1981 describantur.
1462 1927 1746 1981 Lassenius
1798 1937 2024 1993 contra,
2083 1928 2190 1982 hoc

645 2015 962 2085 exemplum
1003 2016 1361 2086 impugnanS,
1406 2013 1573 2067 docte
1615 2015 1905 2084 exposuit,
1949 2015 2188 2068 multum

642 2098 904 2152 interesse
947 2100 1091 2151 inter
1133 2099 1547 2172 Sat-manarum·
1562 2100 1731 2152 vitam
1778 2109 1833 2152 et
1870 2100 2187 2154 Samanaeo-

642 2202 789 2252 rum,
809 2173 985 2256 qualis
1003 2195 1239 2256 utraque
1258 2203 1286 2238 a
1306 2184 1587 2239 veteribus
1600 2184 1968 2253 describatur,
1986 2203 2188 2258 easque

640 2285 754 2337 res,
787 2287 911 2344 quae
933 2271 1185 2343 utrisque
1225 2289 1548 2325 communes
1584 2282 1989 2338 memorentur,
2024 2290 2187 2327 com-

640 2373 835 2411 munes
870 2376 984 2412 esse
1021 2359 1273 2412 omnium
1309 2367 1581 2413 sectarum
1610 2356 1930 2412 Indicarum
1970 2361 2181 2415 ascetis.

636 2442 807 2513 Quod
833 2454 1248 2519 argumentum,
1288 2445 1385 2499 etsi
1415 2444 1795 2518 gravissimum
1823 2454 1931 2513 est,
1962 2463 2079 2499 non
2110 2447 2185 2500 ita

635 2529 799 2583 solvit
827 2532 1217 2603 quaestionem,
1250 2542 1313 2585 ut
1339 2531 1412 2585 de
1439 2530 1545 2586 hac
1565 2549 1628 2586 re
1654 2529 1899 2586 dubitari
1925 2549 2044 2586 non
2065 2548 2185 2586 am-

634 2615 780 2688 plius
808 2619 996 2690 possit.
1080 2619 1218 2672 Nam
1254 2616 1406 2672 haud
1446 2616 1821 2672 omittendum
1860 2627 1970 2685 est,
1999 2635 2183 2690 neque

632 2703 1021 2759 Sarmanarum
1067 2704 1499 2776 descriptionem
1541 2721 1726 2776 neque
1769 2705 2180 2759 Samanoeorum

631 2792 903 2864 integram
937 2808 1246 2864 superesse,
1278 2800 1533 2862 totasque
1574 2791 1763 2863 igitur,
1797 2807 2034 2862 quarum
2061 2792 2180 2845 sin-

631 2877 771 2947 gulae
797 2888 982 2949 partes
1002 2895 1151 2931 nunc
1181 2878 1324 2930 inter
1349 2895 1405 2930 se
1435 2876 1751 2948 discrepare
1778 2876 2060 2944 videntur,
2099 2878 2174 2932 fa·

630 2965 835 3018 cillime
862 2966 1102 3037 potuisse
1131 2966 1466 3019 consentire.

710 3081 732 3101 κ
760 3057 1061 3112 Contendit
1080 3056 1285 3111 deinde
1314 3060 1630 3132 Lassenius,
1649 3060 1776 3113 satis
1806 3076 2078 3131 apparere
2106 3079 2171 3117 ex

629 3142 715 3198 his
740 3143 954 3208 verbis,
987 3162 1109 3214 quae
1136 3143 1288 3216 apud
1316 3145 1657 3200 Clementem
1686 3147 1724 3200 l.
1767 3147 1804 3199 1.
1841 3146 2167 3203 adduntur:

627 3226 728 3285 εἶσὶ
756 3226 809 3284 δὲ
837 3230 938 3284 τῶν
975 3227 1149 3285 Ἰνδῶν
1173 3229 1220 3284 οἳ
1244 3232 1350 3294 τοῖς
1378 3227 1633 3286 Βούττα
1649 3227 1939 3306 πειθόμενοι
1966 3252 2170 3310 τιτιιιροιγῥ

635 3313 889 3389 γὲλμασιν
915 3327 1052 3387 etc.,
1074 3316 1365 3371 Sat-manas
1386 3316 1522 3370 alios
1541 3335 1654 3372 esse
1676 3325 1843 3389 atque
1862 3318 2172 3376 Samanaeos

624 3423 666 3457 s.
699 3403 1072 3458 Buddhaicos.
1099 3404 1384 3457 Lassenius
1409 3403 1580 3477 igitur
1599 3406 1739 3458 sicut
1761 3404 2170 3465 Colebrooltius

622 3495 720 3544 As.
750 3493 873 3545 Res.
904 3491 1013 3556 lx,
1029 3507 1094 3562 p.
1118 3508 1252 3564 ²99»
1273 3490 1334 3544 in
1349 3489 1500 3544 hunc
1517 3490 1750 3545 modum
1770 3491 1959 3546 locum
1975 3493 2166 3550 lauda·

625 3589 741 3630 tum
761 3578 1154 3648 interpretatus
1162 3587 1268 3630 est:
1291 3577 1430 3631 Sunt
1453 3578 1551 3648 qui
1568 3577 1712 3631 inter
1726 3577 1899 3632 Indos
1916 3578 2167 3637 Buddhae

622 3673 897 3735 praecepta
924 3671 1228 3735 sequantur
1255 3681 1298 3717 ⁵.
1343 3662 1598 3718 nonnulli
1625 3665 1772 3718 inter
1801 3664 2037 3723 Indos...
2081 3686 2165 3724 se-

623 3760 893 3823 quuntur.
978 3750 1172 3823 Neque
1192 3751 1383 3824 negari
1408 3761 1617 3822 potest,
1644 3752 1812 3806 verba
1837 3749 1964 3807 εἰσὶν
1987 3753 2035 3808 οἱ
2057 3774 2164 3811 πει-

619 3833 823 3909 Θόμενοι
844 3837 921 3891 ita
936 3853 1098 3909 posse
1121 3837 1406 3909 explicari,
1432 3846 1496 3890 ut
1518 3855 1660 3905 eam,
1687 3856 1854 3910 quam
1880 3841 2165 3898 Lassenius

618 3924 762 3992 vult,
792 3923 1119 3978 sententiam
1142 3922 1413 3990 habeant,
1445 3924 1694 3994 quamvis
1717 3931 1916 3979 voc'em
1940 3922 2032 3979 καὶ
2062 3928 2162 3983 ad-

617 4008 817 4077 ditam,
844 4019 899 4064 et
926 4026 1091 4063 voces
1112 4004 1239 4063 εἰσὶν
1259 4009 1305 4063 οἳ
1333 4026 1451 4063 ιιοιι
1468 4008 1739 4080 sejunctas
1763 4028 1831 4064 ex
1859 4028 1964 4064 usu
1984 4010 2159 4068 Graeci

613 4097 887 4151 sermonis
907 4106 1208 4168 exspectes.
1293 4095 1404 4152 Sed
1426 4096 1634 4151 etiamsi
1657 4094 1774 4149 haec
1798 4097 2065 4167 omiseris,
2087 4098 2160 4155 ad

614 4181 1111 4238 demonstrandum
1157 4182 1296 4237 nihil
1350 4183 1584 4237 omnino
1637 4181 1732 4236 ille
1778 4182 1936 4237 locus
1981 4185 2155 4255 valet,

614 4287 783 4341 quem
822 4288 939 4324 non
980 4271 1166 4324 minus
1190 4270 1323 4325 licet
1361 4271 1420 4323 in
1446 4270 1591 4323 hane
1623 4270 1952 4324 sententiam
1984 4271 2156 4326 inter·

610 4359 819 4427 pretari
871 4375 885 4410 t
916 4357 1055 4412 Sunt
1095 4374 1232 4411 vero
1265 4355 1417 4429 (scil.
1470 4356 1782 4422 samanae,
1838 4354 1910 4411 de
1953 4357 2157 4429 quibus

609 4444 785 4498 modo
814 4443 1055 4514 dixit)ii
1090 4444 1187 4515 qui
1215 4442 1467 4497 Buddhae
1510 4452 1787 4514 precepta
1824 4453 2151 4514 sequuntur.

609 4529 1096 4601 Quemadmodum
1122 4532 1165 4584 si
1193 4531 1357 4585 istum
1385 4529 1571 4584 locum
1600 4529 1988 4602 explicaveris,
2019 4549 2152 4586 eon.

610 4619 846 4672 trarium
871 4635 940 4672 ex
992 4634 1060 4671 eo
1090 4634 1361 4690 apparere
1392 4616 1549 4672 vides
1567 4658 1582 4686 ,
1628 4634 1796 4689 quam
1826 4616 1984 4687 quod
2017 4619 2149 4672 Las-

607 4704 790 4758 senius
826 4701 998 4770 dixit,
1037 4714 1093 4758 et
1119 4702 1366 4772 ostendi,
1395 4702 1751 4772 Buddhaicos
1785 4719 1898 4758 esse
1922 4704 2146 4760 Sarma-

606 4808 719 4846 nas.
804 4791 908 4845 Vix
952 4800 1138 4845 autem
1178 4791 1329 4844 ullus
1363 4791 1702 4847 Clementem
1747 4808 1813 4845 ex
1850 4809 1946 4846 sua
1985 4792 2152 4863 ipsius

603 4877 829 4932 scientia
855 4877 1027 4932 verba
1054 4879 1155 4931 ista
1183 4875 1458 4932 addidisse
1486 4877 1872 4950 suspicabitur.

687 4998 709 5018 α
745 4972 801 5026 Sl
845 4971 1092 5026 breviter
1112 4979 1287 5024 totam
1309 4972 1670 5043 quaestionem
1698 4971 2145 5042 complectimur,

604 5058 811 5113 omissis
850 5057 984 5124 illis,
1009 5075 1164 5129 quae,
1210 5075 1383 5129 quum
1424 5056 1595 5111 dubia
1621 5066 1680 5110 et
1716 5056 1976 5128 ambigua
2008 5058 2145 5125 sint,

600 5146 785 5199 neutri
831 5145 979 5214 parti
1022 5154 1171 5199 certa
1211 5153 1535 5218 argumenta
1577 5160 1689 5198 esse
1730 5152 1989 5215 possunt,
2037 5162 2148 5199 nna

601 5230 823 5300 utrique
864 5230 1116 5300 opinioni
1148 5239 1315 5285 restat
1354 5247 1513 5284 causa
1546 5246 1558 5285 :
1598 5229 1826 5284 alteram
1864 5231 2012 5284 enim
2041 5248 2148 5285 no-

2283 1835 2398 1889 lent
2417 1836 2726 1892 Buddhaici
2745 1837 2959 1904 vocari,
2984 1838 3078 1891 vix
3095 1838 3288 1892 ullum
3309 1839 3630 1892 verisimmus
3643 1837 3754 1890 vide·

2282 1932 2372 1974 mr
2393 1942 2557 1995 quam
2583 1925 2801 1978 eas-dem
2823 1940 2939 1977 esse
2962 1923 3335 1977 Buddhaicos
3354 1925 3713 1994 &numasque

2363 2033 2385 2054 a
2413 2008 2526 2064 Sed
2572 2009 2786 2064 accedit
2805 2010 2910 2063 alia
2954 2027 3116 2064 causa
3137 2021 3199 2064 et
3235 2012 3481 2084 gravior.
3524 2010 3638 2064 Nan
3671 2026 3752 2060 non

2278 2095 2458 2150 solum
2500 2095 2702 2151 eodem
2733 2095 2909 2149 modo
2948 2106 3007 2150 et
3025 2114 3190 2168 paene
3233 2096 3432 2152 iisdem
3451 2095 3611 2150 verbis
3635 2095 3752 2147 etiam

2278 2182 2592 2237 Samanaeos
2626 2192 2842 2238 veteres
2875 2183 3180 2255 scriptores
3206 2201 3494 2256 opponere
3509 2180 3750 2236 Brahmanis

2275 2269 2473 2337 solent,
2499 2269 2601 2325 sed
2616 2270 2783 2324 etiam
2807 2269 2845 2322 ii
2878 2270 2988 2323 loci
3004 2310 3019 2336 ,
3046 2270 3260 2341 quibus
3285 2269 3595 2324 nudemus
3612 2268 3746 2321 Sama·

2275 2372 2426 2409 meos
2463 2374 2507 2408 s.
2556 2353 2911 2409 Buddbaicos
2951 2354 3223 2411 describit
3240 2397 3257 2425 ,
3308 2375 3434 2411 cum
3477 2354 3746 2428 Megasthene

2272 2441 2414 2495 mire
2442 2450 2776 2513 congruunt.
2860 2441 2975 2496 Nec
3005 2451 3197 2497 tamen
3225 2440 3620 2509 affirmaverim,
3649 2440 3740 2493 Bar·

2273 2525 2534 2582 desanem
2556 2528 2616 2581 in
2649 2526 2754 2581 hac
2781 2545 2843 2582 re
2864 2528 3247 2600 Megasthenis
3278 2530 3452 2583 solnm
3479 2526 3662 2598 vestigia
3686 2541 3740 2578 se·

2274 2623 2464 2667 cutum
2485 2630 2625 2679 esse,
2645 2631 2830 2685 neque
2850 2612 3164 2686 quidquam
3189 2614 3463 2670 addidisse
3482 2612 3546 2667 de
3559 2608 3738 2678 suo,sed

2275 2699 2385 2754 hoc
2436 2710 2592 2755 certe
2628 2701 2803 2754 ausim
2830 2700 3208 2770 contendere,
3243 2696 3719 2755 Bardesaneminsa

2271 2791 2508 2841 manoeis
2527 2787 2899 2841 describendis
2917 2787 3357 2858 Megasthenem
3374 2789 3735 2860 mpeaemeem

2268 2873 2518 2943 quadam
2550 2884 2720 2944 pat-te
2761 2890 2880 2927 esse
2916 2884 3182 2930 ser-,utana
3216 2874 3387 2945 Quod
3420 2884 3479 2927 nt
3515 2877 3731 2943 appareat.

2265 2957 2590 3013 Bardesanis
2626 2969 2683 3014 et
2721 2958 3088 3033 Megasthenis
3113 2960 3223 3015 hos
3250 2962 3403 3015 locos
3433 2969 3730 3029 comp⁰m³
3789 3017 3790 3022 χ

2265 3109 2517 3160 Buram
2536 3110 3012 3175 ιμιιῑαοιωιᾱιο-
3074 3114 3308 3176 ιιι-μαι).
3351 3125 3425 3174 ap.
3455 3108 3589 3160 strab.
3616 3108 3728 3166 (αφ
3787 3087 3788 3100 ’

2323 3181 2423 3230 vin.
2449 3181 2525 3242 (et
2541 3194 2618 3243 ap.
2641 3182 2909 3244 Porphyr.)

2261 3250 2586 3300 Bardesanes
2597 3286 2613 3311 ‚
2659 3254 2743 3300 vir
2781 3251 3001 3313 Babylo·

2320 3322 2462 3379 ntus,

2260 3389 2315 3437 ιιι
2326 3386 2429 3438 duo
2441 3388 2682 3451 doumea
2695 3388 2839 3451 apud
2849 3389 3002 3441 Indos

2324 3459 2765 3522 Gymnosophistai
2782 3459 2972 3509 dividit
2987 3496 3002 3520 ‚

2258 3537 2480 3587 quonum
2502 3528 2731 3577 alterum
2761 3528 2995 3592 appellat

2321 3598 2401 3643 Βι·
2410 3608 2445 3644 α
2457 3610 2488 3658 9
2499 3608 2550 3645 m
2560 3610 2598 3646 a
2612 3610 2644 3647 ιι
2656 3610 2691 3647 a
2704 3610 2749 3653 s,

2254 3663 2479 3714 altemm
2496 3669 2886 3727 samonaos,-

2253 3737 2344 3796 qm‘
2356 3738 2859 3787 tantoeconti'nencioe
2868 3740 2992 3793 sint,

2250 3806 2312 3852 nt
2324 3804 2572 3867 velpomis
2582 3806 2992 3868 arborumjitxca

2320 3873 2773 3937 Ganymfluvium

2250 3942 2331 3992 vel
2349 3955 2516 4005 oryza
2529 3943 2822 4005 veljarlnoe
2844 3945 2992 3994 alan-

2312 4015 2402 4062 tur
2423 4014 2534 4063 elbo
2547 4026 2568 4069 ‚·

2248 4084 2299 4131 et
2310 4095 2472 4145 quum
2486 4094 2583 4133 rex
2599 4082 2674 4133 aa
2687 4088 2991 4139 moment.

2247 4152 2474 4202 adorare
2515 4153 2632 4202 illos
2678 4153 2864 4203 solum
2904 4157 2989 4214 sie,

2243 4234 2524 4286 pacemque
2558 4235 2674 4273 suoe
2709 4226 2993 4285 provincia

2246 4294 2304 4339 in
2343 4292 2560 4341 {norum
2587 4291 2824 4354 precibus
2855 4293 2989 4343 arbi-

2307 4363 2443 4410 tran
2467 4363 2641 4411 sitam.

2236 4477 2245 4483 .
2335 4431 2527 4479 Plenius
2544 4430 2668 4480 hanc
2685 4431 2866 4492 partem
2883 4434 2994 4480 Por·

2303 4497 2499 4560 phyrius
2515 4497 2710 4548 tradidit
2730 4516 2744 4547 ε

2228 4567 2464 4629 Ἀγύναιοι
2485 4568 2526 4616 δ’
2548 4569 2638 4616 εἰσὶ
2660 4567 2825 4622 πάντες

2241 4706 2319 4753 καὶ
2330 4706 2580 4770 ἀκτήμονες
2589 4707 2666 4755 καὶ
2679 4710 2900 4756 τοσοῦτον
2915 4707 2989 4756 αὖ·

2299 4780 2392 4823 τῶν
2403 4791 2454 4825 τε
2471 4777 2550 4824 καὶ
2567 4781 2659 4825 τῶν
2679 4778 2984 4838 Βραχμανῶν·

2239 4844 2378 4899 a&
2409 4845 2596 4907 ὄχουσιν
2622 4847 2668 4894 οἱ
2689 4845 2836 4904 ἄλλοι,
2863 4845 2987 4894 ὥστε

2300 4915 2378 4962 καὶ
2396 4914 2475 4962 τὸν
2491 4914 2686 4974 βασιλέα
2700 4915 2987 4975 ἀφικνεῖσθαι

2299 4983 2406 5046 παρ’
2432 4982 2614 5044 αὐτοὺς,
2647 4984 2727 5031 καὶ
2764 4984 2981 5032 ἱκετεύειν

2299 5051 2513 5106 εὔξασθαί
2544 5068 2586 5099 τι
2605 5083 2621 5110 ,
2654 5052 2734 5100 καὶ
2767 5052 2979 5109 δεηθῆναι

2301 5122 2411 5182 ὑπὲρ
2426 5126 2518 5170 τῶν
2536 5120 2981 5182 καταλαμδανὸντων

2203 5219 2207 5228 .
2296 5183 2378 5238 τὴν
2392 5183 2566 5244 χώραν,
2589 5183 2619 5239 ἢ
2638 5183 2977 5244 συμβουλεῦσαι

2295 5251 2347 5298 τὸ
2371 5252 2606 5312 πρακτέον.

3125 3184 3283 3232 Clem.
3311 3179 3465 3238 Alex.)

3067 3252 3236 3310 Ἄλλην
3274 3251 3325 3300 δε
3362 3249 3555 3313 διαίρεσιν
3587 3250 3723 3294 mna

3119 3324 3226 3384 περὶ
3248 3319 3600 3381 τῶνφιλοσόφων.

3062 3392 3276 3454 &oyem
3296 3391 3490 3452 φάσκων,

3055 3528 3122 3577 ὧν
3175 3530 3281 3585 τοὺς
3331 3528 3410 3590 μὲν
3455 3523 3716 3585 apuam:

3122 3600 3283 3658 ιισιλεῖ,

3053 3668 3158 3723 τοὺς
3180 3669 3232 3717 δὲ
3253 3664 3472 3728 Sapua*
3480 3678 3556 3718 αι

3055 3806 3161 3867 (και
3181 3795 3694 3872 ἀιφὸδονασιτοῡνωῠω
