3900 6042
539 454 639 505 10⁴
1611 433 2115 500 ARlSTOTELlS
2170 439 2667 500 FRAGMENTA.

570 576 665 631 86.
700 571 1080 651 [Λεοντίνων.]
1105 574 1175 627 fr.
1201 577 1334 630 225.

571 664 666 732 87.
703 659 1110 737 (Καταναίων.)
1137 662 1204 716 fr.
1240 661 1378 715 226.

572 751 664 807 88.
694 747 1047 825 [Ζαγκλαίων
1081 746 1104 822 ]
1131 748 1194 801 l'r.
1223 766 1356 814 227.

1190 863 1419 920 ΙτΑιιι.

576 982 668 1054 89.
699 976 1038 1053 (Ῥηγίνων.)
1067 978 1137 1034 fr.
1166 976 1301 1032 228.

572 1085 668 1139 90·
705 1063 1008 1141 (Λοκρῶν.)
1041 1063 1108 1119 fr.
1138 1060 1469 1135 229—231.

571 1173 667 1228 9¹·
705 1148 1062 1228 Ταραντίνων.
1090 1149 1162 1206 fr.
1195 1147 1532 1204 232—233.

573 1259 671 1313 92.
701 1235 1149 1317 (Κροτωνιατῶν.)
1179 1237 1252 1291 fr.
1284 1236 1396 1291 233
1426 1256 1483 1288 a.

573 1327 669 1400 93.
703 1319 1012 1401 (Σιριτῶν.)
1042 1323 1112 1378 fr.
1144 1322 1278 1388 234.

574 1421 669 1486 94.
698 1409 1041 1489 (Συόαριτῶν
1063 1407 1152 1465 καὶ
1183 1406 1481 1485 Θουρίων.)
1515 1409 1583 1464 fr.
1623 1407 1954 1479 235-237.

1203 1544 1458 1602 GAttu.

580 1669 676 1744 95.
705 1667 1125 1726 Μασσαλιωτῶν.
1153 1667 1224 1720 fr.
1254 1666 1592 1733 238-241.

615 1812 744 1863 Post
769 1810 886 1862 haec
910 1809 1014 1861 alia
1037 1806 1307 1860 nonnulla
1327 1824 1643 1881 apponam,
1668 1824 1789 1877 quae
1819 1806 1891 1859 ad
1921 1807 2091 1860 ratio·

536 1915 664 1950 nem
705 1915 815 1968 qua
861 1894 1196 1948 adornatum
1239 1909 1386 1963 opus
1424 1892 1841 1946 Aristotelicum
1888 1890 2089 1960 fuerit,

538 1982 832 2038 referenda
856 1998 969 2035 esse
1005 1979 1184 2033 videri
1203 1979 1436 2051 possint.
1466 1983 1546 2034 Ac
1574 1977 1820 2050 primum
1859 1978 2090 2051 quidem

537 2089 626 2141 ap.
662 2068 927 2122 Photium
956 2066 1055 2139 (fr.
1093 2065 1232 2137 132)
1266 2064 1526 2120 laudatur
1557 2062 1911 2142 Ἀριστοτέλης
1945 2067 1998 2122 ἐν
2025 2068 2089 2142 τῇ

535 2149 846 2220 Ἰθακησίων
888 2147 1123 2226 πολιτείᾳ
1163 2147 1277 2226 μβ’.
1332 2153 1514 2224 Igitur
1547 2151 1666 2204 haec
1699 2150 1741 2204 si
1793 2161 1943 2204 recte
1986 2150 2090 2204 ha-

534 2243 672 2295 bent
696 2237 784 2314 (⁴³),
805 2239 1175 2293 Ithacensium
1194 2237 1508 2311 respublica
1531 2248 1652 2292 erat
1672 2237 2091 2310 quadragesima

534 2327 778 2383 secunda
811 2327 900 2380 vel
941 2326 1112 2380 totius
1149 2327 1362 2398 operis,
1404 2326 1492 2380 vel
1534 2336 1685 2380 certe
1730 2325 1847 2395 ejus
1890 2327 2086 2394 seriei,

538 2433 704 2487 quam
735 2414 966 2468 Photius
994 2413 1069 2466 ob
1097 2414 1294 2468 oculos
1317 2412 1580 2467 habebat.
1611 2442 1687 2454 -
1706 2412 1925 2467 Deinde
1953 2431 2089 2467 vero

537 2505 916 2577 llarpocratio
931 2521 983 2557 v.
1007 2499 1199 2580 Μύριοι
1227 2502 1282 2557 ἐν
1300 2500 1522 2576 Μεγάλῃ
1543 2499 1691 2557 πόλει
1711 2499 1820 2576 (fr.
1861 2500 1964 2575 91)
1996 2502 2089 2557 di-

537 2593 612 2644 cit
649 2610 661 2644 τ
694 2588 985 2648 Διείλεκται
1009 2587 1062 2646 δὲ
1090 2588 1210 2667 περὶ
1246 2589 1417 2646 αὐτῶν
1438 2586 1530 2645 καὶ
1557 2585 1911 2666 Ἀριστοτέλης
1947 2588 2000 2644 ἐν
2024 2592 2089 2667 τῇ

533 2677 675 2751 κοινῇ
706 2673 966 2754 Ἀρκάδων
992 2674 1226 2754 πολιτείᾳ
1254 2673 1609 2754 ἀρχόμενος
1635 2678 1746 2732 τοῦ
1789 2672 2087 2750 βιὸλίου.

536 2769 668 2837 Quae
692 2776 789 2819 aut
811 2766 886 2819 ita
914 2776 1041 2819 sunt
1065 2765 1445 2839 intelligenda,
1474 2775 1538 2818 ut
1555 2765 1716 2818 initio
1742 2764 1878 2818 certi
1904 2759 2091 2835 cujus—

536 2853 664 2906 dam
692 2849 973 2908 Πολιτειῶν
1004 2850 1130 2904 libri
1151 2851 1223 2905 de
1246 2850 1640 2905 confoderatae
1672 2848 1922 2904 Arcadiae
1943 2868 2082 2903 con-

534 2939 823 2992 stitutione
862 2947 1061 2991 auctor
1091 2933 1328 3005 dixerit,
1359 2946 1457 2991 aut
1480 2934 1837 2990 statuendum
1879 2945 1962 2989 est
2003 2937 2089 3011 βι-

536 3022 680 3078 ὅλίον
722 3024 860 3078 illud
888 3023 1029 3076 nihil
1061 3024 1166 3077 nisi
1189 3007 1295 3090 τὴν
1327 3017 1500 3089 κοινὴν
1525 3019 1787 3098 Ἀρκάδων
1823 3018 2090 3076 πολιτείαν

538 3111 893 3164 continuisse.
936 3111 1133 3182 Neque
1174 3109 1286 3163 hoc
1330 3107 1478 3163 adeo
1517 3109 1638 3162 veri
1680 3106 1943 3161 dissimile
1985 3119 2084 3163 est.

537 3197 678 3253 Nam
704 3196 956 3250 similiter
979 3196 1176 3250 Cicero
1196 3195 1267 3250 de
1295 3195 1604 3250 Dicaearchi
1625 3194 1835 3268 politiis
1851 3195 2091 3268 loquens

539 3285 673 3357 (Ep.
706 3282 796 3338 ad.
815 3285 932 3337 Att.
966 3282 1021 3336 ΙΙ
1039 3323 1055 3351 ,
1082 3282 1143 3356 2)
1176 3281 1314 3336 dicit
1341 3301 1355 3336 :
1389 3306 1411 3330 α
1441 3276 1784 3348 Πελληναίων
1811 3285 1870 3335 ln
1898 3288 2083 3336 mani-

538 3371 635 3423 bus
678 3370 1026 3435 tenebam‚...
1076 3365 1356 3445 Κορινθίων
1398 3366 1488 3424 καὶ
1517 3363 1802 3435 Ἀθῆναίων
1824 3381 1963 3441 puto
2003 3388 2091 3424 me

537 3459 728 3512 Romoe
763 3454 987 3510 habere.
1025 3480 1049 3506 ι
1077 3458 1160 3511 Ac
1187 3474 1361 3528 quum
1384 3457 1618 3510 omnino
1640 3466 1853 3510 constet
1879 3458 2086 3531 scripta

535 3553 788 3597 veterum
827 3545 886 3596 in
914 3544 1129 3597 minuta
1154 3543 1443 3597 volumina
1482 3541 1717 3615 dispesci
1742 3544 1904 3598 solita
1939 3562 2085 3615 esse,

539 3641 696 3685 tanto
719 3630 932 3685 facilius
959 3628 1020 3684 id
1054 3628 1178 3685 fieri
1214 3641 1439 3702 poterat
1470 3631 1528 3683 in
1552 3630 1618 3684 iis
1656 3632 1949 3703 operibus,
1989 3632 2088 3686 ubi

538 3719 698 3772 sicuti
742 3719 802 3770 in
852 3728 1047 3771 nostro
1080 3718 1308 3791 singulae
1355 3728 1540 3790 partes
1581 3718 1821 3772 arctiore
1858 3719 2087 3773 vinculo

539 3802 850 3874 conjunctae
866 3804 1011 3856 inter
1029 3821 1088 3858 se
1104 3821 1225 3857 non
1250 3814 1427 3857 erant.
1450 3803 1738 3875 Simulque
1760 3804 1893 3859 inde
1912 3806 2089 3878 liquet

538 3908 706 3963 quam
733 3890 898 3944 facile
923 3889 1175 3963 genuinis
1208 3889 1341 3945 addi
1363 3892 1551 3963 spuria
1578 3894 1885 3964 potuerint.

616 3979 874 4033 Ceterum
901 3994 1011 4031 sec.
1034 3978 1345 4050 Diogenem
1371 3978 1659 4033 Laertium
1682 3979 1719 4033 1.
1748 3979 1787 4036 l.
1815 3979 2085 4037 Aristote-

538 4067 617 4121 les
634 4066 753 4139 poli
761 4066 860 4119 tias
879 4082 1002 4118 suas
1021 4066 1097 4119 ita
1116 4063 1503 4134 distribuerat,
1522 4077 1587 4121 ut
1614 4083 1684 4120 ex
1713 4065 1914 4121 ordine
1931 4085 2081 4123 seor·

536 4171 659 4210 sum
690 4151 904 4206 diceret
932 4150 1004 4205 de
1042 4151 1462 4220 democraticis,
1493 4151 1566 4207 de
1596 4152 1975 4226 oligarchicis,
2015 4154 2087 4211 de

538 4239 942 4307 aristocraticis,
963 4249 1068 4295 etc.
1094 4241 1124 4293 J
1129 4257 1218 4294 am
1233 4256 1369 4294 vero
1387 4257 1562 4312 quum
1582 4239 1865 4313 plenaeque
1893 4242 2084 4297 civita·

541 4337 619 4381 tes
638 4326 757 4381 aliis
779 4326 1122 4398 temporibus
1158 4323 1325 4380 aliam
1350 4327 1673 4400 reipublicae
1713 4326 1950 4384 formam
1978 4328 2082 4384 ha-

535 4414 794 4481 buerint,
824 4431 961 4466 num
994 4422 1258 4485 putemus
1283 4414 1640 4468 Aristotelem
1663 4411 1912 4485 ejusdem
1941 4418 2085 4470 civi-

538 4499 963 4557 tatisbistoriam
980 4499 1057 4552 ita
1073 4497 1421 4572 discerpsisse
1433 4540 1449 4568 ,
1473 4509 1538 4553 ut
1549 4500 1713 4554 aliam
1733 4499 1850 4571 ejus
1864 4512 2086 4573 partem

539 4586 650 4639 alio
678 4586 827 4639 libro
860 4585 1153 4640 tractaret?
1179 4587 1359 4640 Nemo
1394 4585 1571 4655 nlluS,
1613 4598 1782 4659 puto,
1811 4589 1918 4642 tale
1947 4590 2085 4660 quid

538 4663 644 4720 sibi
667 4664 1020 4736 persuaserit.
1045 4664 1187 4718 Nam
1213 4665 1297 4717 uti
1325 4663 1479 4719 cadit
1498 4664 1609 4719 hoc
1628 4665 1690 4719 in
1713 4666 2084 4722 theoreticam

540 4768 682 4823 opus
708 4751 1073 4805 l‘oliticorum
1089 4790 1106 4818 ,
1131 4737 1208 4804 sie
1228 4749 1298 4806 ab
1318 4750 1585 4807 historica
1610 4763 1801 4808 nostra
1829 4773 2081 4829 πραγμα-

538 4833 652 4915 τείᾳ
679 4854 910 4910 prorsus
934 4847 1017 4892 est
1033 4837 1275 4892 alienum
1294 4877 1311 4905 ,
1347 4836 1493 4893 adeo
1519 4848 1586 4892 ut
1611 4840 1851 4913 suspicio
1886 4859 2084 4898 nasca-

599 4962 661 5023 (*)
692 4961 906 5010 Verbum
929 4962 1040 5019 φησι
1066 4961 1260 5026 νοῌοίο
1293 4961 1408 5024 quid
1437 4962 1588 5011 latere
1617 4936 1888 5025 suspicatur
1919 4968 2087 5018 Grass-

536 5032 637 5081 hof.
664 5033 713 5080 iu
734 5030 920 5080 Jahn's
939 5030 1124 5080 Jahrb.
1157 5034 1295 5091 1829,
1310 5044 1358 5093 p.
1395 5035 1497 5081 141.
1529 5031 1745 5081 conferri
1767 5036 1923 5095 potest
1943 5035 2003 5084 ίϊ.
2025 5042 2085 5087 29

539 5116 600 5151 ex
624 5101 1018 5162 Harpocratione,
1046 5100 1127 5149 ubi
1145 5100 1302 5151 codex
1336 5106 1375 5151 Α
1403 5100 1605 5152 notkeri
1634 5102 1780 5153 habet
1803 5105 2083 5168 εἎριστοτέ-

539 5168 619 5224 λης
642 5168 689 5216 ἐν
707 5174 764 5230 τῇ
791 5168 831 5218 α’
855 5169 1100 5224 Ἀθηναίων
1123 5170 1347 5230 πολιτείᾳ.

2182 582 2294 643 tur,
2322 590 2392 625 an
2429 591 2545 625 non
2575 572 2805 626 Politica
2831 589 2957 624 cum
2988 572 3201 626 Politiis
3225 573 3508 646 Diogenes
3538 570 3780 626 confu-

2185 657 2354 713 derit.
2385 659 2483 713 Sin
2508 659 2629 712 veri
2650 657 2791 730 quid
2828 660 3036 713 Laertii
3066 661 3389 713 testimonio
3417 659 3619 713 subest
3638 699 3658 724 ,
3692 661 3778 712 ita

2189 745 2366 816 egerit
2410 744 2760 811 Aristoteles,
2804 755 2867 797 ut
2912 745 3204 800 historiam
3241 743 3472 817 quidem
3503 744 3782 815 cujusvis

2190 831 2426 884 civitatis
2444 832 2757 885 universam
2787 849 3092 904 omnesque
3121 850 3259 903 quas
3281 850 3524 904 quaeque
3550 832 3777 885 subie-

2183 918 2255 971 rit
2282 917 2603 989 reipublicae
2631 916 2840 972 formas
2874 917 3077 973 eodem
3098 930 3415 973 recenseret
3437 919 3572 972 loeo
3589 960 3611 985 ,
3662 929 3770 972 to-

2183 1015 2292 1058 tam
2321 1005 2575 1076 politiam
2598 1022 2734 1059 vero
2774 1004 3280 1060 democraticarum
3329 1005 3419 1059 vel
3443 1006 3776 1073 aristocra-

2183 1090 2420 1144 ticarum
2459 1091 2615 1144 classi
2641 1090 2980 1158 vindicaret,
3020 1092 3218 1164 prouti
3241 1091 3327 1146 vel
3356 1091 3476 1145 haec
3506 1092 3609 1146 vel
3660 1093 3767 1145 illa

2184 1177 2506 1248 reipublicae
2550 1182 2727 1231 forma
2750 1178 3098 1249 praevaleret.
3136 1179 3273 1248 Quae
3300 1175 3539 1249 quidem
3582 1178 3773 1233 ordi-

2186 1264 2339 1317 natio
2374 1272 2439 1315 ut
2464 1262 2772 1336 plurimum
2808 1263 3143 1318 concidebat
3184 1282 3314 1318 cum
3351 1281 3427 1339 >ea
3466 1264 3775 1319 distribu-

2184 1350 2340 1403 tione
2370 1368 2537 1421 quam
2555 1351 2754 1423 stirpes
2776 1361 2943 1422 atque
2966 1362 3155 1424 gentes
3172 1351 3500 1407 Graecorum
3528 1370 3773 1425 suppe-

2185 1434 2456 1489 ditabant.
2486 1435 2654 1490 Plura
2677 1453 2746 1490 ex
2770 1437 2856 1490 his
2877 1455 2934 1490 v.
2962 1437 3022 1489 in
3049 1436 3206 1510 praef.
3236 1437 3309 1492 ad
3336 1437 3745 1493 Heraclidem.

2261 1524 2382 1576 Jam
2412 1522 2706 1594 quomodo
2729 1523 2790 1577 in
2810 1523 3041 1596 singulis
3060 1524 3376 1578 civitatibus
3406 1525 3770 1581 Aristoteles

2183 1627 2303 1663 rem
2331 1611 2676 1678 tractaverit,
2707 1607 2767 1663 id
2798 1607 3012 1683 fingere
3038 1611 3257 1664 ratione
3291 1628 3511 1665 summo
3553 1613 3770 1684 philo-

2180 1696 2360 1769 sopho
2397 1695 2591 1769 digna,
2614 1714 2782 1768 quam
2814 1713 2882 1750 ex
2910 1693 3163 1767 reliquiis
3185 1695 3579 1752 demonstrare
3605 1699 3769 1753 faci-

2184 1781 2287 1836 lius
2331 1793 2433 1837 est.
2459 1784 2656 1854 Neque
2684 1783 2833 1837 enim
2860 1783 3039 1836 ullum
3076 1781 3304 1854 majoris
3342 1785 3594 1840 ambitus
3631 1787 3767 1843 fra-

2182 1877 2469 1942 gmentum
2519 1871 2912 1938 transnatavit,
2963 1869 3063 1925 sed
3101 1871 3467 1926 minutissima
3524 1884 3767 1929 tantum

2181 1955 2415 2011 frustula
2437 1957 2932 2030 grammaticorum
2958 1959 3197 2012 maxime
3224 1968 3282 2012 et
3302 1959 3763 2033 lexicographo-

2182 2060 2311 2096 rum
2326 2042 2615 2116 diligentia
2632 2044 2799 2098 nobis
2816 2054 3034 2098 servata
3050 2055 3197 2098 sunt.
3220 2045 3483 2115 Quorum
3498 2066 3571 2102 ex
3588 2067 3765 2104 com-

2179 2130 2469 2200 paratione
2494 2130 2605 2184 hoc
2631 2139 2819 2185 tamen
2845 2131 3092 2204 colligas,
3118 2132 3343 2185 initium
3361 2144 3671 2190 auctorem
3698 2139 3763 2190 in

2179 2214 2407 2288 singulis
2426 2216 2835 2288 rebuspublicis
2873 2215 3062 2271 fecisse
3080 2218 3150 2272 ab
3175 2220 3527 2291 exponendis
3545 2224 3763 2277 civita-

2182 2310 2300 2354 tum
2370 2303 2568 2372 initiis,
2606 2304 2810 2375 populi
2860 2304 3204 2379 originibus,
3246 2305 3567 2380 fabulisque
3619 2329 3761 2383 quae

2181 2405 2307 2442 cuin
2349 2388 2438 2442 his
2477 2389 2789 2461 conjunctae
2844 2402 3019 2445 erant.
3062 2389 3392 2463 cujusmodi
3431 2411 3757 2469 argumen-

2181 2474 2249 2527 tis
2295 2474 2446 2529 bona
2497 2494 2628 2548 pars
2665 2476 3105 2550 fragmentorum
3162 2479 3490 2536 absumitur.
3538 2482 3760 2538 Indole

2178 2571 2366 2615 autem
2381 2563 2451 2616 ab
2468 2564 2882 2618 narrationibus
2898 2565 3383 2639 logographorum
3405 2578 3580 2641 atque
3606 2568 3755 2627 Κτί-

2180 2664 2310 2702 σεων
2336 2650 2676 2722 scriptorum
2703 2651 2843 2704 nihil
2871 2651 3160 2708 differunt.
3184 2654 3436 2709 Eandem
3462 2656 3639 2728 plane
3663 2660 3754 2713 fa-

2107 2746 2118 2758 ·
2177 2734 2324 2788 bulae
2350 2735 2460 2788 illae
2486 2753 2603 2809 prae
2641 2754 2699 2790 se
2721 2735 2911 2791 ferunt
2943 2738 3355 2811 simplicitatem
3387 2751 3566 2814 atque
3592 2746 3753 2799 anti-

2181 2820 2280 2892 qui
2324 2822 2425 2875 aevi
2467 2820 2832 2890 cruditatem;
2876 2825 3035 2878 nullo
3077 2826 3279 2880 criseos
3306 2827 3438 2881 fuco
3457 2869 3473 2895 ‚
3513 2831 3750 2901 qualem

2180 2907 2469 2980 Ephorus,
2518 2909 2612 2963 alii
2653 2910 2718 2964 iis
2756 2910 3165 2980 adhibuerunt,
3213 2911 3541 2969 adulteratae
3586 2930 3745 2976 sunt.

2178 2995 2309 3049 Non
2334 2996 2641 3050 excludunt
2655 2997 2774 3052 baec
2796 3015 2924 3052 acre
2947 3009 3114 3071 atque
3138 3001 3432 3073 perspicax
3452 3001 3527 3058 de
3554 3005 3623 3060 iis
3646 3024 3747 3060 re-

2179 3081 2284 3136 bus
2304 3081 2613 3154 judicium3
2654 3095 2712 3138 at
2750 3084 2962 3140 iudicia
3008 3085 3128 3158 ejus
3153 3088 3213 3141 in
3237 3089 3492 3160 reliquiis
3532 3096 3751 3149 nostris

2178 3188 2298 3224 non
2323 3180 2648 3224 occurrunt.
2680 3171 2941 3225 Ceterum
2962 3174 3007 3226 si
3031 3173 3287 3246 genuinis
3312 3176 3527 3247 politiis
3549 3181 3745 3234 mixtae

2178 3268 2308 3311 sunt
2327 3258 2558 3329 spuriae,
2589 3257 2749 3344 quod
2773 3277 2905 3314 sane
2924 3260 3065 3314 nihil
3092 3260 3355 3331 mirarer,
3385 3266 3623 3337 vestigia
3645 3285 3747 3322 ea—

2179 3362 2306 3398 rum
2337 3346 2396 3399 in
2427 3346 2492 3400 iis
2524 3346 2765 3400 maxime
2798 3347 3012 3418 politiis
3045 3350 3401 3421 agnoverim,
3440 3352 3501 3405 in
3530 3355 3747 3424 quibus

2179 3430 2253 3486 de
2275 3433 2534 3504 mythicis
2560 3432 2730 3487 rebus
2759 3433 2960 3508 long-us
2977 3451 3161 3489 sermo
3188 3434 3352 3491 fuisse
3378 3438 3633 3496 videtur.

2256 3520 2436 3593 Igitur
2470 3520 2541 3574 ab
2570 3521 2855 3576 civitatum
2884 3522 3055 3575 initiis
3080 3540 3111 3575 e
3146 3533 3338 3591 terrae,
3374 3525 3511 3594 soli,
3542 3530 3742 3602 stirpis

2177 3608 2442 3662 varietate
2459 3607 2777 3679 repetendis
2793 3607 3077 3681 profectus
3096 3610 3280 3664 Aristo
3289 3611 3419 3665 teles
3442 3612 3739 3670 historiam

2177 3709 2366 3748 earum
2411 3695 2729 3768 exposuisse
2757 3707 2982 3750 eatenus
3004 3692 3247 3764 videtur,
3286 3705 3567 3769 quatenus
3607 3720 3737 3757 cum

2176 3780 2499 3853 reipublicae
2514 3782 2909 3836 constitutione
2919 3781 2966 3854 ej
2973 3801 3148 3855 usque
3160 3786 3572 3843 mutationibus
3594 3808 3739 3844 eon-

2170 3866 2367 3937 juncta
2416 3879 2555 3940 erat.
2587 3870 2723 3938 Quae
2761 3868 2990 3941 quidem
3016 3888 3150 3942 pars
3172 3889 3281 3944 pro
3318 3873 3596 3945 gravitate
3636 3895 3737 3933 sua

2177 3954 2332 4026 quasi
2358 3954 2531 4009 cardo
2559 3956 2729 4009 totius
2757 3957 2945 4028 operis
2968 3974 3081 4012 esse
3109 3956 3326 4015 debuit.
3361 3961 3436 4013 At
3476 3961 3734 4035 reliquiae

2175 4050 2377 4095 uostrae
2404 4040 2477 4095 de
2505 4042 2592 4096 his
2630 4053 2761 4096 sunt
2789 4042 3151 4112 tenuissimae3
3193 4043 3337 4098 adeo
3377 4055 3441 4099 ιιι
3480 4047 3734 4118 plurima

2176 4145 2298 4199 quae
2328 4145 2397 4182 eo
2418 4140 2700 4201 spectent,
2735 4147 2767 4183 e
2795 4129 3161 4185 Politicorum
3199 4149 3372 4204 opere
3396 4132 3736 4193 advocanda

2172 4214 2301 4272 sint.
2341 4214 2604 4268 Ceterum
2628 4225 2837 4287 quanta
2855 4214 3149 4289 diligentia
3167 4227 3226 4272 et
3265 4213 3509 4294 ἄκριὸείᾳ
3529 4235 3736 4280 auctor

2172 4310 2420 4354 versatus
2444 4301 2514 4354 sit
2541 4302 2599 4355 in
2650 4302 3004 4358 recensendis
3046 4305 3599 4376 rerumpublicarum
3642 4311 3731 4364 in-

2171 4387 2402 4455 stitutis,
2423 4389 2860 4461 magistratibus,
2882 4392 3200 4446 oeconomia
3219 4403 3275 4446 et
3295 4391 3593 4466 disciplina
3616 4414 3731 4469 pu-

2173 4472 2351 4542 blica,
2382 4491 2445 4528 re
2483 4476 2746 4543 militari,
2791 4479 3174 4546 commerciis,
3203 4481 3509 4549 mensuris,
3553 4501 3734 4540 num-

2172 4561 2337 4628 mis,·
2357 4572 2413 4616 et
2457 4579 2581 4632 quae
2624 4563 2736 4617 huc
2785 4564 2891 4619 alia
2929 4566 3241 4636 pertinent,
3284 4583 3353 4621 ex
3399 4566 3738 4642 fragmentis

2173 4643 2413 4723 reipubl.
2438 4646 2861 4704 Atheniensium
2883 4662 2941 4705 et
2964 4651 3529 4710 Lacedaemoniorum
3560 4657 3731 4730 (qui-

2172 4733 2278 4788 bus
2302 4752 2417 4807 prae
2453 4736 2651 4791 ceteris
2670 4734 2815 4791 adde
2838 4736 2910 4795 fr.
2940 4756 3035 4811 99.
3081 4757 3209 4796 101.
3255 4739 3385 4797 116.
3417 4760 3549 4812 207.
3585 4762 3730 4804 2ι2.

2177 4819 2308 4875 228.
2361 4819 2511 4896 232)
2555 4823 2867 4897 intelligere
2905 4824 3090 4880 adhuc
3118 4826 3267 4883 licet.
3306 4828 3476 4883 Haud
3503 4832 3734 4889 minore

2175 4924 2309 4963 cura
2348 4925 2536 4962 mores
2573 4910 2701 4963 vitae
2744 4911 2972 4982 privatae
3014 4923 3340 4983 persecutus
3376 4912 3567 4969 fuerit.
3602 4918 3729 4973 No·

2175 4992 2345 5049 tanda
2382 4994 2626 5072 denique
2668 4997 3107 5068 proverbiorum
3148 5016 3218 5053 ex
3254 4990 3484 5055 historia
3524 5003 3616 5058 vel
3654 5023 3727 5059 ex

2173 5081 2426 5135 moribus
2499 5082 2829 5138 institutisve
2889 5084 3353 5157 explicandorum
3403 5086 3733 5160 frequentia

2179 5163 2269 5223 (fr.
2294 5185 2420 5222 110.
2446 5166 2573 5241 139.
2597 5167 2725 5233 143.
2747 5169 3064 5237 167a.168.
3088 5190 3215 5242 ¹7⁰-
3242 5172 3367 5241 176.
3391 5172 3522 5228 181.
3554 5175 3727 5251 193).
