3900 6042
1670 432 1971 570 ION
2059 428 2599 566 CHIUS.

624 971 809 1025 Vitam
834 965 1015 1034 Ionis,
1043 972 1257 1037 poetae,
1273 960 1626 1036 philosophi,
1647 975 1753 1014 nec
1767 977 1885 1013 non
1907 959 2088 1014 histo-

540 1057 674 1123 rici,
719 1062 1052 1109 enarrarunt
1095 1051 1514 1123 fragmentaque
1551 1055 1986 1118 composuerunt
2022 1046 2085 1100 C.

538 1139 969 1213 Nieberdingius
1006 1137 1188 1211 (Lips.
1218 1131 1385 1210 1836)
1408 1143 1465 1188 et
1496 1133 1561 1186 E.
1587 1132 1864 1203 Koepkius
1891 1129 2089 1208 (Bero-

540 1227 642 1282 lin.
683 1223 888 1299 1836).
936 1225 1051 1279 Nos
1098 1233 1354 1296 tempora
1380 1219 1622 1274 auctoris
1649 1218 1994 1273 constituisse
2034 1226 2092 1273 et

540 1331 665 1385 qua:
703 1310 776 1367 ad
822 1312 1027 1383 scripta
1069 1308 1186 1389 ejus
1229 1307 1491 1362 historica
1527 1305 1813 1379 pertinent
1847 1306 2092 1360 attulisse

537 1399 866 1458 habebimus
882 1397 1026 1452 satis·

620 1477 727 1542 Ion
759 1485 955 1553 Chius,
986 1469 1545 1549 natus'Orthomene,
1569 1498 1739 1553 quem
1777 1478 1957 1535 Xuthi
1986 1496 2091 1533 co-

537 1573 805 1647 gnomine
827 1570 1011 1644 lepide
1027 1569 1388 1625 Athenienses
1415 1585 1635 1622 ornasse
1651 1564 1916 1620 videntur
1941 1565 2086 1639 (sch.

537 1665 636 1717 Ar.
670 1662 797 1716 Pac.
825 1657 960 1726 835;
990 1656 1187 1712 Suidas
1207 1665 1264 1711 et
1282 1657 1620 1727 Harpocrat.
1645 1671 1704 1707 v.
1733 1647 1917 1725 Ἴων),
1944 1669 2092 1724 pue-

535 1748 693 1801 rulus
734 1746 1072 1811 admodum,
1124 1739 1434 1797 παντάπασι
1492 1735 1787 1816 μειράκιον,
1846 1739 2092 1794 Athenas

534 1834 818 1907 profectus
856 1832 1119 1887 convivio
1162 1828 1415 1883 interfuit
1454 1827 1606 1901 apud
1649 1826 2091 1882 Leodamantem

540 1921 639 1995 (fr.
686 1917 770 1997 1.)
800 1922 891 1977 Ibi
929 1922 1076 1974 inter
1113 1918 1316 1991 pocula
1346 1917 1547 1972 Cimon
1590 1924 1920 1988 strategema
1960 1933 2089 1970 nar·

535 2012 711 2077 ravit,
737 2026 853 2081 quo
880 2025 1008 2061 usus
1033 2008 1104 2060 sit
1130 2005 1377 2077 Byzantii
1408 2001 1663 2076 (ol..76‚
1691 2000 1743 2057 3.
1775 2019 1821 2055 a.
1838 2002 1898 2058 C.
1928 2002 2084 2075 470).

539 2097 759 2168 Aliique
783 2114 816 2150 a
838 2094 1088 2148 convivis
1116 2108 1399 2147 sermones
1424 2089 1796 2156 habebantur,
1827 2105 1860 2143 e
1886 2089 2093 2160 quibus

536 2201 640 2236 nos
658 2181 970 2256 colligimus
995 2178 1422 2235 Themistoclem
1450 2186 1712 2231 testarum
1728 2175 1943 2246 judicio
1974 2186 2092 2231 tum

535 2268 794 2323 nondum
833 2268 996 2322 fuisse
1033 2266 1215 2339 patria
1241 2265 1499 2336 ejectum.
1529 2262 1699 2333 Quod
1711 2280 1920 2335 quum,
1939 2275 2094 2318 recte

538 2355 829 2410 subductis
854 2353 1107 2422 calculis,
1149 2352 1356 2407 factum
1396 2352 1467 2405 sit
1499 2347 1728 2422 Olymp'.
1769 2367 1873 2418 77,
1922 2355 1979 2418 4,
2021 2350 2094 2405 de

539 2454 795 2516 tempore
840 2441 1085 2496 convivii
1127 2440 1256 2494 satis
1294 2447 1544 2504 constat,
1590 2454 1776 2508 neque
1834 2437 2006 2511 longe
2060 2456 2091 2490 a

536 2548 673 2584 vero
702 2529 1074 2594 aberraveris,
1118 2527 1161 2581 si
1184 2525 1393 2581 natales
1437 2524 1590 2578 Ionis
1623 2523 1946 2579 referendas
1979 2541 2094 2578 esse

538 2635 763 2672 censeas
807 2615 879 2671 ad
923 2616 1149 2688 Olymp.
1199 2616 1270 2682 74
1327 2608 1676 2686 (484--48ι
1706 2609 1747 2685 ).
1795 2611 2093 2684 Ingenium

537 2703 901 2759 adolescentis
936 2701 1167 2758 Athenis
1197 2699 1499 2755 formatum
1541 2707 1597 2754 et
1621 2698 1906 2753 excultum
1945 2715 2089 2767 esse,

534 2803 890 2862 quamquam·
904 2789 963 2844 id
987 2806 1154 2844 nemo
1179 2787 1367 2858 tradit,
1390 2807 1498 2860 pro
1515 2798 1671 2843 certo
1691 2783 1972 2842 affirmare
1991 2802 2097 2838 au-

533 2878 658 2933 sim.
687 2878 916 2950 Olymp.
953 2896 1047 2951 79,
1090 2896 1113 2932 1
1147 2873 1355 2952 (464).
1387 2877 1584 2930 Ionem
1609 2875 1667 2928 in
1693 2874 1835 2928 urbe
1858 2871 2097 2927 adfuisse

508 2951 865 3036 'intelligitur
909 2981 978 3016 ex
1012 2965 1141 3017 loco
1187 2962 1471 3017 Plutarchi
1505 2960 1607 3034 (fr.
1641 2960 1733 3035 7).
1766 2959 1954 3030 Magni
2005 2975 2093 3011 res

537 3049 809 3104 momenti
839 3047 1041 3117 fuerit,
1069 3045 1228 3120 quod
1246 3045 1441 3116 juveni
1464 3046 1700 3119 contigit
1716 3087 1733 3113 ‚
1759 3055 1822 3099 ut
1848 3045 2095 3118 AEschyli

533 3148 718 3212 poetae
758 3134 1163 3192 consuetudine
1199 3143 1452 3189 uteretur
1485 3143 1542 3188 et
1582 3133 1971 3188 familiaritate.
2014 3164 2094 3176 -

534 3225 805 3281 Fabulam
862 3224 1070 3278 docere
1115 3222 1287 3295 coepit
1334 3218 1669 3293 Olympiade
1722 3219 1796 3275 82
1857 3217 2095 3293 (452.-

541 3317 657 3384 449
672 3314 688 3385 )
705 3351 721 3379 ,
745 3309 904 3381 cujus
929 3326 1078 3365 anno
1105 3316 1390 3380 postremo
1415 3307 1616 3362 Cimon
1637 3307 1843 3361 Nostro
1873 3308 2092 3362 carissi-

420 3450 424 3454 .
533 3416 659 3452 mus
685 3396 799 3452 fato
828 3395 1123 3452 defunctus
1150 3405 1249 3454 est.
1284 3396 1415 3449 Non
1447 3394 1526 3450 ita
1556 3394 1739 3448 multo
1765 3404 1893 3467 post
1916 3412 2093 3466 quum

536 3485 892 3558 optimatium
922 3482 1165 3538 factione
1196 3499 1461 3556 oppressa
1485 3498 1660 3556 penes
1684 3481 1967 3555 populum
2002 3493 2092 3537 at-

536 3589 648 3643 que
683 3570 955 3627 Periclem
989 3587 1201 3624 summa
1231 3588 1424 3626 rerum
1451 3586 1566 3624 esse
1612 3569 1786 3641 coepit
1832 3566 1994 3642 (inde
2020 3569 2092 3624 ab

535 3659 626 3715 01.
657 3655 729 3722 84
746 3697 762 3726 ,
796 3673 849 3713 1.
897 3661 1008 3722 444
1035 3675 1085 3712 a.
1117 3654 1252 3729 C.)‚
1279 3657 1387 3711 Ion
1405 3657 1465 3710 in
1490 3657 1732 3730 patriam
1757 3655 1987 3711 rediisse
2006 3658 2095 3711 vi-

535 3744 724 3813 detur,
745 3739 958 3798 'ubiOL
982 3742 1052 3809 84
1069 3783 1086 3812 ,
1111 3749 1142 3809 4
1179 3743 1338 3817 (44ι)
1367 3742 1674 3816 Sophocles
1693 3743 1936 3798 Lesbum
1953 3762 2095 3844 pro-

534 3829 785 3886 ficiscens
820 3847 951 3884 eum
990 3830 1255 3885 convenit
1289 3829 1380 3903 (fr.
1432 3828 1519 3903 1).
1563 3829 1846 3900 Quamdiu
1873 3840 1996 3884 tum
2033 3832 2093 3886 in

536 3918 678 3974 Chio
705 3916 886 3971 insula
923 3914 1173 3990 degerit,
1215 3935 1333 3971 non
1357 3917 1556 3989 liquet.
1588 3918 1892 3972 Reversum
1918 3917 2092 3972 Athe-

537 4023 634 4060 nas
668 4002 923 4058 videmus
948 4003 1040 4059 Ol.
1069 4001 1142 4073 87
1161 4042 1178 4071 ‚
1212 4007 1243 4068 4
1286 4001 1446 4077 (429)
1469 4042 1485 4071 ,
1518 4021 1634 4076 quo
1664 4002 1935 4077 tragoedia
1964 4021 2093 4059 cer·-

535 4092 675 4146 tavit
696 4109 824 4144 cum
851 4089 1122 4164 Euripide
1148 4099 1206 4145 et
1230 4091 1516 4164 Iophonte
1553 4088 1817 4165 (Argum.
1854 4089 1929 4145 ad
1955 4092 2089 4149 Eur.

537 4178 749 4252 Hippol
758 4176 818 4252 ..)
835 4176 996 4232 Idem
1009 4195 1187 4232 annus
1199 4176 1379 4232 fatalis
1391 4176 1499 4231 suit
1509 4177 1709 4232 Pericli
1719 4216 1734 4234 .
1752 4177 1979 4250 Olymp.
1999 4175 2092 4247 89,

541 4263 573 4318 3
605 4263 783 4340 (421)
810 4267 918 4320 Ion
946 4263 1020 4320 ad
1045 4264 1242 4321 beatos
1259 4263 1375 4336 jam
1406 4265 1648 4333 abierat,
1677 4265 1870 4338 paullo
1899 4275 2089 4335 antea,

521 4362 600 4405 -ιιι
620 4350 868 4420 videtur,
891 4349 1189 4405 defunctus
1205 4351 1611 4425 sexagenarius.
1632 4347 1931 4406 Etenim'in
1952 4352 2094 4406 Pace

537 4437 755 4507 fabula,
794 4454 965 4510 quam
993 4437 1107 4492 hoc
1134 4454 1283 4492 anno
1311 4455 1486 4493 scenae
1512 4439 1909 4510 Aristophanes
1930 4455 2093 4492 com-

535 4523 684 4577 misit
699 4565 715 4592 ,
744 4523 982 4578 famulus
1006 4525 1220 4597 Trygaei
1241 4525 1443 4597 quaerit
1457 4566 1473 4594 ,
1495 4544 1633 4580 num
1653 4526 1724 4580 sit
1752 4542 1947 4579 verum
1964 4533 2095 4596 post

534 4619 777 4664 mortem
810 4628 914 4664 nos
949 4611 1130 4665 stellas
1151 4609 1308 4682 fieri3
1337 4610 1649 4667 affirmante
1679 4630 1801 4667 rem
1824 4614 2087 4686 TrygaeO,

539 4695 777 4750 famulus
805 4695 888 4770 (v,
917 4695 1059 4773 835)
1088 4714 1102 4750 τ

655 4822 750 4874 Καὶ
769 4820 838 4879 τίς
862 4821 986 4874 ἐστιν
1003 4823 1151 4889 ἀστὴρ
1167 4829 1246 4874 νῦν
1267 4825 1386 4886 ὲκεῐς

535 4939 637 4994 Ille
658 4957 795 4994 vero
823 4957 838 4993 ι

659 5066 766 5114 Ἶων
783 5067 811 5114 ὁ
842 5068 954 5123 Χῖος
966 5103 981 5126 ,
1004 5067 1149 5129 ὅσπερ
1165 5067 1387 5125 ἐποίησεν
1404 5067 1551 5115 πάλαι

663 5136 817 5184 ἐνθάδε
828 5137 907 5186 τὸν
922 5136 1066 5185 Ἀοῖὁν
1079 5137 1189 5185 ποθ’
1205 5150 1220 5163 ·
1237 5139 1303 5194 ὡς
1320 5137 1363 5186 δ’
1385 5137 1486 5196 ἦλθ’
1497 5173 1513 5198 ,
1534 5139 1700 5194 εὐθέως

662 5204 806 5253 Ἀοἵον
825 5206 964 5255 αὐτὸν
984 5203 1146 5266 πάντες
1166 5205 1356 5255 ἐκάλουν
1376 5207 1561 5269 ἀστέρα.

2257 958 2347 1013 Ad
2374 957 2492 1013 haec
2520 957 2860 1012 scholiasta·
2887 948 3010 1014 Ἴων
3033 956 3062 1013 ὅ
3084 953 3245 1030 Χῖος,
3277 953 3617 1034 διθυράμὸων
3646 957 3739 1015 καὶ

2177 1040 2467 1120 τραγῳδίας
2493 1039 2582 1098 καὶ
2612 1043 2784 1116 μελῶν
2814 1039 3050 1110 ποιητής.
3083 1039 3344 1111 Ἐποίησε
3373 1041 3427 1099 δὲ
3464 1042 3639 1123 ᾠδὴν,
3676 1036 3742 1115 ἧς

2176 1131 2210 1197 ἡ
2241 1126 2462 1207 ἀρχήηι
2436 1127 2646 1186 «Ἆοῖον
2683 1125 2989 1207 deposui-cuv
3018 1125 3213 1208 ἀστέρα
3250 1101 3522 1206 μείναμεν,
3554 1130 3740 1189 ἀελίου

2177 1215 2335 1292 λευκῇ
2348 1213 2564 1293 πτέρυγι
2591 1213 2964 1324 πρόδρομον.
2937 1214 3252 1274 »Φαίνεται
3274 1213 3329 1272 δὲ
3347 1215 3739 1288 τετελευτηκὼς

2178 1302 2238 1359 ἐκ
2254 1299 2467 1362 τούτων.
2495 1300 2709 1368 Παίζων
2735 1291 2794 1357 03³
2782 1324 2822 1358 ·ν
2848 1304 2878 1359 ὁ
2900 1301 3268 1382 Ἀριστοφάνης
3288 1304 3431 1360 ἀοῖον
3452 1303 3615 1362 αὗτόν
3636 1327 3743 1385 φη-

2179 1410 2260 1445 σιν
2282 1387 2476 1462 ἀστέρα
2506 1390 2782 1458 κληθῆναι·
2786 1387 3121 1494 ”mptffltoc
3141 1387 3197 1447 δὲ
3228 1388 3449 1466 ἐγένετο.

2257 1477 2505 1551 Tydeus,
2526 1478 2711 1545 Chius,
2730 1497 2820 1533 του
2833 1471 3031 1547 ’,Ῑωνος
3051 1489 3397 1533 memoratur
3413 1480 3742 1552 Thucydidi

2177 1566 2339 1635 VIII,
2373 1564 2467 1621 38.
2493 1567 2675 1620 Num
2661 1583 2707 1620 ιε
2723 1575 2903 1638 poetae
2928 1584 3000 1620 an
3028 1568 3165 1621 alius
3190 1568 3344 1622 Ionis
3364 1566 3509 1623 filius
3532 1568 3739 1637 fuerit,

2178 1655 2387 1708 nescio.

2256 1740 2342 1797 De
2365 1740 2581 1812 scriptis
2606 1741 2758 1795 Ionis
2775 1758 2866 1813 ap.
2894 1739 3137 1795 eundem
3163 1740 3511 1796 scholiastam
3536 1743 3578 1799 l.
3600 1743 3643 1796 l.
3666 1760 3744 1798 se·

2179 1836 2431 1899 quuntur
2460 1827 2626 1881 haec.
2652 1822 2894 1904 Ἔγραψε
2912 1823 2967 1883 δὲ
2991 1824 3082 1882 καὶ
3095 1823 3372 1904 κωμῳδίας
3396 1826 3464 1902 [Ρ]
3494 1825 3593 1884 καὶ
3619 1829 3738 1884 ἐπι-

2178 1910 2470 1989 γράμματα
2499 1909 2626 1988 (καὶ
2651 1919 2876 1977 παιᾶνας
2913 1909 3007 1969 καὶ
3047 1909 3239 1986 ὕμνους
3278 1911 3370 1970 καὶ
3415 1912 3607 1970 σκολιὰ
3649 1915 3741 1972 καὶ

2181 1996 2417 2074 ἐγκώμια
2444 1997 2534 2054 καὶ
2564 1999 2790 2073 ἐλεγεῖα,
2832 1996 2922 2055 καὶ
2952 1997 3403 2074 καταλογάδην
3443 1998 3533 2057 τὸν
3590 2004 3737 2081 Πρε-

2180 2082 2447 2142 σὸευτικὸν
2448 2083 2774 2191 ”le-(dumont,
2813 2083 2872 2142 ὃν
2894 2083 3037 2143 νόθον
3069 2084 3269 2152 αξιουσι
3295 2076 3431 2143 εἶναι’
3451 2110 3616 2159 τινες,
3650 2089 3742 2145 καὶ

2179 2169 2298 2248 οὗχὶ
2325 2171 2517 2229 αυτοῦ·
2560 2170 2798 2250 φαίνεται
2837 2170 3081 2251 [φέρεται
3106 2173 3312 2251 Dind.]
3356 2171 3411 2230 δὲ
3453 2176 3615 2232 αὐτοῦ
3650 2175 3743 2233 καὶ

2181 2257 2363 2324 Κτίσις
2392 2258 2502 2335 [sc.
2533 2258 2731 2338 Χίου],
2762 2259 2851 2317 καὶ
2883 2259 3304 2365 Κοσμρλογικός,
3332 2261 3423 2318 καὶ
3450 2260 3738 2339 Ὕπομνῆ·

2180 2366 2355 2419 ματα,
2388 2344 2480 2401 καὶ
2506 2346 2645 2403 ἄλλα
2676 2344 2811 2404 τινά.
2845 2345 2956 2405 Καὶ
2979 2346 3119 2406 πάνυ
3147 2345 3359 2422 δόκιμος
3380 2338 3463 2418 ἦν.
3493 2349 3653 2409 Φασὶ
3684 2348 3740 2408 δὲ

2180 2429 2332 2488 αὐτὸν
2359 2434 2490 2507 ὁμοῦ
2530 2431 2847 2512 διθύραμὸον
2868 2432 2959 2491 καὶ
3003 2432 3298 2513 τραγῳδίαν
3344 2436 3738 2512 ἅγωνισαμενον

2181 2518 2235 2573 ἐν
2262 2521 2326 2595 τῇ
2354 2517 2830 2597 Ἀττικη-υικῆσαι,
2858 2519 2948 2578 καὶ
2980 2520 3177 2586 εὐνοίας
3197 2519 3354 2599 χάριν
3378 2523 3573 2599 προῖκα
3604 2527 3738 2584 Χῖον

2181 2581 2314 2661 οἶνον
2341 2603 2547 2685 πέμψαι
2572 2605 2871 2679 Ἀθηναίοις.
2895 2606 3247 2687 [Σωκρατους
3271 2606 3324 2666 δὲ
3340 2613 3432 2666 τοῦ
3455 2612 3740 2692 φιλοσόφου

2179 2689 2320 2750 ἔστιν
2355 2694 2427 2758 εἰς
2450 2694 2606 2752 αὐτὸν
2639 2692 2788 2772 λόγος
2810 2693 3085 2772 λεγόμενος
3109 2693 3305 2774 ’.Ῑων]
3343 2694 3629 2768 Μέμνηται
3652 2700 3741 2756 αὖ·

2180 2781 2271 2835 τοῦ
2301 2781 2392 2836 καὶ
2419 2779 2770 2859 Καλλίμαχος
2806 2781 2861 2838 ἂν
2901 2787 3007 2847 τοῖς
3049 2780 3418 2858 Χωλιᾶμὸοις,
3459 2781 3541 2842 ὅτι
3566 2783 3737 2843 πολλὰ

2180 2863 2459 2945 ἔγραψεν.)

2261 2950 2330 3008 ln
2356 2869 2625 3010 Aldinum
2650 2956 2768 3011 haec
2787 2956 3162 3013 transcribens
3178 2958 3438 3014 Musurus
3463 2961 3737 3016 nonnulla

2184 3043 2444 3110 mutavit,
2475 3043 2584 3099 alia
2611 3045 2777 3098 assuit
2803 3062 2872 3099 ex
2898 3044 3069 3100 Suida
3105 3063 3162 3099 v,
3193 3037 3340 3100 Ἴων
3367 3049 3435 3102 V.
3476 3048 3734 3106 Diibner.

2179 3127 2353 3182 Uncis
2379 3129 2587 3184 inclusa
2610 3130 2811 3185 absunt
2833 3150 2865 3186 a
2886 3130 3017 3189 cod.
3047 3134 3391 3190 Ravennate.

2260 3214 2636 3287 Harpocratio
2656 3235 2709 3273 v.
2736 3211 2904 3276 ’':va
2927 3210 3174 3295 Ἔγραψε
3201 3215 3257 3274 δὲ
3285 3215 3423 3293 μέλη
3446 3218 3622 3277 πολλὰ
3646 3218 3737 3277 καὶ

2179 3297 2471 3377 τραγῳδίας
2505 3298 2597 3357 καὶ
2628 3299 2904 3381 φιλόσοφόν
2929 3324 2979 3359 τι
3008 3303 3357 3383 σύγγραμμα,
3372 3303 3460 3362 τὸν
3482 3306 3738 3385 τριαγμὸν

2181 3383 2629 3465 ἐπιγραφόμενον,
2659 3386 2788 3467 ὅπερ
2819 3389 3165 3469 Καλλίμαχος
3192 3391 3551 3470 ἂντιλέγεσθαί
3580 3415 3738 3474 φησιν

2178 3472 2251 3537 ὡς
2271 3470 2591 3546 ’.Επιγένους

2262 3562 2434 3632 Quod
2474 3563 2857 3637 interponitur
2881 3565 2959 3621 de
2990 3567 3237 3623 Platonis
3262 3567 3403 3623 Ione
3432 3570 3738 3642 (Ephesius

2180 3660 2300 3705 erat
2321 3649 2655 3725 homuncio)
2684 3651 2737 3725 (
2745 3652 2799 3726 ),
2829 3653 2987 3708 scioli
3026 3645 3314 3723 cujusdam
3348 3655 3591 3711 debetur
3614 3658 3773 3713 stu-'

2178 3736 2331 3808 pori.
2370 3736 2539 3792 Haud
2586 3739 2769 3794 minus
2815 3741 3024 3796 erravit
3068 3740 3266 3797 Suidas
3312 3740 3474 3814 (coll.
3513 3745 3734 3803 Eudoc.

2179 3839 2241 3895 p.
2251 3817 2382 3898 248)
2396 3841 2455 3880 v.
2472 3819 2623 3899 Ἴων,
2639 3825 2780 3880 ubi:
2806 3818 3047 3905 Ἔγραψε
3069 3823 3190 3903 περὶ
3206 3823 3479 3904 μετεώρων
3496 3826 3589 3886 καὶ
3613 3851 3735 3887 συν-

2182 3905 2356 3974 θέτους
2380 3907 2577 3986 λόγους.
2608 3913 2752 3967 Nata
2776 3914 2895 3969 haec
2932 3933 3003 3970 ex
3029 3914 3245 3969 scholio
3286 3919 3386 3969 Ar·
3418 3916 3459 3969 l.
3508 3917 3547 3972 l.
3592 3920 3738 3974 male

2178 3988 2484 4056 intellecto.
2506 4028 2576 4038 —
2613 3999 2873 4055 Ceterum
2899 4002 3058 4057 vides
3085 4019 3279 4074 opera,
3331 4021 3455 4075 quae
3491 4004 3739 4077 pedestri

2181 4085 2436 4140 oratione
2461 4086 2568 4140 Ion
2596 4087 2872 4184 scripsisse
2915 4087 3224 4156 serebatur,
3267 4090 3313 4145 si
3351 4108 3471 4144 non
3515 4095 3733 4161 omnia,

2179 4171 2451 4227 nonnulla
2488 4183 2669 4241 certe,
2694 4173 2811 4244 jam
2830 4185 2961 4230 ante
2993 4176 3315 4232 Callimachi
3344 4187 3562 4233 aetatem
3602 4179 3736 4235 sub-

2180 4257 2370 4313 diticia
2403 4258 2594 4314 habita
2630 4277 2769 4317 esse.
2810 4264 2895 4316 Ac
2936 4280 3067 4316 sane
3107 4264 3251 4318 mira
3287 4266 3523 4320 varietas
3563 4285 3732 4341 argu-

2178 4355 2532 4414 mentorum,
2568 4363 2693 4418 quae
2730 4347 2838 4401 lon
2885 4358 3056 4422 pocta
3094 4357 3352 4405 tractasse
3388 4351 3614 4427 dicitur,
3663 4354 3733 4408 ab

2179 4431 2405 4505 ingenio
2455 4434 2557 4487 aevi
2613 4433 2914 4507 Sophoclei
2962 4434 3271 4491 abhorrere
3326 4438 3570 4496 videtur.
3624 4440 3734 4497 Sed

2178 4535 2397 4592 semper
2420 4519 2656 4575 haerebit
2681 4520 2991 4590 dubitatio,
3037 4540 3213 4595 quum
3243 4522 3320 4578 ad
3346 4526 3623 4598 liquidum
3646 4546 3735 4582 res

2176 4605 2414 4679 perduci
2434 4607 2509 4661 ob
2539 4607 2980 4682 fragmentorum
3007 4612 3344 4684 paucitatem
3364 4613 3457 4666 vix
3484 4631 3732 4689 unquam

2178 4695 2372 4766 possit.

2256 4782 2342 4836 De
2368 4778 2813 4860 πρεσὸευτικω
2841 4779 2998 4862 λόγῳ
3021 4784 3248 4842 aliunde
3262 4805 3380 4841 non
3399 4799 3631 4846 constat.
3650 4821 3729 4831 —

2178 4869 2348 4938 Quod
2370 4867 2702 4946 Τριαγμον
2724 4870 3245 4949 (νεΙΤριαγμους.
3267 4877 3331 4933 V.
3357 4874 3559 4950 fragm.
3600 4876 3726 4954 13),

2240 5074 2300 5136 (*)
2335 5076 2596 5136 Aliuslon‚
2626 5078 2836 5127 Platonis
2853 5077 2993 5138 disc„
3024 5079 3052 5126 ὁ
3073 5079 3240 5127 Κανών
3270 5080 3581 5143 cognomine,
3599 5083 3725 5145 apud

2176 5145 2374 5274 ιιιοίδειιι.
2413 5147 2615 5196 conns.
2646 5161 2671 5196 c
2715 5153 2764 5209 7,
2784 5162 2832 5211 p.
2854 5147 3040 5199 722ed.
3069 5148 3250 5210 Didot„
3273 5150 3573 5214 Philopseud.
3602 5165 3646 5201 c.
3675 5154 3722 5201 6.
