3900 6042
962 441 1469 502 PYTHIONICAE.
1514 438 2004 499 mnAscALIAE.
2055 439 2151 498 DE
2198 438 2483 498 POETlS.

801 582 935 634 ε168.

179 708 361 763 Schol.
387 708 447 760 in
468 706 681 760 Platon.
706 703 953 776 Apolog.
982 720 1043 774 p.
1081 698 1192 755 330
1225 698 1315 757 ed.
1348 696 1586 756 Bekker.
1634 717 1647 752 :

112 794 334 861 Μίλητος
362 788 419 849 δὲ
442 788 734 869 τραγῳδίας
775 787 969 866 φαῦλος
1005 783 1254 859 ποιητὴς,
1288 781 1442 863 Θρᾷξ
1483 781 1650 858 γένος,

114 884 170 945 ὡς
196 877 561 956 Ἀριστοφάνης
600 872 891 953 Βατράχοις
946 872 1042 946 (v.
1099 871 1247 945 1309
1269 868 1309 946 ),
1369 871 1657 947 Πελαργοῖς

116 959 261 1026 Λαΐου
289 964 401 1021 υἱὸν
431 962 589 1020 αὐτὸν
621 959 809 1037 λέγων,
838 958 951 1018 ἐπεὶ
978 948 1023 1037 ᾧ
1051 956 1155 1015 ἔτει
1185 960 1232 1014 οἱ
1261 956 1525 1033 Πελαργοὶ
1550 957 1656 1013 361-

117 1051 373 1120 δᾶσκοντο,
401 1049 496 1107 καὶ
521 1053 551 1106 δ
584 1048 830 1118 Μέλητος
862 1042 1198 1105 Οἷδιπόδειαν
1228 1042 1409 1113 ἔθηκεν
1451 1042 1469 1118 (
1495 1045 1660 1111 καθῆ-

118 1161 189 1197 κεν
205 1137 449 1195 Meinek.
477 1138 531 1211 )‚
552 1139 622 1201 ὥς
642 1132 996 1212 Ἀριστοτέλης
1014 1130 1404 1195 Διδασκαλίαις.
1430 1135 1495 1188 V.
1524 1133 1659 1186 Mei-

118 1226 229 1279 n'ek.
254 1227 390 1279 nist.
420 1243 577 1280 com.
604 1227 660 1293 1,
686 1242 745 1295 p.
807 1240 941 1292 177;
986 1222 1235 1295 Wagner
1274 1218 1473 1293 fragm.
1505 1229 1658 1292 poet.

120 1316 269 1378 Ὧδε·
296 1322 359 1376 P·
389 1302 488 1372 73-

814 1404 946 1477 269.

188 1525 509 1595 Argument.
554 1511 698 1573 Eur.
737 1517 948 1572 Medeae
982 1534 995 1569 :
1035 1511 1115 1571 Τὸ
1161 1513 1338 1589 δρᾶμα
1369 1511 1509 1567 δοκεῖ
1538 1513 1660 1566 ὑπο·

121 1613 344 1671 διελέσθαι
370 1612 522 1690 παρὰ
544 1610 831 1689 Νεόφρονος
860 1606 1228 1683 διασκευάσας,
1259 1609 1326 1672 ὡς
1346 1604 1663 1682 Δικαίαρχός

118 1722 166 1757 τε
205 1700 325 1781 Περὶ
351 1705 442 1758 τοῦ
481 1696 739 1763 Ἑλλάδος
780 1696 895 1775 βίου
917 1696 1008 1753 καὶ
1039 1693 1393 1773 Ἀριστοτέλης
1422 1696 1473 1750 ἰν
1505 1691 1664 1751 Ὕπο·

123 1787 355 1861 μνήμασι.
392 1783 794 1861 ’Υπομνήματα
815 1786 874 1842 h.
904 1786 942 1842 l.
965 1803 998 1840 a
1026 1784 1348 1839 Didascaliis
1376 1781 1512 1836 nihil
1545 1781 1659 1834 dif-

124 1878 299 1929 semnt.
324 1879 407 1930 De
437 1894 501 1929 re
536 1894 597 1927 ν.
635 1875 899 1946 ἲῗοςηοτ.
930 1874 970 1926 l.
1006 1873 1038 1925 l.
1075 1890 1130 1944 p.
1162 1890 1259 1926 20.

814 2016 947 2069 270.

187 2122 368 2177 Suidas
392 2140 449 2178 v.
474 2115 651 2177 Ὄνου
670 2112 794 2175 σκιά
824 2138 837 2172 :
870 2113 1224 2194 Ἀριστοτέλης
1251 2114 1296 2170 δ’
1317 2116 1367 2171 ἐν
1396 2115 1657 2172 Διδασκα-

125 2205 239 2271 λίαις
274 2206 360 2262 καὶ
389 2202 664 2284 δράματός
706 2224 841 2267 τινος
890 2200 1031 2280 φέρει
1081 2199 1399 2279 ἐπιγραφήν·
1456 2198 1658 2258 Ὀνου

127 2292 283 2348 σκιάν
323 2313 402 2350 sc.
452 2293 738 2365 Archippi
783 2292 1003 2346 comici.
1056 2294 1115 2345 V.
1148 2290 1362 2344 Zenob.
1396 2292 1500 2359 VI,
1553 2290 1659 2358 283

126 2381 274 2438 schol.
294 2381 481 2438 Aldin.
512 2380 595 2436 ad
628 2380 795 2434 Arist.
839 2381 1002 2450 Vesp.
1046 2396 1146 2449 ¹9¹
1173 2397 1189 2444 ;
1235 2378 1491 2450 Apostol.
1518 2378 1655 2444 XX,

129 2468 479 2535 43Meiuekius
496 2466 577 2522 ad
606 2464 897 2520 Menandri
926 2465 1127 2537 reliqq.
1164 2482 1218 2536 p.
1249 2461 1341 2534 57.

811 2604 947 2654 ²7¹·

191 2704 365 2761 Schol.
385 2706 759 2778 Aristophan.
789 2708 892 2759 Av.
922 2704 1068 2775 1379
1096 2722 1109 2757 ι
1143 2700 1207 2759 Ὁ
1234 2700 1286 2759 δὲ
1310 2701 1661 2781 Ἀριστοτέλης

131 2791 173 2846 ἓν
196 2791 294 2857 ταῖς
320 2789 703 2855 Διδασκαλίαις
733 2787 823 2847 δύο
840 2788 967 2868 φησὶ
994 2788 1257 2865 γεγονέναι
1299 2810 1376 2845 sc.
1400 2793 1657 2847 Cinesias.

808 2926 947 2977 272.

192 3020 367 3076 Schol.
421 3020 794 3093 Aristophan.
836 3021 977 3076 Ran.
1010 3025 1119 3084 404
1167 3038 1179 3072 :
1224 3016 1351 3076 Ἐπὶ
1399 3024 1520 3095 γοῦν
1571 3025 1662 3077 τοῦ

136 3106 335 3164 Καλλίου
371 3105 557 3165 τούτου
611 3107 738 3175 (01.
788 3106 853 3161 81
879 3149 895 3174 ,
932 3125 951 3159 ι
973 3149 989 3179 ,
1021 3125 1136 3178 quo
1165 3125 1315 3161 anno
1356 3108 1499 3164 Rau.
1548 3109 1659 3163 fab.

132 3194 303 3268 docta)
329 3192 481 3271 φησὶν
523 3188 888 3267 Ἀριστοτέλης
931 3188 1010 3246 ὅτι
1037 3189 1223 3247 σύνδυο
1252 3188 1389 3257 ἔδοξε
1421 3196 1664 3269 χορηγεῖν

50 3322 51 3327 ,
131 3278 184 3334 τὰ
201 3278 430 3339 Διονύσια
452 3287 565 3344 τοῖς
580 3277 867 3356 τραγῳδοῖς
888 3276 979 3334 καὶ
1001 3278 1291 3355 κωμῳδοῖς·
1315 3276 1451 3336 ὥστε
1467 3281 1590 3345 ἴσως
1605 3272 1668 3350 ἦν

50 3354 51 3407 ]
134 3388 196 3430 τις
236 3367 317 3423 καὶ
356 3367 477 3447 περὶ
518 3366 617 3423 τὸν
672 3363 933 3434 Αηναίκὸν
973 3367 1149 3440 ἀγῶνα
1189 3364 1444 3435 συστολὴ,
1498 3366 1669 3446 χρόνῳ

135 3452 170 3507 δ’
190 3451 383 3533 ὕστερον
400 3456 461 3511 οὗ
482 3454 669 3529 πολλῷ
685 3473 785 3508 τινι
804 3451 891 3508 καὶ
913 3450 1154 3519 καθάπαξ
1174 3455 1397 3532 περιεῖλε
1418 3454 1668 3523 Κινησίας

137 3538 211 3603 τὰς
230 3539 473 3618 χορηγίας
504 3558 519 3573 ·
554 3537 634 3605 ’ἐξ
679 3529 737 3595 οὗ
780 3537 869 3595 καὶ
908 3538 1163 3617 Στράττις
1191 3540 1245 3596 ἐν
1287 3543 1364 3619 τῷ
1407 3543 1476 3605 εἷς
1518 3541 1671 3598 αὐτὸν

138 3625 336 3701 δράματι
359 3631 458 3707 ἐφῆ
484 3630 661 3696 σκηνῆ
689 3623 784 3699 μὲν
808 3630 899 3682 τοῦ
929 3624 1240 3702 lopun-6200
1272 3626 1542 3696 Κινησίου.

205 3716 295 3792 ἑφῆ
322 3711 531 3795 σκηνῆ]
560 3714 900 3786 Requiritur
926 3712 1187 3787 μέμνηται
1232 3715 1319 3769 vel
1359 3717 1466 3770 tale
1510 3716 1670 3788 quid.

141 3800 311 3869 Diadf.
328 3804 405 3855 De
421 3803 647 3873 reliqua
665 3801 920 3854 lectionis
934 3802 1199 3856 varietate
1212 3801 1302 3856 adi
1319 3802 1649 3857 Diibncrum
1661 3844 1672 3855 .

144 3888 436 3944 Didascaliis
467 3890 677 3963 fragm.
707 3886 824 3957 jam
869 3889 1226 3944 Casaubonus
1245 3890 1555 3959 vindicavit
1605 3889 1675 3943 ad

144 3974 323 4030 Athen.
350 3976 445 4042 vl,
486 3994 549 4048 p.
602 3972 754 4040 235,
786 3977 854 4032 E.
892 3973 981 4032 Cf.
1013 3976 1186 4030 schol.
1228 3976 1299 4030 ad
1328 3994 1470 4030 vers.
1526 3974 1623 4028 151
1665 3995 1677 4028 z

144 4057 201 4114 Ὀ
236 4057 476 4128 Κινησίας
504 4058 978 4136 ἐπραγματεύσατο
1014 4059 1150 4118 κατὰ
1178 4062 1280 4117 τῶν
1324 4062 1590 4136 κωμικῶν,
1614 4063 1681 4125 ὡς

146 4132 231 4199 εἶεν
259 4143 595 4223 ἀχορήγητοι.

1712 3583 1736 4217 ἱ

832 4316 954 4366 268.

198 4420 381 4471 Meletos
416 4435 629 4484 nequam
654 4422 992 4484 tragoediarum
1024 4424 1247 4485 scriptor,
1282 4424 1441 4473 Thrax
1473 4436 1672 4485 genere,

155 4498 202 4542 nt
225 4498 553 4559 Aristophanes
582 4498 631 4547 in
674 4497 894 4549 Raniset
934 4500 981 4546 in
1023 4499 1257 4557 Ciconiis,
1298 4500 1379 4547 nbi
1412 4513 1524 4547 cnm
1570 4504 1677 4550 Laii

148 4569 294 4623 filium
320 4574 434 4622 dicit
453 4612 469 4636 ‚
490 4575 627 4637 quod
649 4588 804 4635 anno,
825 4588 920 4636 quo
956 4576 1166 4625 ciconiae
1204 4575 1365 4623 sabula
1396 4576 1679 4636 docebatur,

156 4647 333 4697 »teletus
349 4650 662 4713 (Edipodiam
684 4663 841 4700 scenae
867 4650 1104 4700 commissit
1119 4687 1133 4711 ,
1154 4654 1208 4700 nt
1229 4653 1506 4702 Aristoteles
1539 4652 1683 4701 tradit

156 4722 195 4769 in
212 4724 487 4777 Didasoetiis.

837 4843 960 4894 269.

210 4940 412 4990 Medeam
427 4942 599 4990 ‹li-aim
620 4942 916 5004 Euripidoea
942 4942 1224 5004 Neophrone
1256 4944 1532 5003 mutuatus»,
1558 4955 1681 4991 nova

160 5014 250 5071 ‘3¹¹⁵
276 5018 543 5067 recensione
579 5017 797 5067 instituta
830 5032 986 5067 scenae
1027 5018 1319 5067 commisisse
1353 5019 1564 5079 videtur,
1614 5019 1706 5083 nti‘

160 5090 443 5216 mmm
460 5092 511 5141 in
532 5094 646 5141 vita
669 5093 867 5144 Gra-ctae
885 5095 933 5143 et
954 5094 1230 5144 Aristotcles
1252 5094 1299 5142 in
1324 5095 1688 5143 commentariis

318 5171 352 5218 t.

3188 446 3294 495 185

1820 561 1908 617 Ad
1933 563 2242 618 Aristotelis
2263 560 2596 616 Didascalias
2622 562 3101 632 respexeritetiam
3117 561 3292 615 schol.

1743 650 1909 706 Arist.
1944 647 2094 703 Plut.
2126 646 2236 702 385
2266 648 2403 703 ;τῶν
2422 644 2726 721 Παμφίλου]
2748 643 2833 702 Τὰ
2849 645 2901 701 δὲ
2918 643 3034 702 λίαν
3062 647 3297 713 ἐπιτετη-

1745 734 1966 810 δευμένα
2014 730 2406 808 Ὑπομνήματα
2474 730 2732 801 διστάζει,
2780 728 2998 810 πότερον
3056 734 3300 810 τραγικὸς

1744 820 1965 892 ποιητὴς
1993 818 2024 891 ἢ
2061 820 2358 897 ζωγράφος,
2388 815 2444 875 ὃν
2482 816 2881 891 καθηγήσασθαί
2922 841 3077 899 φασιν
3112 819 3300 877 Ἀπελ-

1745 908 1865 965 λοῦ·
1914 912 1968 966 ἐν
2020 906 2192 982 μέντοι
2239 914 2355 971 ταῖς
2401 904 2777 971 Διδασκαλίαις
2817 905 2919 983 πρὸ
2954 907 3148 964 τούτων
3200 911 3302 964 τῶν

1746 994 1945 1074 χρόνων
1973 995 2248 1069 Πάμφιλος
2270 992 2432 1058 οὐδεὶς
2453 990 2664 1072 φέρεται
2693 992 2951 1072 τραγικός.

2236 1168 2414 1225 ΠΕΡΙ
2459 1167 2818 1226 ΠΟΙΙΙἸῺΝ.

1835 1296 1966 1372 Περὶ
1993 1299 2221 1366 ποιητῶν
2261 1299 2435 1352 libros
2460 1310 2570 1352 tres
2601 1300 2744 1353 inter
2775 1301 3082 1355 Aristotelis
3104 1304 3307 1374 scripta

1750 1394 1955 1457 praeter
1978 1388 2290 1457 Diogenem
2319 1386 2604 1439 Laertium
2631 1387 2718 1458 (V,
2754 1386 2861 1459 26)
2893 1400 3141 1441 recenset
3157 1391 3308 1442 Ano-

1754 1489 1953 1543 nymus
1983 1473 2041 1526 in
2069 1475 2175 1527 Vit.
2207 1473 2374 1529 Arist.
2414 1490 2505 1544 ap.
2538 1474 2856 1545 Menagium
2879 1476 3046 1547 Diog.
3079 1494 3139 1547 p.
3166 1494 3297 1529 209..

1756 1558 1974 1611 Ibidem
1990 1559 2224 1614 affertur
2249 1579 2262 1613 τ
2283 1556 2491 1621 Κύκλος
2515 1556 2587 1633 [ἢ
2608 1561 2837 1614 inseruit
2856 1561 3164 1636 Menagius]
3187 1563 3308 1638 περὶ

1753 1646 1981 1712 ποιητῶν
2011 1643 2079 1717 γ’.
2104 1646 2270 1716 Quod
2307 1666 2449 1718 opus
2471 1646 2541 1699 ab
2575 1648 2752 1700 altero
2778 1666 2892 1700 non
2922 1648 3200 1701 diversum
3229 1662 3310 1703 cst

1756 1733 1841 1801 (V.
1870 1724 2156 1789 W'elckcr.
2207 1736 2309 1805 Ep.
2343 1734 2497 1798 Cycl.
2539 1752 2599 1805 p.
2646 1732 2717 1797 48
2739 1733 2780 1805 ).
2817 1736 2927 1787 Pro
2961 1731 3167 1790 Κύκλον
3190 1736 3310 1809 περὶ

1755 1812 1982 1877 ποὶητῶν
2007 1817 2334 1881 Anonymus
2353 1812 2614 1865 Nunnesii
2659 1814 2786 1883 (ap.
2812 1804 3093 1871 Buhlium.
3136 1816 3304 1868 Arist.

1758 1910 1896 1953 tom.
1926 1901 1973 1963 1,
1997 1918 2055 1969 p.
2083 1894 2506 1971 5¹.)Dm10gum
2535 1900 2791 1970 depactis
2817 1902 3001 1971 ponit.
3028 1900 3195 1969 Cujus
3225 1913 3308 1955 tc-

1750 1986 1998 2038 stimonii
2027 1986 2329 2039 auctoritas
2365 1991 2477 2039 sere
2505 1986 2656 2039 nulla
2689 1997 2787 2039 est.
2811 1988 3068 2041 Ceterum
3097 1990 3309 2043 Aristo·

1752 2073 1885 2126 teles
1914 2068 2045 2148 Περὶ
2059 2073 2289 2140 ποιητῶν
2317 2090 2573 2145 expresse
2593 2071 2872 2140 laudatur,
2903 2075 3094 2145 quoad
3118 2076 3307 2141 sciam,

1751 2159 1887 2212 locis
1913 2169 2182 2229 quattuor
2235 2158 2366 2233 (ap.
2402 2160 2570 2231 Diog.
2602 2160 2668 2212 L.
2701 2160 2817 2225 111,
2851 2158 2953 2227 483
2987 2163 3150 2229 vlll,
3197 2161 3268 2232 57
3291 2204 3306 2229 ‚

1750 2245 2078 2299 Athenaeum
2117 2248 2224 2315 xl,
2251 2263 2312 2318 p.
2352 2243 2489 2318 505,
2520 2246 2597 2313 C,
2653 2246 2904 2301 Muci-ob.
2958 2245 3185 2305 Saturn.
3237 2252 3309 2318 V,

1758 2332 1881 2406 18).
1910 2334 2127 2404 Quibus
2168 2332 2416 2388 addendi
2454 2332 2719 2386 videntur
2747 2334 3031 2391 Plutarch.
3073 2338 3158 2390 Dc
3197 2339 3313 2391 llo-

1749 2438 1907 2475 mero
1949 2439 2003 2476 c.
2047 2417 2079 2473 3
2110 2430 2166 2473 et
2209 2421 2451 2492 Diogen.
2485 2420 2552 2473 L.
2585 2421 2659 2487 ΙΙ,
2686 2419 2787 2487 46,
2832 2421 2874 2473 si
2910 2421 3138 2492 quidem
3163 2435 3314 2475 recte

1752 2506 1848 2577 qui
1905 2506 1982 2559 ibi
2022 2505 2279 2560 laudatur
2320 2506 2643 2561 Aristoteles
2677 2503 2835 2583 τρίτῳ
2879 2510 3167 2574 ποιητικῆς,
3227 2513 3312 2562 vel

1751 2603 2043 2646 auctorum
2069 2593 2248 2646 errori
2280 2592 2369 2645 vel
2399 2591 2704 2646 scribarum
2739 2593 3086 2665 negligentiae
3118 2594 3310 2648 deberi

1752 2690 2027 2733 censetur.
2056 2677 2354 2734 Difficilior
2372 2679 2598 2749 quaestio
2613 2689 2693 2732 est
2712 2696 2846 2733 num
2867 2681 3172 2751 genuinum
3193 2680 3314 2735 fue-

1755 2767 1826 2820 rit
1866 2767 2010 2821 istud
2054 2766 2127 2821 de
2172 2766 2354 2839 poetis
2386 2783 2549 2839 opus.
2594 2768 2771 2840 Negat
2791 2766 3093 2822 Nitzschius
3140 2766 3309 2844 (Hist.

1753 2856 1925 2908 Hom.
1970 2857 2048 2923 11,
2077 2874 2137 2928 p.
2165 2854 2263 2926 37,
2299 2859 2371 2918 42
2393 2849 2434 2928 ),
2467 2854 2562 2925 qui
2582 2854 2736 2907 scioli
2765 2856 3116 2927 Peripatetici
3157 2857 3316 2910 lucu·

1756 2941 2074 2996 brationem
2128 2959 2429 3014 agnoscere
2473 2940 2580 2995 sibi
2619 2941 2843 2995 videtur
2887 2943 2946 2995 in
2985 2943 3051 2996 iis
3085 2962 3209 3014 quae
3241 2943 3313 2997 ‹le

1757 3029 1990 3083 Homeri
2005 3029 2126 3082 Vita
2150 3027 2467 3082 traduntur.
2482 3026 2650 3097 Cujus
2662 3026 2860 3097 judicii
2876 3028 2990 3082 vim
3011 3029 3314 3103 infringere

1755 3113 1942 3168 studet
1977 3115 2307 3169 welckems
2337 3114 2354 3187 (
2384 3116 2426 3172 l.
2473 3116 2512 3172 l.
2565 3133 2623 3186 p.
2667 3112 2773 3168 158
2795 3114 2955 3188 not.)
2999 3116 3312 3189 ablegando

1757 3202 2022 3256 lectorem
2050 3201 2122 3257 ad
2148 3202 2359 3257 fabulas
2382 3213 2436 3257 et
2466 3203 2767 3275 populares
2813 3203 3161 3271 traditioneS,
3195 3223 3316 3275 qnae

1758 3307 1827 3343 ex
1884 3289 2102 3345 Politiis
2147 3290 2459 3344 Aristotelis
2495 3289 2696 3361 passim
2745 3289 3077 3345 afferuntur.
3128 3294 3316 3362 Quan-

1760 3396 1929 3449 quam
1961 3375 2164 3431 horum
2205 3395 2434 3449 quoque
2462 3375 2602 3448 quid
2639 3379 2975 3451 genuinum,
3016 3378 3156 3451 quid
3195 3398 3321 3451 spu-

1762 3464 1905 3517 rium
1929 3465 1998 3517 sit
2018 3482 2216 3536 parum
2246 3465 2441 3537 liquet.

2227 3603 2272 3655 E
2326 3602 2549 3658 LIBRO
2601 3602 2852 3658 PRIMO.

2484 3756 2617 3826 273.

1850 3886 2048 3942 Cicero
2078 3889 2161 3941 De
2185 3898 2301 3943 nat.
2321 3885 2479 3942 deor.
2513 3889 2568 3953 1,
2607 3886 2680 3941 38
2734 3907 2747 3940 :
2784 3888 3060 3960 Orpheum
3096 3903 3319 3960 poetam

1771 3974 1930 4026 docet
1946 3975 2266 4028 Aristoteles
2289 3971 2779 4046 nunqunmsuisse,
2809 3987 2864 4029 et
2887 3975 2991 4029 leoc
3021 3976 3322 4048 Orphicum

1773 4079 1997 4114 carmen
2012 4059 2546 4132 Prthagoreiserunt
2557 4060 3031 4132 cususdamsuisse
3049 4064 3318 4136 Cecmpis.

1855 4151 1938 4203 De
1965 4149 2187 4203 Pittheo
2202 4149 2495 4203 Troezenio
2519 4147 2651 4203 vide
2674 4148 2872 4221 fragm.
2901 4150 2998 4222 96.

1836 4377 2110 4430 Aristotcles
2134 4383 2181 4430 in
2206 4317 2655 4441 Didascaliis2(⁷i1?ter
2667 4380 2891 4444 Archippi
2912 4382 3080 4431 comici
3104 4384 3321 4437 fabulas)

1773 4462 1986 4507 recenset
2013 4458 2156 4507 etiam
2180 4472 2327 4508 unam
2360 4474 2468 4521 qum
2494 4462 2633 4508 Asini
2653 4460 2840 4509 utnbra
2869 4461 3156 4511 inscribitur.

2487 4542 2606 4590 271.

1838 4620 2110 4670 Aristoteles
2128 4620 2175 4669 in
2200 4620 2472 4669 Didascaliis
2490 4621 2611 4669 duos
2636 4622 2847 4670 Cincsias
2875 4622 3013 4671 luisse
3031 4623 3158 4671 dicit

2490 4705 2612 4753 272.

1836 4784 1936 4833 Sub
1972 4783 2122 4832 Callia
2143 4784 2397 4844 archonte,
2436 4787 2490 4834 ut
2516 4785 2790 4834 Aristoteles
2821 4786 2915 4846 ait,
2945 4785 3082 4834 binos
3101 4786 3328 4847 choragos

1783 4860 2121 4922 Dionysiorum
2160 4861 2291 4909 sestis
2305 4864 2523 4923 sumptus
2548 4861 2887 4923 tragoediarum
2911 4864 2960 4909 et
2982 4862 3325 4911 comediarum

1776 4940 2081 5002 suppeditare
2099 4941 2294 5002 placuit.
2317 4944 2532 4990 Fortasse
2555 4942 2694 5001 igitur
2712 4942 2855 4989 etiam
2879 4942 3004 4988 circa
3038 4944 3235 4989 Lenaeos
3253 4942 3326 4989 ln·

1777 5018 1864 5067 dos
1890 5019 2148 5068 diminutio
2169 5021 2273 5068 tuit.
2314 5024 2416 5070 Non
2450 5022 2603 5069 multo
2642 5034 2753 5067 vero
2785 5020 2891 5081 post
2926 5019 3140 5069 Cinesias
3162 5020 3326 5067 chon·-

1778 5096 1875 5157 gias
1899 5110 2093 5156 prorsus
2115 5097 2320 5145 sustulit.
2349 5098 2486 5146 Unde
2515 5098 2707 5146 stu-atti..
2732 5097 2779 5144 in
2803 5096 2964 5144 sabula
2995 5110 3140 5157 qnam
3162 5100 3327 5145 contra

1780 5186 1889 5220 eum
1917 5174 2122 5233 scripsit,
2152 5174 2352 5221 Cinmiae
2378 5177 2606 5235 tanqmnn
2635 5174 2913 5235 χοροιτὸνου
2944 5173 3178 5222 meminit.
