<?xml version="1.0" encoding="UTF-8"?>
<!DOCTYPE html PUBLIC "-//W3C//DTD XHTML 1.0 Transitional//EN"
    "http://www.w3.org/TR/xhtml1/DTD/xhtml1-transitional.dtd">
<html xmlns="http://www.w3.org/1999/xhtml" xml:lang="en" lang="en">
 <head>
  <title>
</title>
<meta http-equiv="Content-Type" content="text/html;charset=utf-8" />
  <meta name='ocr-system' content='tesseract 3.04.00' />
  <meta name='ocr-capabilities' content='ocr_page ocr_carea ocr_par ocr_line ocrx_word'/>
</head>
<body>
  <div class='ocr_page' id='page_1' title='image "./fragmentahistor03unkngoog_0566.png"; bbox 0 0 3900 6042; ppageno 0'>
   <div class='ocr_carea' id='block_1_1' title="bbox 762 421 2728 583">
    <p class='ocr_par' dir='ltr' id='par_1_1' title="bbox 762 421 2728 583">
     <span class='ocr_line' id='line_1_1' title="bbox 762 421 2728 583; baseline -0.003 -23"><span class='ocrx_word' id='word_1_1' title='bbox 762 424 1628 560; x_wconf 88' lang='lat' dir='ltr'>MANETHO</span> <span class='ocrx_word' id='word_1_2' title='bbox 1718 421 2728 583; x_wconf 87' lang='lat' dir='ltr'>SEBENNYTA.</span> 
     </span>
    </p>
   </div>
   <div class='ocr_carea' id='block_1_2' title="bbox 1453 754 1913 781">
    <p class='ocr_par' dir='ltr' id='par_1_2' title="bbox 1453 754 1913 781">
     <span class='ocr_line' id='line_1_2' title="bbox 1453 754 1913 781; baseline 0 5261"><span class='ocrx_word' id='word_1_3' title='bbox 1453 754 1913 781; x_wconf 95' lang='lat' dir='ltr'> </span> 
     </span>
    </p>
   </div>
   <div class='ocr_carea' id='block_1_3' title="bbox 151 948 1703 3619">
    <p class='ocr_par' dir='ltr' id='par_1_3' title="bbox 160 948 1702 1273">
     <span class='ocr_line' id='line_1_3' title="bbox 230 948 1701 1027; baseline -0.005 -12"><span class='ocrx_word' id='word_1_4' title='bbox 230 958 471 1015; x_wconf 83' lang='lat' dir='ltr'>Suidas:</span> <span class='ocrx_word' id='word_1_5' title='bbox 515 954 794 1025; x_wconf 79' lang='grc' dir='ltr'><strong>Μάνεθως,</strong></span> <span class='ocrx_word' id='word_1_6' title='bbox 826 952 1032 1023; x_wconf 78' lang='grc' dir='ltr'>Μένδης</span> <span class='ocrx_word' id='word_1_7' title='bbox 1069 951 1357 1027; x_wconf 79' lang='grc' dir='ltr'>(Μενδίτης</span> <span class='ocrx_word' id='word_1_8' title='bbox 1398 973 1447 1010; x_wconf 84' lang='lat' dir='ltr'>s.</span> <span class='ocrx_word' id='word_1_9' title='bbox 1496 948 1701 1021; x_wconf 75' lang='grc' dir='ltr'>Μενδή-</span> 
     </span>
     <span class='ocr_line' id='line_1_4' title="bbox 160 1036 1696 1117; baseline -0.003 -17"><span class='ocrx_word' id='word_1_10' title='bbox 160 1062 261 1108; x_wconf 73' lang='lat' dir='ltr'>uto&lt;</span> <span class='ocrx_word' id='word_1_11' title='bbox 303 1040 567 1115; x_wconf 84' lang='lat' dir='ltr'>Kiister.)</span> <span class='ocrx_word' id='word_1_12' title='bbox 608 1043 702 1109; x_wconf 75' lang='grc' dir='ltr'>τῆς</span> <span class='ocrx_word' id='word_1_13' title='bbox 742 1038 1041 1117; x_wconf 78' lang='grc' dir='ltr'>Αἰγύπτου,</span> <span class='ocrx_word' id='word_1_14' title='bbox 1088 1036 1355 1117; x_wconf 76' lang='grc' dir='ltr'>ἀρχιερεύς</span> <span class='ocrx_word' id='word_1_15' title='bbox 1401 1038 1516 1113; x_wconf 86' lang='lat' dir='ltr'>(sic</span> <span class='ocrx_word' id='word_1_16' title='bbox 1570 1041 1696 1096; x_wconf 80' lang='lat' dir='ltr'>Mss.</span> 
     </span>
     <span class='ocr_line' id='line_1_5' title="bbox 162 1123 1702 1205; baseline -0.003 -19"><span class='ocrx_word' id='word_1_17' title='bbox 162 1133 379 1199; x_wconf 79' lang='lat' dir='ltr'>Pariss,;</span> <span class='ocrx_word' id='word_1_18' title='bbox 408 1130 469 1184; x_wconf 86' lang='lat' dir='ltr'>in</span> <span class='ocrx_word' id='word_1_19' title='bbox 488 1130 692 1202; x_wconf 88' lang='lat' dir='ltr'>reliqq.</span> <span class='ocrx_word' id='word_1_20' title='bbox 721 1126 937 1205; x_wconf 75' lang='grc' dir='ltr'>ἱερεύς).</span> <span class='ocrx_word' id='word_1_21' title='bbox 960 1123 1200 1204; x_wconf 74' lang='grc' dir='ltr'>Ἔγραψε</span> <span class='ocrx_word' id='word_1_22' title='bbox 1224 1123 1359 1204; x_wconf 67' lang='lat' dir='ltr'>napi</span> <span class='ocrx_word' id='word_1_23' title='bbox 1377 1128 1702 1194; x_wconf 76' lang='grc' dir='ltr'>κατασκευῆς</span> 
     </span>
     <span class='ocr_line' id='line_1_6' title="bbox 160 1215 364 1273; baseline 0.005 -1"><span class='ocrx_word' id='word_1_24' title='bbox 160 1239 218 1272; x_wconf 73' lang='lat' dir='ltr'>&gt;tu</span> <span class='ocrx_word' id='word_1_25' title='bbox 259 1215 364 1273; x_wconf 80' lang='grc' dir='ltr'><strong>ίων.</strong></span> 
     </span>
    </p>

    <p class='ocr_par' dir='ltr' id='par_1_4' title="bbox 159 1237 1701 1550">
     <span class='ocr_line' id='line_1_7' title="bbox 219 1237 1700 1379; baseline -0.004 -19"><span class='ocrx_word' id='word_1_26' title='bbox 219 1237 478 1365; x_wconf 41' lang='lat' dir='ltr'>{lavem</span> <span class='ocrx_word' id='word_1_27' title='bbox 503 1300 567 1379; x_wconf 71' lang='lat'>(⁸)</span> <span class='ocrx_word' id='word_1_28' title='bbox 586 1343 603 1371; x_wconf 90' lang='lat'>,</span> <span class='ocrx_word' id='word_1_29' title='bbox 625 1298 952 1364; x_wconf 82' lang='grc' dir='ltr'>Διοσπόλεως</span> <span class='ocrx_word' id='word_1_30' title='bbox 977 1301 1068 1368; x_wconf 72' lang='grc' dir='ltr'>τῆς</span> <span class='ocrx_word' id='word_1_31' title='bbox 1086 1296 1353 1374; x_wconf 74' lang='grc' dir='ltr'>Αἰγύπτου</span> <span class='ocrx_word' id='word_1_32' title='bbox 1380 1296 1415 1368; x_wconf 81' lang='grc' dir='ltr'>ἢ</span> <span class='ocrx_word' id='word_1_33' title='bbox 1441 1294 1700 1357; x_wconf 73' lang='grc' dir='ltr'>Σεὸεννύ-</span> 
     </span>
     <span class='ocr_line' id='line_1_8' title="bbox 160 1382 1701 1461; baseline -0.005 -14"><span class='ocrx_word' id='word_1_34' title='bbox 160 1410 267 1457; x_wconf 81' lang='grc' dir='ltr'><strong>της.</strong></span> <span class='ocrx_word' id='word_1_35' title='bbox 296 1386 673 1461; x_wconf 79' lang='grc' dir='ltr'>Φυσιολογικά.</span> <span class='ocrx_word' id='word_1_36' title='bbox 699 1383 1171 1459; x_wconf 70' lang='grc' dir='ltr'>Ἀποπλεσματικὰ</span> <span class='ocrx_word' id='word_1_37' title='bbox 1200 1384 1264 1442; x_wconf 83' lang='grc' dir='ltr'>δι’</span> <span class='ocrx_word' id='word_1_38' title='bbox 1292 1386 1429 1442; x_wconf 77' lang='grc' dir='ltr'>ἐπῶν</span> <span class='ocrx_word' id='word_1_39' title='bbox 1453 1382 1542 1441; x_wconf 73' lang='grc' dir='ltr'>καὶ</span> <span class='ocrx_word' id='word_1_40' title='bbox 1566 1383 1701 1442; x_wconf 76' lang='grc' dir='ltr'>ἄλλα</span> 
     </span>
     <span class='ocr_line' id='line_1_9' title="bbox 159 1472 769 1550; baseline 0.003 -19"><span class='ocrx_word' id='word_1_41' title='bbox 159 1473 265 1531; x_wconf 74' lang='grc' dir='ltr'>τινὰ</span> <span class='ocrx_word' id='word_1_42' title='bbox 296 1472 769 1550; x_wconf 78' lang='grc' dir='ltr'>ἀστρονομούμενα.</span> 
     </span>
    </p>

    <p class='ocr_par' dir='ltr' id='par_1_5' title="bbox 151 1559 1703 3619">
     <span class='ocr_line' id='line_1_10' title="bbox 230 1559 1698 1636; baseline -0.002 -19"><span class='ocrx_word' id='word_1_43' title='bbox 230 1563 488 1618; x_wconf 72' lang='lat' dir='ltr'>Manetho</span> <span class='ocrx_word' id='word_1_44' title='bbox 567 1561 904 1636; x_wconf 72' lang='lat' dir='ltr'><strong>(aegyptiace</strong></span> <span class='ocrx_word' id='word_1_45' title='bbox 939 1560 1313 1616; x_wconf 64' lang='lat' dir='ltr'>Mam-thoth</span> <span class='ocrx_word' id='word_1_46' title='bbox 1332 1601 1349 1629; x_wconf 91' lang='lat'>‚</span> <span class='ocrx_word' id='word_1_47' title='bbox 1415 1559 1698 1633; x_wconf 80' lang='grc' dir='ltr'><strong>Μανεθῶθ,</strong></span> 
     </span>
     <span class='ocr_line' id='line_1_11' title="bbox 159 1644 1703 1724; baseline -0.002 -21"><span class='ocrx_word' id='word_1_48' title='bbox 159 1650 196 1705; x_wconf 88' lang='lat' dir='ltr'>i.</span> <span class='ocrx_word' id='word_1_49' title='bbox 217 1666 263 1704; x_wconf 82' lang='lat' dir='ltr'>e.</span> <span class='ocrx_word' id='word_1_50' title='bbox 284 1650 443 1702; x_wconf 77' lang='lat' dir='ltr'>datus</span> <span class='ocrx_word' id='word_1_51' title='bbox 469 1666 508 1700; x_wconf 84' lang='lat' dir='ltr'>a</span> <span class='ocrx_word' id='word_1_52' title='bbox 543 1647 769 1722; x_wconf 65' lang='lat' dir='ltr'>Thoth„</span> <span class='ocrx_word' id='word_1_53' title='bbox 795 1644 1144 1724; x_wconf 75' lang='grc' dir='ltr'>Ἑρμόδωρος.</span> <span class='ocrx_word' id='word_1_54' title='bbox 1172 1649 1240 1703; x_wconf 88' lang='lat' dir='ltr'>V.</span> <span class='ocrx_word' id='word_1_55' title='bbox 1257 1647 1498 1702; x_wconf 88' lang='lat' dir='ltr'>Bunsen.</span> <span class='ocrx_word' id='word_1_56' title='bbox 1525 1650 1703 1720; x_wconf 74' lang='lat' dir='ltr'>Egr-</span> 
     </span>
     <span class='ocr_line' id='line_1_12' title="bbox 151 1733 1700 1809; baseline -0.001 -20"><span class='ocrx_word' id='word_1_57' title='bbox 151 1748 279 1808; x_wconf 78' lang='lat' dir='ltr'>pten</span> <span class='ocrx_word' id='word_1_58' title='bbox 311 1747 447 1790; x_wconf 88' lang='lat' dir='ltr'>tom.</span> <span class='ocrx_word' id='word_1_59' title='bbox 492 1736 554 1802; x_wconf 90' lang='lat'>1,</span> <span class='ocrx_word' id='word_1_60' title='bbox 592 1752 654 1807; x_wconf 89' lang='lat' dir='ltr'>p.</span> <span class='ocrx_word' id='word_1_61' title='bbox 702 1734 812 1809; x_wconf 88' lang='lat'>91)</span> <span class='ocrx_word' id='word_1_62' title='bbox 859 1733 1133 1789; x_wconf 87' lang='lat' dir='ltr'>oriundus</span> <span class='ocrx_word' id='word_1_63' title='bbox 1179 1733 1339 1788; x_wconf 81' lang='lat' dir='ltr'>suite</span> <span class='ocrx_word' id='word_1_64' title='bbox 1381 1733 1700 1806; x_wconf 84' lang='lat' dir='ltr'>Sebennyto</span> 
     </span>
     <span class='ocr_line' id='line_1_13' title="bbox 160 1818 1699 1895; baseline -0.002 -20"><span class='ocrx_word' id='word_1_65' title='bbox 160 1819 326 1893; x_wconf 87' lang='lat' dir='ltr'>(nunc</span> <span class='ocrx_word' id='word_1_66' title='bbox 368 1820 740 1895; x_wconf 82' lang='lat' dir='ltr'>Semmenud)</span> <span class='ocrx_word' id='word_1_67' title='bbox 786 1818 966 1889; x_wconf 81' lang='lat' dir='ltr'>urbe,</span> <span class='ocrx_word' id='word_1_68' title='bbox 1007 1837 1131 1892; x_wconf 81' lang='lat' dir='ltr'>quae</span> <span class='ocrx_word' id='word_1_69' title='bbox 1178 1830 1351 1892; x_wconf 86' lang='lat' dir='ltr'>caput</span> <span class='ocrx_word' id='word_1_70' title='bbox 1387 1831 1507 1874; x_wconf 88' lang='lat' dir='ltr'>erat</span> <span class='ocrx_word' id='word_1_71' title='bbox 1544 1820 1699 1873; x_wconf 89' lang='lat' dir='ltr'>nomi</span> 
     </span>
     <span class='ocr_line' id='line_1_14' title="bbox 159 1906 1701 1981; baseline -0.001 -20"><span class='ocrx_word' id='word_1_72' title='bbox 159 1908 518 1981; x_wconf 81' lang='lat' dir='ltr'><strong>cognominis.</strong></span> <span class='ocrx_word' id='word_1_73' title='bbox 562 1906 882 1979; x_wconf 81' lang='lat' dir='ltr'>Sebennyta</span> <span class='ocrx_word' id='word_1_74' title='bbox 925 1908 1073 1962; x_wconf 87' lang='lat' dir='ltr'>eniin</span> <span class='ocrx_word' id='word_1_75' title='bbox 1101 1906 1364 1961; x_wconf 87' lang='lat' dir='ltr'>Manetho</span> <span class='ocrx_word' id='word_1_76' title='bbox 1396 1925 1514 1961; x_wconf 91' lang='lat' dir='ltr'>non</span> <span class='ocrx_word' id='word_1_77' title='bbox 1549 1906 1701 1980; x_wconf 87' lang='lat' dir='ltr'>apud</span> 
     </span>
     <span class='ocr_line' id='line_1_15' title="bbox 158 1992 1696 2067; baseline 0 -19"><span class='ocrx_word' id='word_1_78' title='bbox 158 1994 371 2050; x_wconf 89' lang='lat' dir='ltr'>Suidam</span> <span class='ocrx_word' id='word_1_79' title='bbox 396 2004 612 2049; x_wconf 79' lang='lat' dir='ltr'>tantum</span> <span class='ocrx_word' id='word_1_80' title='bbox 633 1994 966 2067; x_wconf 85' lang='lat' dir='ltr'>appellatur,</span> <span class='ocrx_word' id='word_1_81' title='bbox 994 1992 1091 2048; x_wconf 89' lang='lat' dir='ltr'>sed</span> <span class='ocrx_word' id='word_1_82' title='bbox 1107 1993 1275 2048; x_wconf 87' lang='lat' dir='ltr'>etiam</span> <span class='ocrx_word' id='word_1_83' title='bbox 1302 1993 1458 2066; x_wconf 82' lang='lat' dir='ltr'>apud</span> <span class='ocrx_word' id='word_1_84' title='bbox 1480 1994 1696 2049; x_wconf 88' lang='lat' dir='ltr'>Plutar-</span> 
     </span>
     <span class='ocr_line' id='line_1_16' title="bbox 157 2076 1701 2155; baseline -0.001 -21"><span class='ocrx_word' id='word_1_85' title='bbox 157 2081 314 2136; x_wconf 86' lang='lat' dir='ltr'>chum</span> <span class='ocrx_word' id='word_1_86' title='bbox 346 2082 429 2136; x_wconf 86' lang='lat' dir='ltr'>De</span> <span class='ocrx_word' id='word_1_87' title='bbox 452 2082 528 2137; x_wconf 89' lang='lat' dir='ltr'>Is.</span> <span class='ocrx_word' id='word_1_88' title='bbox 572 2090 629 2135; x_wconf 90' lang='lat' dir='ltr'>et</span> <span class='ocrx_word' id='word_1_89' title='bbox 654 2081 744 2136; x_wconf 84' lang='lat' dir='ltr'>Os.</span> <span class='ocrx_word' id='word_1_90' title='bbox 772 2099 824 2135; x_wconf 92' lang='lat' dir='ltr'>c.</span> <span class='ocrx_word' id='word_1_91' title='bbox 861 2099 899 2153; x_wconf 86' lang='lat'><strong>9</strong></span> <span class='ocrx_word' id='word_1_92' title='bbox 926 2090 983 2135; x_wconf 90' lang='lat' dir='ltr'>et</span> <span class='ocrx_word' id='word_1_93' title='bbox 1019 2079 1093 2134; x_wconf 81' lang='lat'>28</span> <span class='ocrx_word' id='word_1_94' title='bbox 1135 2079 1239 2152; x_wconf 86' lang='lat' dir='ltr'>(fr.</span> <span class='ocrx_word' id='word_1_95' title='bbox 1277 2076 1349 2148; x_wconf 83' lang='lat'>75</span> <span class='ocrx_word' id='word_1_96' title='bbox 1389 2089 1446 2133; x_wconf 89' lang='lat' dir='ltr'>et</span> <span class='ocrx_word' id='word_1_97' title='bbox 1475 2078 1601 2155; x_wconf 85' lang='lat'>78).</span> <span class='ocrx_word' id='word_1_98' title='bbox 1634 2081 1701 2134; x_wconf 90' lang='lat' dir='ltr'>ln</span> 
     </span>
     <span class='ocr_line' id='line_1_17' title="bbox 157 2165 1699 2241; baseline -0.001 -19"><span class='ocrx_word' id='word_1_99' title='bbox 157 2169 377 2241; x_wconf 78' lang='lat' dir='ltr'>epistola</span> <span class='ocrx_word' id='word_1_100' title='bbox 413 2186 587 2240; x_wconf 78' lang='lat' dir='ltr'>quum</span> <span class='ocrx_word' id='word_1_101' title='bbox 612 2168 876 2223; x_wconf 82' lang='lat' dir='ltr'>Manetho</span> <span class='ocrx_word' id='word_1_102' title='bbox 914 2166 989 2223; x_wconf 87' lang='lat' dir='ltr'>ad</span> <span class='ocrx_word' id='word_1_103' title='bbox 1027 2167 1387 2223; x_wconf 76' lang='lat' dir='ltr'>Ptolemaeum</span> <span class='ocrx_word' id='word_1_104' title='bbox 1422 2165 1699 2221; x_wconf 87' lang='lat' dir='ltr'>Philadel-</span> 
     </span>
     <span class='ocr_line' id='line_1_18' title="bbox 158 2252 1699 2327; baseline -0.001 -18"><span class='ocrx_word' id='word_1_105' title='bbox 158 2254 320 2327; x_wconf 90' lang='lat' dir='ltr'>phum</span> <span class='ocrx_word' id='word_1_106' title='bbox 358 2255 636 2327; x_wconf 84' lang='lat' dir='ltr'>scripsisse</span> <span class='ocrx_word' id='word_1_107' title='bbox 677 2252 917 2323; x_wconf 88' lang='lat' dir='ltr'>dicitur,</span> <span class='ocrx_word' id='word_1_108' title='bbox 956 2254 1221 2327; x_wconf 85' lang='lat' dir='ltr'>leguntur</span> <span class='ocrx_word' id='word_1_109' title='bbox 1246 2253 1362 2309; x_wconf 74' lang='lat' dir='ltr'>haec</span> <span class='ocrx_word' id='word_1_110' title='bbox 1408 2271 1422 2307; x_wconf 74' lang='grc' dir='ltr'><em>τ</em></span> <span class='ocrx_word' id='word_1_111' title='bbox 1470 2252 1699 2311; x_wconf 58' lang='lat' dir='ltr'>Mauo&amp;</span> 
     </span>
     <span class='ocr_line' id='line_1_19' title="bbox 159 2335 1698 2417; baseline -0.001 -21"><span class='ocrx_word' id='word_1_112' title='bbox 159 2336 408 2417; x_wconf 74' lang='grc' dir='ltr'>ἀρχιερεὺς</span> <span class='ocrx_word' id='word_1_113' title='bbox 446 2337 541 2396; x_wconf 74' lang='grc' dir='ltr'>καὶ</span> <span class='ocrx_word' id='word_1_114' title='bbox 567 2336 905 2415; x_wconf 70' lang='grc' dir='ltr'>γραμματεὺς</span> <span class='ocrx_word' id='word_1_115' title='bbox 944 2340 1049 2395; x_wconf 79' lang='grc' dir='ltr'>τῶν</span> <span class='ocrx_word' id='word_1_116' title='bbox 1098 2339 1216 2396; x_wconf 77' lang='grc' dir='ltr'><strong><em>κατ’</em></strong></span> <span class='ocrx_word' id='word_1_117' title='bbox 1237 2335 1504 2413; x_wconf 75' lang='grc' dir='ltr'>Αἴγυπτον</span> <span class='ocrx_word' id='word_1_118' title='bbox 1549 2338 1698 2416; x_wconf 74' lang='grc' dir='ltr'>ἱερῶν</span> 
     </span>
     <span class='ocr_line' id='line_1_20' title="bbox 161 2420 1693 2503; baseline 0 -24"><span class='ocrx_word' id='word_1_119' title='bbox 161 2425 365 2495; x_wconf 71' lang='grc' dir='ltr'><strong>ἀδύτων,</strong></span> <span class='ocrx_word' id='word_1_120' title='bbox 411 2422 553 2502; x_wconf 68' lang='grc' dir='ltr'>γένει</span> <span class='ocrx_word' id='word_1_121' title='bbox 596 2420 915 2495; x_wconf 75' lang='grc' dir='ltr'>Σεὸεννύτης</span> <span class='ocrx_word' id='word_1_122' title='bbox 973 2423 1223 2503; x_wconf 77' lang='grc' dir='ltr'>ὑπάρχων</span> <span class='ocrx_word' id='word_1_123' title='bbox 1271 2421 1693 2493; x_wconf 80' lang='grc' dir='ltr'>Ἦλιουπολίτης.</span> 
     </span>
     <span class='ocr_line' id='line_1_21' title="bbox 158 2511 1697 2586; baseline -0.001 -18"><span class='ocrx_word' id='word_1_124' title='bbox 158 2515 282 2583; x_wconf 79' lang='lat' dir='ltr'>Quae</span> <span class='ocrx_word' id='word_1_125' title='bbox 320 2514 559 2586; x_wconf 88' lang='lat' dir='ltr'>epistola</span> <span class='ocrx_word' id='word_1_126' title='bbox 601 2514 853 2584; x_wconf 78' lang='lat' dir='ltr'>quamvis</span> <span class='ocrx_word' id='word_1_127' title='bbox 890 2513 1113 2567; x_wconf 87' lang='lat' dir='ltr'>serioris</span> <span class='ocrx_word' id='word_1_128' title='bbox 1137 2513 1382 2567; x_wconf 89' lang='lat' dir='ltr'>hominis</span> <span class='ocrx_word' id='word_1_129' title='bbox 1408 2511 1575 2567; x_wconf 85' lang='lat' dir='ltr'>scetus</span> <span class='ocrx_word' id='word_1_130' title='bbox 1601 2513 1697 2580; x_wconf 87' lang='lat' dir='ltr'>sit,</span> 
     </span>
     <span class='ocr_line' id='line_1_22' title="bbox 160 2597 1698 2671; baseline 0.001 -20"><span class='ocrx_word' id='word_1_131' title='bbox 160 2599 289 2651; x_wconf 82' lang='lat' dir='ltr'>nihil</span> <span class='ocrx_word' id='word_1_132' title='bbox 343 2610 529 2654; x_wconf 86' lang='lat' dir='ltr'>tamen</span> <span class='ocrx_word' id='word_1_133' title='bbox 572 2598 756 2653; x_wconf 81' lang='lat' dir='ltr'><strong>obstat</strong></span> <span class='ocrx_word' id='word_1_134' title='bbox 789 2599 927 2671; x_wconf 85' lang='lat' dir='ltr'>quin</span> <span class='ocrx_word' id='word_1_135' title='bbox 967 2609 1119 2654; x_wconf 87' lang='lat' dir='ltr'>recte</span> <span class='ocrx_word' id='word_1_136' title='bbox 1160 2599 1425 2654; x_wconf 82' lang='lat' dir='ltr'>Manetho</span> <span class='ocrx_word' id='word_1_137' title='bbox 1480 2597 1698 2654; x_wconf 88' lang='lat' dir='ltr'>dicatur</span> 
     </span>
     <span class='ocr_line' id='line_1_23' title="bbox 162 2674 1699 2751; baseline 0.001 -21"><span class='ocrx_word' id='word_1_138' title='bbox 162 2678 513 2751; x_wconf 86' lang='lat' dir='ltr'>Heliopolita.</span> <span class='ocrx_word' id='word_1_139' title='bbox 563 2677 743 2751; x_wconf 84' lang='lat' dir='ltr'>Igitur</span> <span class='ocrx_word' id='word_1_140' title='bbox 796 2678 855 2731; x_wconf 92' lang='lat' dir='ltr'>in</span> <span class='ocrx_word' id='word_1_141' title='bbox 880 2674 1166 2750; x_wconf 82' lang='lat' dir='ltr'>Heliopoli</span> <span class='ocrx_word' id='word_1_142' title='bbox 1199 2676 1343 2731; x_wconf 89' lang='lat' dir='ltr'>urhe</span> <span class='ocrx_word' id='word_1_143' title='bbox 1382 2686 1439 2731; x_wconf 89' lang='lat' dir='ltr'>et</span> <span class='ocrx_word' id='word_1_144' title='bbox 1481 2676 1572 2731; x_wconf 87' lang='lat' dir='ltr'>dei</span> <span class='ocrx_word' id='word_1_145' title='bbox 1613 2679 1699 2732; x_wconf 89' lang='lat' dir='ltr'>sui</span> 
     </span>
     <span class='ocr_line' id='line_1_24' title="bbox 159 2761 1699 2839; baseline 0.003 -25"><span class='ocrx_word' id='word_1_146' title='bbox 159 2763 299 2817; x_wconf 84' lang='lat' dir='ltr'>cultu</span> <span class='ocrx_word' id='word_1_147' title='bbox 310 2776 366 2818; x_wconf 89' lang='lat' dir='ltr'>et</span> <span class='ocrx_word' id='word_1_148' title='bbox 387 2765 564 2819; x_wconf 88' lang='lat' dir='ltr'>literis</span> <span class='ocrx_word' id='word_1_149' title='bbox 587 2764 735 2818; x_wconf 84' lang='lat' dir='ltr'>clara</span> <span class='ocrx_word' id='word_1_150' title='bbox 752 2761 853 2839; x_wconf 52' lang='grc' dir='ltr'>(μ’)</span> <span class='ocrx_word' id='word_1_151' title='bbox 874 2780 1106 2819; x_wconf 88' lang='lat' dir='ltr'>munere</span> <span class='ocrx_word' id='word_1_152' title='bbox 1126 2763 1457 2819; x_wconf 86' lang='lat' dir='ltr'>sacerdotali</span> <span class='ocrx_word' id='word_1_153' title='bbox 1477 2764 1699 2819; x_wconf 86' lang='lat' dir='ltr'>functus</span> 
     </span>
     <span class='ocr_line' id='line_1_25' title="bbox 156 2846 1696 2927; baseline 0.003 -26"><span class='ocrx_word' id='word_1_154' title='bbox 156 2850 233 2904; x_wconf 88' lang='lat' dir='ltr'>sit.</span> <span class='ocrx_word' id='word_1_155' title='bbox 264 2852 405 2905; x_wconf 86' lang='lat' dir='ltr'>Num</span> <span class='ocrx_word' id='word_1_156' title='bbox 428 2869 568 2906; x_wconf 83' lang='lat' dir='ltr'>vero</span> <span class='ocrx_word' id='word_1_157' title='bbox 598 2850 766 2905; x_wconf 83' lang='lat' dir='ltr'>fuerit</span> <span class='ocrx_word' id='word_1_158' title='bbox 797 2846 1062 2927; x_wconf 76' lang='grc' dir='ltr'>ἀρχιερεύς</span> <span class='ocrx_word' id='word_1_159' title='bbox 1104 2868 1175 2905; x_wconf 84' lang='lat' dir='ltr'>an</span> <span class='ocrx_word' id='word_1_160' title='bbox 1197 2846 1361 2926; x_wconf 76' lang='grc' dir='ltr'>ἱερεύς</span> <span class='ocrx_word' id='word_1_161' title='bbox 1407 2852 1467 2904; x_wconf 91' lang='lat' dir='ltr'>in</span> <span class='ocrx_word' id='word_1_162' title='bbox 1507 2850 1696 2905; x_wconf 89' lang='lat' dir='ltr'>medio</span> 
     </span>
     <span class='ocr_line' id='line_1_26' title="bbox 157 2936 1697 3010; baseline 0.003 -24"><span class='ocrx_word' id='word_1_163' title='bbox 157 2936 419 3008; x_wconf 83' lang='lat' dir='ltr'>relinquo,</span> <span class='ocrx_word' id='word_1_164' title='bbox 446 2968 529 2979; x_wconf 90' lang='lat'>—-</span> <span class='ocrx_word' id='word_1_165' title='bbox 561 2937 954 2991; x_wconf 85' lang='lat' dir='ltr'>Manethonem</span> <span class='ocrx_word' id='word_1_166' title='bbox 996 2937 1343 2992; x_wconf 78' lang='lat' dir='ltr'><em>Mendesium</em></span> <span class='ocrx_word' id='word_1_167' title='bbox 1367 2955 1535 3010; x_wconf 89' lang='lat' dir='ltr'>quem</span> <span class='ocrx_word' id='word_1_168' title='bbox 1572 2938 1697 2993; x_wconf 88' lang='lat' dir='ltr'>Sui-</span> 
     </span>
     <span class='ocr_line' id='line_1_27' title="bbox 159 3022 1696 3103; baseline 0.002 -26"><span class='ocrx_word' id='word_1_169' title='bbox 159 3023 248 3078; x_wconf 85' lang='lat' dir='ltr'>das</span> <span class='ocrx_word' id='word_1_170' title='bbox 298 3025 367 3080; x_wconf 89' lang='lat' dir='ltr'>de</span> <span class='ocrx_word' id='word_1_171' title='bbox 430 3029 559 3103; x_wconf 74' lang='grc' dir='ltr'>κῦφι</span> <span class='ocrx_word' id='word_1_172' title='bbox 612 3022 913 3080; x_wconf 83' lang='lat' dir='ltr'>suffimenti</span> <span class='ocrx_word' id='word_1_173' title='bbox 954 3026 1365 3098; x_wconf 77' lang='lat' dir='ltr'>praeparatione</span> <span class='ocrx_word' id='word_1_174' title='bbox 1421 3025 1696 3098; x_wconf 80' lang='lat' dir='ltr'>scripsisse</span> 
     </span>
     <span class='ocr_line' id='line_1_28' title="bbox 159 3110 1696 3184; baseline 0.004 -22"><span class='ocrx_word' id='word_1_175' title='bbox 159 3112 254 3179; x_wconf 83' lang='lat' dir='ltr'>ait,</span> <span class='ocrx_word' id='word_1_176' title='bbox 280 3113 416 3167; x_wconf 87' lang='lat' dir='ltr'>alius</span> <span class='ocrx_word' id='word_1_177' title='bbox 452 3130 623 3168; x_wconf 89' lang='lat' dir='ltr'>nemo</span> <span class='ocrx_word' id='word_1_178' title='bbox 667 3123 964 3170; x_wconf 87' lang='lat' dir='ltr'>memorat.</span> <span class='ocrx_word' id='word_1_179' title='bbox 996 3112 1320 3184; x_wconf 80' lang='lat' dir='ltr'>Vereorque</span> <span class='ocrx_word' id='word_1_180' title='bbox 1346 3129 1419 3166; x_wconf 90' lang='lat' dir='ltr'>ne</span> <span class='ocrx_word' id='word_1_181' title='bbox 1454 3110 1606 3166; x_wconf 90' lang='lat' dir='ltr'>idem</span> <span class='ocrx_word' id='word_1_182' title='bbox 1627 3112 1696 3168; x_wconf 87' lang='lat' dir='ltr'>sit</span> 
     </span>
     <span class='ocr_line' id='line_1_29' title="bbox 160 3197 1695 3277; baseline 0.001 -26"><span class='ocrx_word' id='word_1_183' title='bbox 160 3214 275 3251; x_wconf 87' lang='lat' dir='ltr'>cum</span> <span class='ocrx_word' id='word_1_184' title='bbox 323 3199 658 3272; x_wconf 79' lang='lat' dir='ltr'>Sebennyta.</span> <span class='ocrx_word' id='word_1_185' title='bbox 691 3200 852 3255; x_wconf 85' lang='lat' dir='ltr'>Certe</span> <span class='ocrx_word' id='word_1_186' title='bbox 877 3198 1029 3253; x_wconf 89' lang='lat' dir='ltr'>hunc</span> <span class='ocrx_word' id='word_1_187' title='bbox 1053 3197 1124 3253; x_wconf 89' lang='lat' dir='ltr'>de</span> <span class='ocrx_word' id='word_1_188' title='bbox 1146 3199 1270 3277; x_wconf 75' lang='grc' dir='ltr'>κῦφι</span> <span class='ocrx_word' id='word_1_189' title='bbox 1290 3201 1695 3272; x_wconf 76' lang='lat' dir='ltr'>praeparatione</span> 
     </span>
     <span class='ocr_line' id='line_1_30' title="bbox 157 3284 1691 3359; baseline 0.001 -20"><span class='ocrx_word' id='word_1_190' title='bbox 157 3286 416 3359; x_wconf 80' lang='lat' dir='ltr'>scripsisse</span> <span class='ocrx_word' id='word_1_191' title='bbox 443 3285 581 3341; x_wconf 90' lang='lat' dir='ltr'>inde</span> <span class='ocrx_word' id='word_1_192' title='bbox 609 3286 924 3359; x_wconf 81' lang='lat' dir='ltr'>collegeris,</span> <span class='ocrx_word' id='word_1_193' title='bbox 946 3285 1103 3359; x_wconf 91' lang='lat' dir='ltr'>quod</span> <span class='ocrx_word' id='word_1_194' title='bbox 1132 3284 1204 3340; x_wconf 90' lang='lat' dir='ltr'>de</span> <span class='ocrx_word' id='word_1_195' title='bbox 1231 3285 1428 3341; x_wconf 88' lang='lat' dir='ltr'>eadem</span> <span class='ocrx_word' id='word_1_196' title='bbox 1458 3304 1521 3341; x_wconf 91' lang='lat' dir='ltr'>re</span> <span class='ocrx_word' id='word_1_197' title='bbox 1546 3286 1691 3359; x_wconf 90' lang='lat' dir='ltr'>plu-</span> 
     </span>
     <span class='ocr_line' id='line_1_31' title="bbox 158 3370 1690 3448; baseline 0.003 -26"><span class='ocrx_word' id='word_1_198' title='bbox 158 3370 301 3426; x_wconf 87' lang='lat' dir='ltr'>ribus</span> <span class='ocrx_word' id='word_1_199' title='bbox 324 3374 559 3446; x_wconf 84' lang='lat' dir='ltr'>exponit</span> <span class='ocrx_word' id='word_1_200' title='bbox 580 3372 1064 3443; x_wconf 76' lang='lat' dir='ltr'>Plutarchuslibro</span> <span class='ocrx_word' id='word_1_201' title='bbox 1087 3371 1160 3426; x_wconf 90' lang='lat' dir='ltr'>de</span> <span class='ocrx_word' id='word_1_202' title='bbox 1186 3371 1332 3426; x_wconf 89' lang='lat' dir='ltr'>Iside</span> <span class='ocrx_word' id='word_1_203' title='bbox 1351 3371 1437 3446; x_wconf 83' lang='lat' dir='ltr'>(v.</span> <span class='ocrx_word' id='word_1_204' title='bbox 1469 3372 1540 3427; x_wconf 85' lang='lat' dir='ltr'>fr.</span> <span class='ocrx_word' id='word_1_205' title='bbox 1568 3371 1690 3448; x_wconf 79' lang='grc'><strong>84),</strong></span> 
     </span>
     <span class='ocr_line' id='line_1_32' title="bbox 158 3455 1635 3532; baseline 0.003 -22"><span class='ocrx_word' id='word_1_206' title='bbox 158 3456 247 3511; x_wconf 88' lang='lat' dir='ltr'>ubi</span> <span class='ocrx_word' id='word_1_207' title='bbox 272 3455 601 3532; x_wconf 78' lang='lat' dir='ltr'>Sebennytae</span> <span class='ocrx_word' id='word_1_208' title='bbox 628 3459 822 3531; x_wconf 83' lang='lat' dir='ltr'>saepius</span> <span class='ocrx_word' id='word_1_209' title='bbox 838 3498 855 3527; x_wconf 92' lang='lat'>,</span> <span class='ocrx_word' id='word_1_210' title='bbox 878 3458 1148 3513; x_wconf 64' lang='lat' dir='ltr'>Mendesii</span> <span class='ocrx_word' id='word_1_211' title='bbox 1171 3474 1243 3513; x_wconf 86' lang='lat' dir='ltr'>ne</span> <span class='ocrx_word' id='word_1_212' title='bbox 1268 3459 1437 3513; x_wconf 87' lang='lat' dir='ltr'>semel</span> <span class='ocrx_word' id='word_1_213' title='bbox 1465 3458 1635 3531; x_wconf 81' lang='lat' dir='ltr'>quide</span> 
     </span>
     <span class='ocr_line' id='line_1_33' title="bbox 160 3541 1696 3619; baseline 0.004 -23"><span class='ocrx_word' id='word_1_214' title='bbox 160 3541 220 3596; x_wconf 85' lang='lat' dir='ltr'>fit</span> <span class='ocrx_word' id='word_1_215' title='bbox 251 3547 480 3600; x_wconf 88' lang='lat' dir='ltr'>mentio.</span> <span class='ocrx_word' id='word_1_216' title='bbox 518 3546 772 3600; x_wconf 80' lang='lat' dir='ltr'>Fortasse</span> <span class='ocrx_word' id='word_1_217' title='bbox 806 3545 977 3619; x_wconf 83' lang='lat' dir='ltr'>igitur</span> <span class='ocrx_word' id='word_1_218' title='bbox 1005 3543 1203 3600; x_wconf 90' lang='lat' dir='ltr'>Suidas</span> <span class='ocrx_word' id='word_1_219' title='bbox 1227 3545 1317 3600; x_wconf 79' lang='lat' dir='ltr'>vel</span> <span class='ocrx_word' id='word_1_220' title='bbox 1343 3556 1540 3600; x_wconf 88' lang='lat' dir='ltr'>auctor</span> <span class='ocrx_word' id='word_1_221' title='bbox 1579 3546 1696 3618; x_wconf 86' lang='lat' dir='ltr'>ejus</span> 
     </span>
    </p>
   </div>
   <div class='ocr_carea' id='block_1_4' title="bbox 153 3682 1696 4581">
    <p class='ocr_par' dir='ltr' id='par_1_6' title="bbox 153 3682 1696 4581">
     <span class='ocr_line' id='line_1_34' title="bbox 212 3682 1696 3744; baseline 0.002 -11"><span class='ocrx_word' id='word_1_222' title='bbox 212 3685 273 3743; x_wconf 75' lang='lat'>(&#39;)</span> <span class='ocrx_word' id='word_1_223' title='bbox 303 3686 485 3735; x_wconf 73' lang='lat' dir='ltr'>Nomen</span> <span class='ocrx_word' id='word_1_224' title='bbox 518 3684 818 3733; x_wconf 67' lang='lat' dir='ltr'>manethonis</span> <span class='ocrx_word' id='word_1_225' title='bbox 835 3717 851 3744; x_wconf 88' lang='lat'>,</span> <span class='ocrx_word' id='word_1_226' title='bbox 879 3683 981 3733; x_wconf 84' lang='lat' dir='ltr'>sive</span> <span class='ocrx_word' id='word_1_227' title='bbox 1001 3682 1062 3733; x_wconf 81' lang='lat' dir='ltr'>de</span> <span class='ocrx_word' id='word_1_228' title='bbox 1091 3685 1253 3733; x_wconf 74' lang='lat' dir='ltr'>nostro</span> <span class='ocrx_word' id='word_1_229' title='bbox 1273 3682 1496 3733; x_wconf 82' lang='lat' dir='ltr'>historico</span> <span class='ocrx_word' id='word_1_230' title='bbox 1512 3684 1613 3733; x_wconf 80' lang='lat' dir='ltr'>sive</span> <span class='ocrx_word' id='word_1_231' title='bbox 1635 3685 1696 3736; x_wconf 88' lang='lat' dir='ltr'>de</span> 
     </span>
     <span class='ocr_line' id='line_1_35' title="bbox 156 3751 1694 3818; baseline 0.003 -19"><span class='ocrx_word' id='word_1_232' title='bbox 156 3751 606 3818; x_wconf 70' lang='grc' dir='ltr'>Ἀποτελισματικῶν</span> <span class='ocrx_word' id='word_1_233' title='bbox 640 3757 838 3803; x_wconf 72' lang='lat' dir='ltr'>auctore</span> <span class='ocrx_word' id='word_1_234' title='bbox 873 3766 1030 3803; x_wconf 84' lang='lat' dir='ltr'>sermo</span> <span class='ocrx_word' id='word_1_235' title='bbox 1063 3756 1153 3815; x_wconf 84' lang='lat' dir='ltr'>sit,</span> <span class='ocrx_word' id='word_1_236' title='bbox 1194 3753 1323 3803; x_wconf 80' lang='lat' dir='ltr'>varie</span> <span class='ocrx_word' id='word_1_237' title='bbox 1361 3752 1620 3802; x_wconf 76' lang='lat' dir='ltr'>admodum</span> <span class='ocrx_word' id='word_1_238' title='bbox 1645 3756 1694 3804; x_wconf 88' lang='lat' dir='ltr'>iu</span> 
     </span>
     <span class='ocr_line' id='line_1_36' title="bbox 154 3820 1692 3885; baseline 0.003 -16"><span class='ocrx_word' id='word_1_239' title='bbox 154 3820 384 3873; x_wconf 73' lang='lat' dir='ltr'>codicibus</span> <span class='ocrx_word' id='word_1_240' title='bbox 400 3826 656 3875; x_wconf 77' lang='lat' dir='ltr'>exaratur:</span> <span class='ocrx_word' id='word_1_241' title='bbox 676 3824 914 3885; x_wconf 78' lang='grc' dir='ltr'>Μάνιθως,</span> <span class='ocrx_word' id='word_1_242' title='bbox 934 3825 1174 3881; x_wconf 76' lang='grc' dir='ltr'><strong>Μανεθὼς,</strong></span> <span class='ocrx_word' id='word_1_243' title='bbox 1206 3824 1430 3879; x_wconf 71' lang='grc' dir='ltr'>Μανεθώς</span> <span class='ocrx_word' id='word_1_244' title='bbox 1442 3858 1457 3883; x_wconf 85' lang='grc'><strong>,</strong></span> <span class='ocrx_word' id='word_1_245' title='bbox 1475 3826 1692 3884; x_wconf 57' lang='lat' dir='ltr'>Manto»,</span> 
     </span>
     <span class='ocr_line' id='line_1_37' title="bbox 154 3891 1694 3955; baseline 0.001 -14"><span class='ocrx_word' id='word_1_246' title='bbox 154 3891 382 3953; x_wconf 67' lang='grc' dir='ltr'><strong>Μανέθων,</strong></span> <span class='ocrx_word' id='word_1_247' title='bbox 416 3894 658 3953; x_wconf 74' lang='grc' dir='ltr'><strong>Μανιθὼν,</strong></span> <span class='ocrx_word' id='word_1_248' title='bbox 692 3895 912 3954; x_wconf 72' lang='grc' dir='ltr'><strong>Μανεθῶ,</strong></span> <span class='ocrx_word' id='word_1_249' title='bbox 962 3893 1225 3949; x_wconf 78' lang='grc' dir='ltr'>Μαναίθως.</span> <span class='ocrx_word' id='word_1_250' title='bbox 1266 3893 1517 3948; x_wconf 81' lang='grc' dir='ltr'>Μαναὶθος.</span> <span class='ocrx_word' id='word_1_251' title='bbox 1554 3896 1694 3955; x_wconf 76' lang='lat' dir='ltr'>Apud</span> 
     </span>
     <span class='ocr_line' id='line_1_38' title="bbox 155 3958 1696 4023; baseline 0.006 -18"><span class='ocrx_word' id='word_1_252' title='bbox 155 3958 417 4019; x_wconf 75' lang='lat' dir='ltr'>syncellum</span> <span class='ocrx_word' id='word_1_253' title='bbox 440 3962 714 4013; x_wconf 75' lang='lat' dir='ltr'>madon-tius</span> <span class='ocrx_word' id='word_1_254' title='bbox 727 3962 906 4023; x_wconf 75' lang='lat' dir='ltr'>ubique</span> <span class='ocrx_word' id='word_1_255' title='bbox 921 3961 1109 4023; x_wconf 79' lang='lat' dir='ltr'>scripsit</span> <span class='ocrx_word' id='word_1_256' title='bbox 1127 3963 1340 4021; x_wconf 68' lang='grc' dir='ltr'><strong>Μανιθῶ,</strong></span> <span class='ocrx_word' id='word_1_257' title='bbox 1360 3961 1489 4023; x_wconf 85' lang='lat' dir='ltr'>quod</span> <span class='ocrx_word' id='word_1_258' title='bbox 1508 3962 1696 4015; x_wconf 75' lang='lat' dir='ltr'>codices</span> 
     </span>
     <span class='ocr_line' id='line_1_39' title="bbox 153 4030 1696 4095; baseline 0.004 -16"><span class='ocrx_word' id='word_1_259' title='bbox 153 4030 360 4088; x_wconf 71' lang='lat' dir='ltr'>proebeul</span> <span class='ocrx_word' id='word_1_260' title='bbox 382 4045 434 4095; x_wconf 78' lang='lat' dir='ltr'>p.</span> <span class='ocrx_word' id='word_1_261' title='bbox 463 4036 544 4092; x_wconf 74' lang='lat'>97,</span> <span class='ocrx_word' id='word_1_262' title='bbox 567 4036 594 4081; x_wconf 92' lang='grc'><strong>7</strong></span> <span class='ocrx_word' id='word_1_263' title='bbox 619 4035 670 4081; x_wconf 79' lang='lat' dir='ltr'>et</span> <span class='ocrx_word' id='word_1_264' title='bbox 699 4036 809 4091; x_wconf 73' lang='lat'>48⁶,</span> <span class='ocrx_word' id='word_1_265' title='bbox 844 4036 897 4081; x_wconf 90' lang='lat'>17</span> <span class='ocrx_word' id='word_1_266' title='bbox 922 4032 1000 4081; x_wconf 76' lang='lat' dir='ltr'>ed.</span> <span class='ocrx_word' id='word_1_267' title='bbox 1038 4035 1193 4082; x_wconf 81' lang='lat' dir='ltr'>Bonn.</span> <span class='ocrx_word' id='word_1_268' title='bbox 1223 4033 1441 4087; x_wconf 79' lang='grc' dir='ltr'>Μανεθῶς</span> <span class='ocrx_word' id='word_1_269' title='bbox 1468 4033 1696 4085; x_wconf 73' lang='lat' dir='ltr'>exhibent</span> 
     </span>
     <span class='ocr_line' id='line_1_40' title="bbox 156 4102 1696 4164; baseline 0.004 -18"><span class='ocrx_word' id='word_1_270' title='bbox 156 4110 201 4158; x_wconf 80' lang='lat' dir='ltr'>p.</span> <span class='ocrx_word' id='word_1_271' title='bbox 234 4105 399 4159; x_wconf 73' lang='lat'>1⁴⁶‚10</span> <span class='ocrx_word' id='word_1_272' title='bbox 421 4105 471 4152; x_wconf 84' lang='lat' dir='ltr'>et</span> <span class='ocrx_word' id='word_1_273' title='bbox 510 4105 699 4161; x_wconf 75' lang='lat'>145‚11.</span> <span class='ocrx_word' id='word_1_274' title='bbox 730 4103 951 4151; x_wconf 72' lang='grc' dir='ltr'><strong>Μανεθῶν</strong></span> <span class='ocrx_word' id='word_1_275' title='bbox 985 4102 1229 4164; x_wconf 79' lang='lat' dir='ltr'>legebatur</span> <span class='ocrx_word' id='word_1_276' title='bbox 1260 4114 1307 4162; x_wconf 86' lang='lat' dir='ltr'>p.</span> <span class='ocrx_word' id='word_1_277' title='bbox 1329 4105 1408 4164; x_wconf 85' lang='grc'><strong>73,</strong></span> <span class='ocrx_word' id='word_1_278' title='bbox 1441 4105 1490 4163; x_wconf 77' lang='lat'>4,</span> <span class='ocrx_word' id='word_1_279' title='bbox 1517 4102 1577 4151; x_wconf 88' lang='lat' dir='ltr'>de</span> <span class='ocrx_word' id='word_1_280' title='bbox 1599 4117 1696 4164; x_wconf 81' lang='lat' dir='ltr'>qua</span> 
     </span>
     <span class='ocr_line' id='line_1_41' title="bbox 154 4166 1694 4232; baseline 0.005 -17"><span class='ocrx_word' id='word_1_281' title='bbox 154 4166 350 4218; x_wconf 75' lang='lat' dir='ltr'>nominis</span> <span class='ocrx_word' id='word_1_282' title='bbox 372 4170 525 4219; x_wconf 72' lang='lat' dir='ltr'>torma</span> <span class='ocrx_word' id='word_1_283' title='bbox 543 4169 818 4219; x_wconf 79' lang='lat' dir='ltr'>Diudorfius</span> <span class='ocrx_word' id='word_1_284' title='bbox 843 4183 893 4232; x_wconf 82' lang='lat' dir='ltr'>p.</span> <span class='ocrx_word' id='word_1_285' title='bbox 925 4174 1011 4221; x_wconf 76' lang='lat'>145</span> <span class='ocrx_word' id='word_1_286' title='bbox 1032 4172 1230 4220; x_wconf 82' lang='lat' dir='ltr'>annotat</span> <span class='ocrx_word' id='word_1_287' title='bbox 1252 4170 1359 4219; x_wconf 80' lang='lat' dir='ltr'>haec</span> <span class='ocrx_word' id='word_1_288' title='bbox 1393 4187 1405 4221; x_wconf 74' lang='grc' dir='ltr'>ι</span> <span class='ocrx_word' id='word_1_289' title='bbox 1433 4189 1455 4212; x_wconf 72' lang='grc' dir='ltr'><strong>α</strong></span> <span class='ocrx_word' id='word_1_290' title='bbox 1478 4174 1571 4221; x_wconf 77' lang='lat' dir='ltr'>Aut</span> <span class='ocrx_word' id='word_1_291' title='bbox 1590 4175 1694 4222; x_wconf 76' lang='grc' dir='ltr'>Μαι·</span> 
     </span>
     <span class='ocr_line' id='line_1_42' title="bbox 153 4237 1692 4303; baseline 0.005 -20"><span class='ocrx_word' id='word_1_292' title='bbox 153 4237 265 4284; x_wconf 64' lang='grc' dir='ltr'>ποῶ</span> <span class='ocrx_word' id='word_1_293' title='bbox 297 4240 383 4299; x_wconf 89' lang='lat' dir='ltr'>(ut</span> <span class='ocrx_word' id='word_1_294' title='bbox 418 4238 653 4299; x_wconf 54' lang='lat' dir='ltr'>’samm</span> <span class='ocrx_word' id='word_1_295' title='bbox 706 4242 915 4303; x_wconf 79' lang='grc' dir='ltr'><strong>Φαραῶ)</strong></span> <span class='ocrx_word' id='word_1_296' title='bbox 952 4240 1280 4301; x_wconf 84' lang='lat' dir='ltr'>scribendum,</span> <span class='ocrx_word' id='word_1_297' title='bbox 1330 4243 1415 4289; x_wconf 79' lang='lat' dir='ltr'>aut</span> <span class='ocrx_word' id='word_1_298' title='bbox 1452 4242 1692 4303; x_wconf 74' lang='grc' dir='ltr'><strong>Μανέθων,</strong></span> 
     </span>
     <span class='ocr_line' id='line_1_43' title="bbox 155 4309 1693 4372; baseline 0.003 -17"><span class='ocrx_word' id='word_1_299' title='bbox 155 4316 301 4365; x_wconf 73' lang='lat' dir='ltr'>gmon</span> <span class='ocrx_word' id='word_1_300' title='bbox 316 4309 520 4359; x_wconf 81' lang='lat' dir='ltr'>nominis</span> <span class='ocrx_word' id='word_1_301' title='bbox 557 4309 736 4369; x_wconf 77' lang='lat' dir='ltr'>forma,</span> <span class='ocrx_word' id='word_1_302' title='bbox 756 4321 849 4370; x_wconf 86' lang='lat' dir='ltr'>qua</span> <span class='ocrx_word' id='word_1_303' title='bbox 866 4311 1016 4359; x_wconf 76' lang='lat' dir='ltr'>utimr</span> <span class='ocrx_word' id='word_1_304' title='bbox 1034 4310 1281 4371; x_wconf 77' lang='lat' dir='ltr'>syncellus</span> <span class='ocrx_word' id='word_1_305' title='bbox 1312 4321 1360 4372; x_wconf 84' lang='lat' dir='ltr'>p.</span> <span class='ocrx_word' id='word_1_306' title='bbox 1386 4313 1491 4365; x_wconf 70' lang='lat'>194,</span> <span class='ocrx_word' id='word_1_307' title='bbox 1524 4317 1595 4360; x_wconf 87' lang='grc' dir='ltr'>ιο.</span> <span class='ocrx_word' id='word_1_308' title='bbox 1622 4315 1693 4360; x_wconf 83' lang='lat'>18.</span> 
     </span>
     <span class='ocr_line' id='line_1_44' title="bbox 154 4375 1693 4443; baseline 0.006 -21"><span class='ocrx_word' id='word_1_309' title='bbox 154 4375 456 4428; x_wconf 68' lang='lat' dir='ltr'>Memorabile</span> <span class='ocrx_word' id='word_1_310' title='bbox 471 4380 546 4429; x_wconf 79' lang='lat' dir='ltr'>est</span> <span class='ocrx_word' id='word_1_311' title='bbox 567 4376 698 4441; x_wconf 80' lang='lat' dir='ltr'>quod</span> <span class='ocrx_word' id='word_1_312' title='bbox 715 4378 825 4427; x_wconf 84' lang='lat' dir='ltr'>libri</span> <span class='ocrx_word' id='word_1_313' title='bbox 843 4379 1058 4441; x_wconf 60' lang='lat' dir='ltr'>praebent</span> <span class='ocrx_word' id='word_1_314' title='bbox 1074 4381 1297 4430; x_wconf 79' lang='grc' dir='ltr'><strong>Μανεθῶθ</strong></span> <span class='ocrx_word' id='word_1_315' title='bbox 1317 4392 1364 4441; x_wconf 87' lang='lat' dir='ltr'>p.</span> <span class='ocrx_word' id='word_1_316' title='bbox 1390 4386 1494 4443; x_wconf 77' lang='grc'><strong>135,</strong></span> <span class='ocrx_word' id='word_1_317' title='bbox 1522 4387 1563 4430; x_wconf 85' lang='grc'><strong>1.</strong></span> <span class='ocrx_word' id='word_1_318' title='bbox 1583 4384 1693 4431; x_wconf 82' lang='lat' dir='ltr'>For·</span> 
     </span>
     <span class='ocr_line' id='line_1_45' title="bbox 154 4448 1693 4515; baseline 0.003 -19"><span class='ocrx_word' id='word_1_319' title='bbox 154 4448 274 4497; x_wconf 76' lang='lat' dir='ltr'>tasse</span> <span class='ocrx_word' id='word_1_320' title='bbox 294 4449 535 4499; x_wconf 75' lang='grc' dir='ltr'>Μανιθώθ.</span> <span class='ocrx_word' id='word_1_321' title='bbox 551 4469 574 4493; x_wconf 76' lang='grc' dir='ltr'>ιι</span> <span class='ocrx_word' id='word_1_322' title='bbox 599 4449 872 4499; x_wconf 81' lang='lat' dir='ltr'>secuudum</span> <span class='ocrx_word' id='word_1_323' title='bbox 894 4452 1129 4500; x_wconf 65' lang='lat' dir='ltr'>loannem</span> <span class='ocrx_word' id='word_1_324' title='bbox 1148 4450 1283 4501; x_wconf 79' lang='lat' dir='ltr'>Alex.</span> <span class='ocrx_word' id='word_1_325' title='bbox 1305 4452 1376 4500; x_wconf 85' lang='lat' dir='ltr'>De</span> <span class='ocrx_word' id='word_1_326' title='bbox 1402 4451 1693 4515; x_wconf 85' lang='lat' dir='ltr'>accentibus,</span> 
     </span>
     <span class='ocr_line' id='line_1_46' title="bbox 156 4516 1696 4581; baseline 0.003 -17"><span class='ocrx_word' id='word_1_327' title='bbox 156 4516 451 4569; x_wconf 79' lang='lat' dir='ltr'>scribendum</span> <span class='ocrx_word' id='word_1_328' title='bbox 478 4521 554 4568; x_wconf 86' lang='lat' dir='ltr'>est</span> <span class='ocrx_word' id='word_1_329' title='bbox 577 4520 815 4575; x_wconf 70' lang='grc' dir='ltr'>Μανεθώς.</span> <span class='ocrx_word' id='word_1_330' title='bbox 853 4521 927 4569; x_wconf 86' lang='lat' dir='ltr'>De</span> <span class='ocrx_word' id='word_1_331' title='bbox 961 4520 1154 4581; x_wconf 84' lang='lat' dir='ltr'>reliquls</span> <span class='ocrx_word' id='word_1_332' title='bbox 1190 4520 1357 4569; x_wconf 68' lang='lat' dir='ltr'>somus</span> <span class='ocrx_word' id='word_1_333' title='bbox 1385 4532 1485 4569; x_wconf 87' lang='lat' dir='ltr'>non</span> <span class='ocrx_word' id='word_1_334' title='bbox 1515 4524 1586 4570; x_wconf 83' lang='lat' dir='ltr'>est</span> <span class='ocrx_word' id='word_1_335' title='bbox 1607 4534 1696 4570; x_wconf 85' lang='lat' dir='ltr'>cur</span> 
     </span>
    </p>
   </div>
   <div class='ocr_carea' id='block_1_5' title="bbox 74 4586 1693 4652">
    <p class='ocr_par' dir='ltr' id='par_1_7' title="bbox 74 4586 1693 4652">
     <span class='ocr_line' id='line_1_47' title="bbox 74 4586 1693 4652; baseline 0.003 -18"><span class='ocrx_word' id='word_1_336' title='bbox 74 4606 75 4609; x_wconf 40' lang='lat'>¹</span> <span class='ocrx_word' id='word_1_337' title='bbox 158 4586 342 4635; x_wconf 79' lang='lat' dir='ltr'>testium</span> <span class='ocrx_word' id='word_1_338' title='bbox 372 4586 568 4636; x_wconf 84' lang='lat' dir='ltr'>nomina</span> <span class='ocrx_word' id='word_1_339' title='bbox 600 4588 913 4636; x_wconf 79' lang='lat' dir='ltr'>cumulemus.</span> <span class='ocrx_word' id='word_1_340' title='bbox 950 4590 1165 4650; x_wconf 76' lang='lat' dir='ltr'>ineptam</span> <span class='ocrx_word' id='word_1_341' title='bbox 1197 4588 1329 4638; x_wconf 80' lang='lat' dir='ltr'>vocis</span> <span class='ocrx_word' id='word_1_342' title='bbox 1358 4589 1693 4652; x_wconf 76' lang='lat' dir='ltr'>etymologiam</span> 
     </span>
    </p>
   </div>
   <div class='ocr_carea' id='block_1_6' title="bbox 159 4654 1697 5265">
    <p class='ocr_par' dir='ltr' id='par_1_8' title="bbox 159 4654 1697 4924">
     <span class='ocr_line' id='line_1_48' title="bbox 159 4654 1697 4720; baseline 0.007 -20"><span class='ocrx_word' id='word_1_343' title='bbox 159 4654 262 4702; x_wconf 78' lang='lat' dir='ltr'>vide</span> <span class='ocrx_word' id='word_1_344' title='bbox 273 4655 399 4717; x_wconf 84' lang='lat' dir='ltr'>apud</span> <span class='ocrx_word' id='word_1_345' title='bbox 421 4655 715 4706; x_wconf 74' lang='lat' dir='ltr'>narduinum</span> <span class='ocrx_word' id='word_1_346' title='bbox 734 4656 783 4704; x_wconf 88' lang='lat' dir='ltr'>iu</span> <span class='ocrx_word' id='word_1_347' title='bbox 801 4656 978 4705; x_wconf 86' lang='lat' dir='ltr'>chron.</span> <span class='ocrx_word' id='word_1_348' title='bbox 1000 4659 1109 4706; x_wconf 78' lang='lat' dir='ltr'>vet.</span> <span class='ocrx_word' id='word_1_349' title='bbox 1128 4660 1256 4707; x_wconf 79' lang='lat' dir='ltr'>Test.</span> <span class='ocrx_word' id='word_1_350' title='bbox 1274 4670 1324 4720; x_wconf 83' lang='lat' dir='ltr'>p.</span> <span class='ocrx_word' id='word_1_351' title='bbox 1349 4664 1406 4707; x_wconf 76' lang='lat'>32</span> <span class='ocrx_word' id='word_1_352' title='bbox 1430 4658 1697 4719; x_wconf 76' lang='lat' dir='ltr'>(Fabricius</span> 
     </span>
     <span class='ocr_line' id='line_1_49' title="bbox 160 4723 1693 4790; baseline 0.005 -21"><span class='ocrx_word' id='word_1_353' title='bbox 160 4723 211 4769; x_wconf 88' lang='lat' dir='ltr'>B.</span> <span class='ocrx_word' id='word_1_354' title='bbox 231 4724 315 4773; x_wconf 89' lang='lat' dir='ltr'>Gr.</span> <span class='ocrx_word' id='word_1_355' title='bbox 335 4726 457 4774; x_wconf 82' lang='lat' dir='ltr'>tom.</span> <span class='ocrx_word' id='word_1_356' title='bbox 483 4728 566 4786; x_wconf 79' lang='lat' dir='ltr'>tv,</span> <span class='ocrx_word' id='word_1_357' title='bbox 597 4737 647 4786; x_wconf 88' lang='lat' dir='ltr'>p.</span> <span class='ocrx_word' id='word_1_358' title='bbox 671 4729 758 4775; x_wconf 80' lang='lat'>128</span> <span class='ocrx_word' id='word_1_359' title='bbox 790 4723 866 4773; x_wconf 84' lang='lat' dir='ltr'>ed.</span> <span class='ocrx_word' id='word_1_360' title='bbox 888 4724 1059 4786; x_wconf 62' lang='lat' dir='ltr'>nath).</span> <span class='ocrx_word' id='word_1_361' title='bbox 1078 4727 1311 4787; x_wconf 73' lang='grc' dir='ltr'><strong>Μανεθὼ,</strong></span> <span class='ocrx_word' id='word_1_362' title='bbox 1348 4726 1478 4789; x_wconf 79' lang='lat' dir='ltr'>virgo</span> <span class='ocrx_word' id='word_1_363' title='bbox 1497 4732 1693 4790; x_wconf 83' lang='lat' dir='ltr'>martyr,</span> 
     </span>
     <span class='ocr_line' id='line_1_50' title="bbox 159 4792 1695 4855; baseline 0.005 -17"><span class='ocrx_word' id='word_1_364' title='bbox 159 4792 359 4841; x_wconf 83' lang='lat' dir='ltr'>occurrit</span> <span class='ocrx_word' id='word_1_365' title='bbox 375 4792 425 4841; x_wconf 88' lang='lat' dir='ltr'>iu</span> <span class='ocrx_word' id='word_1_366' title='bbox 449 4792 712 4854; x_wconf 65' lang='lat' dir='ltr'>menologio</span> <span class='ocrx_word' id='word_1_367' title='bbox 731 4796 817 4842; x_wconf 89' lang='lat' dir='ltr'>Gr.</span> <span class='ocrx_word' id='word_1_368' title='bbox 848 4793 944 4842; x_wconf 78' lang='lat' dir='ltr'>vol.</span> <span class='ocrx_word' id='word_1_369' title='bbox 968 4796 1008 4853; x_wconf 87' lang='grc' dir='ltr'><strong>Ι,</strong></span> <span class='ocrx_word' id='word_1_370' title='bbox 1029 4805 1083 4854; x_wconf 84' lang='lat' dir='ltr'>p.</span> <span class='ocrx_word' id='word_1_371' title='bbox 1109 4797 1216 4855; x_wconf 79' lang='lat'>186,</span> <span class='ocrx_word' id='word_1_372' title='bbox 1236 4797 1434 4845; x_wconf 84' lang='lat' dir='ltr'>notante</span> <span class='ocrx_word' id='word_1_373' title='bbox 1452 4795 1695 4846; x_wconf 78' lang='lat' dir='ltr'>Diudorlio</span> 
     </span>
     <span class='ocr_line' id='line_1_51' title="bbox 160 4858 989 4924; baseline 0.005 -18"><span class='ocrx_word' id='word_1_374' title='bbox 160 4858 206 4906; x_wconf 89' lang='lat' dir='ltr'>iu</span> <span class='ocrx_word' id='word_1_375' title='bbox 224 4861 449 4922; x_wconf 81' lang='lat' dir='ltr'>stephan.</span> <span class='ocrx_word' id='word_1_376' title='bbox 469 4861 607 4911; x_wconf 84' lang='lat' dir='ltr'>Thes.</span> <span class='ocrx_word' id='word_1_377' title='bbox 626 4864 711 4911; x_wconf 88' lang='lat' dir='ltr'>Gr.</span> <span class='ocrx_word' id='word_1_378' title='bbox 732 4875 780 4924; x_wconf 90' lang='lat' dir='ltr'>p.</span> <span class='ocrx_word' id='word_1_379' title='bbox 805 4869 913 4923; x_wconf 77' lang='lat'>563,</span> <span class='ocrx_word' id='word_1_380' title='bbox 932 4867 989 4912; x_wconf 77' lang='lat' dir='ltr'>A.</span> 
     </span>
    </p>

    <p class='ocr_par' dir='ltr' id='par_1_9' title="bbox 160 4929 1696 5265">
     <span class='ocr_line' id='line_1_52' title="bbox 222 4929 1695 4996; baseline 0.005 -18"><span class='ocrx_word' id='word_1_381' title='bbox 222 4929 310 4989; x_wconf 83' lang='lat'><strong>(**)</strong></span> <span class='ocrx_word' id='word_1_382' title='bbox 330 4929 502 4979; x_wconf 73' lang='lat' dir='ltr'>Strabo</span> <span class='ocrx_word' id='word_1_383' title='bbox 523 4932 651 4990; x_wconf 80' lang='lat' dir='ltr'>xvl,</span> <span class='ocrx_word' id='word_1_384' title='bbox 670 4945 718 4995; x_wconf 80' lang='lat' dir='ltr'>p.</span> <span class='ocrx_word' id='word_1_385' title='bbox 740 4936 833 4983; x_wconf 78' lang='lat'>806</span> <span class='ocrx_word' id='word_1_386' title='bbox 858 4933 966 4982; x_wconf 77' lang='lat' dir='ltr'>z’Ev</span> <span class='ocrx_word' id='word_1_387' title='bbox 993 4933 1042 4982; x_wconf 76' lang='grc' dir='ltr'>δὲ</span> <span class='ocrx_word' id='word_1_388' title='bbox 1060 4938 1118 4996; x_wconf 78' lang='grc' dir='ltr'>τῇ</span> <span class='ocrx_word' id='word_1_389' title='bbox 1134 4933 1424 4983; x_wconf 71' lang='grc' dir='ltr'>’Ἡλιουπόλει</span> <span class='ocrx_word' id='word_1_390' title='bbox 1444 4937 1523 4984; x_wconf 74' lang='grc' dir='ltr'>καὶ</span> <span class='ocrx_word' id='word_1_391' title='bbox 1540 4937 1695 4993; x_wconf 67' lang='grc' dir='ltr'>οἶκους</span> 
     </span>
     <span class='ocr_line' id='line_1_53' title="bbox 160 4998 1695 5067; baseline 0.006 -22"><span class='ocrx_word' id='word_1_392' title='bbox 160 4998 332 5060; x_wconf 77' lang='grc' dir='ltr'>ιῐδομιν</span> <span class='ocrx_word' id='word_1_393' title='bbox 352 5000 574 5061; x_wconf 77' lang='grc' dir='ltr'>μεγάλους</span> <span class='ocrx_word' id='word_1_394' title='bbox 593 5036 608 5061; x_wconf 91' lang='grc'><strong>,</strong></span> <span class='ocrx_word' id='word_1_395' title='bbox 628 5001 675 5050; x_wconf 75' lang='grc' dir='ltr'>ἐν</span> <span class='ocrx_word' id='word_1_396' title='bbox 707 5002 777 5057; x_wconf 73' lang='grc' dir='ltr'>οἷς</span> <span class='ocrx_word' id='word_1_397' title='bbox 799 5002 1020 5064; x_wconf 74' lang='grc' dir='ltr'>διέτριὸον</span> <span class='ocrx_word' id='word_1_398' title='bbox 1044 5005 1089 5051; x_wconf 78' lang='lat' dir='ltr'>ol</span> <span class='ocrx_word' id='word_1_399' title='bbox 1120 5005 1252 5066; x_wconf 75' lang='grc' dir='ltr'>ῑιρεῖς</span> <span class='ocrx_word' id='word_1_400' title='bbox 1267 5019 1279 5031; x_wconf 91' lang='grc'><em>·</em></span> <span class='ocrx_word' id='word_1_401' title='bbox 1305 5003 1506 5065; x_wconf 83' lang='grc' dir='ltr'>μάλιστα</span> <span class='ocrx_word' id='word_1_402' title='bbox 1527 5005 1615 5067; x_wconf 83' lang='grc' dir='ltr'>γὰρ</span> <span class='ocrx_word' id='word_1_403' title='bbox 1639 5006 1695 5063; x_wconf 81' lang='grc' dir='ltr'>δὴ</span> 
     </span>
     <span class='ocr_line' id='line_1_54' title="bbox 161 5066 1696 5135; baseline 0.007 -22"><span class='ocrx_word' id='word_1_404' title='bbox 161 5066 324 5123; x_wconf 73' lang='grc' dir='ltr'><strong>ταύτην</strong></span> <span class='ocrx_word' id='word_1_405' title='bbox 360 5068 598 5117; x_wconf 66' lang='grc' dir='ltr'>κατοικίαν</span> <span class='ocrx_word' id='word_1_406' title='bbox 633 5071 790 5131; x_wconf 77' lang='grc' dir='ltr'><strong>ἱερέων</strong></span> <span class='ocrx_word' id='word_1_407' title='bbox 816 5071 1048 5132; x_wconf 72' lang='grc' dir='ltr'>γεγονέναι</span> <span class='ocrx_word' id='word_1_408' title='bbox 1071 5074 1183 5134; x_wconf 79' lang='grc' dir='ltr'><strong>φασὶ</strong></span> <span class='ocrx_word' id='word_1_409' title='bbox 1217 5074 1270 5121; x_wconf 86' lang='grc' dir='ltr'>τὸ</span> <span class='ocrx_word' id='word_1_410' title='bbox 1295 5073 1493 5122; x_wconf 78' lang='grc' dir='ltr'>παλαιὸν</span> <span class='ocrx_word' id='word_1_411' title='bbox 1518 5074 1696 5135; x_wconf 79' lang='grc' dir='ltr'>φιλοσό·</span> 
     </span>
     <span class='ocr_line' id='line_1_55' title="bbox 162 5135 1696 5202; baseline 0.003 -13"><span class='ocrx_word' id='word_1_412' title='bbox 162 5150 254 5189; x_wconf 63' lang='lat' dir='ltr'><em>W</em></span> <span class='ocrx_word' id='word_1_413' title='bbox 271 5135 445 5198; x_wconf 77' lang='grc' dir='ltr'><strong>ἀνδρῶν</strong></span> <span class='ocrx_word' id='word_1_414' title='bbox 470 5140 548 5186; x_wconf 76' lang='grc' dir='ltr'>καὶ</span> <span class='ocrx_word' id='word_1_415' title='bbox 567 5139 932 5202; x_wconf 74' lang='grc' dir='ltr'>ἀστρονομικῶν·</span> <span class='ocrx_word' id='word_1_416' title='bbox 955 5140 1191 5191; x_wconf 71' lang='grc' dir='ltr'>ἐκλέλοιπε</span> <span class='ocrx_word' id='word_1_417' title='bbox 1204 5142 1254 5192; x_wconf 70' lang='lat' dir='ltr'>at</span> <span class='ocrx_word' id='word_1_418' title='bbox 1278 5144 1356 5190; x_wconf 73' lang='grc' dir='ltr'>καὶ</span> <span class='ocrx_word' id='word_1_419' title='bbox 1379 5147 1516 5191; x_wconf 79' lang='grc' dir='ltr'>τοῦτο</span> <span class='ocrx_word' id='word_1_420' title='bbox 1533 5144 1627 5191; x_wconf 85' lang='grc' dir='ltr'>νυνὶ</span> <span class='ocrx_word' id='word_1_421' title='bbox 1642 5145 1696 5193; x_wconf 84' lang='grc' dir='ltr'>τὸ</span> 
     </span>
     <span class='ocr_line' id='line_1_56' title="bbox 163 5204 750 5265; baseline 0.012 -14"><span class='ocrx_word' id='word_1_422' title='bbox 163 5204 371 5265; x_wconf 80' lang='grc' dir='ltr'>σύστημα</span> <span class='ocrx_word' id='word_1_423' title='bbox 395 5207 473 5254; x_wconf 74' lang='grc' dir='ltr'>καὶ</span> <span class='ocrx_word' id='word_1_424' title='bbox 492 5209 522 5264; x_wconf 79' lang='grc' dir='ltr'>ἠ</span> <span class='ocrx_word' id='word_1_425' title='bbox 540 5207 750 5264; x_wconf 66' lang='grc' dir='ltr'>ἄσκησις.</span> 
     </span>
    </p>
   </div>
   <div class='ocr_carea' id='block_1_7' title="bbox 1637 3396 1744 3651">
    <p class='ocr_par' dir='ltr' id='par_1_10' title="bbox 1637 3396 1744 3651">
     <span class='ocr_line' id='line_1_57' title="bbox 1637 3396 1744 3651; baseline 0 -149"><span class='ocrx_word' id='word_1_426' title='bbox 1637 3396 1744 3651; x_wconf 95' lang='lat' dir='ltr'>   </span> 
     </span>
    </p>
   </div>
   <div class='ocr_carea' id='block_1_8' title="bbox 1789 946 3344 1369">
    <p class='ocr_par' dir='ltr' id='par_1_11' title="bbox 1789 946 3344 1369">
     <span class='ocr_line' id='line_1_58' title="bbox 1789 946 3336 1017; baseline -0.002 -10"><span class='ocrx_word' id='word_1_427' title='bbox 1789 970 1917 1007; x_wconf 86' lang='lat' dir='ltr'>cum</span> <span class='ocrx_word' id='word_1_428' title='bbox 1933 950 2268 1007; x_wconf 80' lang='lat' dir='ltr'>Manethone</span> <span class='ocrx_word' id='word_1_429' title='bbox 2283 946 2578 1002; x_wconf 84' lang='lat' dir='ltr'>confundit</span> <span class='ocrx_word' id='word_1_430' title='bbox 2599 948 2956 1002; x_wconf 78' lang='lat' dir='ltr'>Ptolemaeum</span> <span class='ocrx_word' id='word_1_431' title='bbox 2965 947 3308 1004; x_wconf 82' lang='lat' dir='ltr'>Mendesium</span> <span class='ocrx_word' id='word_1_432' title='bbox 3319 988 3336 1017; x_wconf 86' lang='lat'>,</span> 
     </span>
     <span class='ocr_line' id='line_1_59' title="bbox 1790 1034 3339 1110; baseline -0.002 -18"><span class='ocrx_word' id='word_1_433' title='bbox 1790 1040 1888 1110; x_wconf 90' lang='lat' dir='ltr'>qui</span> <span class='ocrx_word' id='word_1_434' title='bbox 1913 1038 2073 1091; x_wconf 90' lang='lat' dir='ltr'>sicuti</span> <span class='ocrx_word' id='word_1_435' title='bbox 2103 1034 2363 1090; x_wconf 85' lang='lat' dir='ltr'>Manetho</span> <span class='ocrx_word' id='word_1_436' title='bbox 2389 1044 2499 1088; x_wconf 88' lang='lat' dir='ltr'>tres</span> <span class='ocrx_word' id='word_1_437' title='bbox 2529 1034 2704 1088; x_wconf 87' lang='lat' dir='ltr'>libros</span> <span class='ocrx_word' id='word_1_438' title='bbox 2723 1035 3175 1108; x_wconf 74' lang='lat' dir='ltr'>AEgyptiacorum</span> <span class='ocrx_word' id='word_1_439' title='bbox 3190 1037 3339 1090; x_wconf 89' lang='lat' dir='ltr'>scri-</span> 
     </span>
     <span class='ocr_line' id='line_1_60' title="bbox 1789 1122 3344 1198; baseline -0.001 -19"><span class='ocrx_word' id='word_1_440' title='bbox 1789 1126 1956 1198; x_wconf 87' lang='lat' dir='ltr'>psisse</span> <span class='ocrx_word' id='word_1_441' title='bbox 1979 1123 2203 1178; x_wconf 88' lang='lat' dir='ltr'>dicitur.</span> <span class='ocrx_word' id='word_1_442' title='bbox 2236 1122 2502 1177; x_wconf 88' lang='lat' dir='ltr'>Confusio</span> <span class='ocrx_word' id='word_1_443' title='bbox 2521 1122 2622 1175; x_wconf 84' lang='lat' dir='ltr'>ista</span> <span class='ocrx_word' id='word_1_444' title='bbox 2650 1123 2727 1175; x_wconf 88' lang='lat' dir='ltr'>ita</span> <span class='ocrx_word' id='word_1_445' title='bbox 2744 1122 2919 1194; x_wconf 85' lang='lat' dir='ltr'>possit</span> <span class='ocrx_word' id='word_1_446' title='bbox 2955 1123 3253 1195; x_wconf 79' lang='lat' dir='ltr'>explicari,</span> <span class='ocrx_word' id='word_1_447' title='bbox 3282 1135 3344 1178; x_wconf 89' lang='lat' dir='ltr'>ut</span> 
     </span>
     <span class='ocr_line' id='line_1_61' title="bbox 1789 1208 3340 1281; baseline -0.003 -14"><span class='ocrx_word' id='word_1_448' title='bbox 1789 1212 2148 1267; x_wconf 72' lang='lat' dir='ltr'>Ptolemaeum</span> <span class='ocrx_word' id='word_1_449' title='bbox 2176 1209 2469 1281; x_wconf 88' lang='lat' dir='ltr'>suspiceris</span> <span class='ocrx_word' id='word_1_450' title='bbox 2504 1226 2708 1263; x_wconf 75' lang='lat' dir='ltr'>novam</span> <span class='ocrx_word' id='word_1_451' title='bbox 2737 1208 3018 1280; x_wconf 86' lang='lat' dir='ltr'>quandam</span> <span class='ocrx_word' id='word_1_452' title='bbox 3044 1209 3340 1264; x_wconf 84' lang='lat' dir='ltr'>Manetho-</span> 
     </span>
     <span class='ocr_line' id='line_1_62' title="bbox 1789 1295 2825 1369; baseline -0.001 -17"><span class='ocrx_word' id='word_1_453' title='bbox 1789 1298 1941 1352; x_wconf 90' lang='lat' dir='ltr'>niani</span> <span class='ocrx_word' id='word_1_454' title='bbox 1970 1297 2155 1369; x_wconf 87' lang='lat' dir='ltr'>operis</span> <span class='ocrx_word' id='word_1_455' title='bbox 2182 1295 2398 1351; x_wconf 86' lang='lat' dir='ltr'>dedisse</span> <span class='ocrx_word' id='word_1_456' title='bbox 2422 1295 2825 1351; x_wconf 84' lang='lat' dir='ltr'>recensionem.</span> 
     </span>
    </p>
   </div>
   <div class='ocr_carea' id='block_1_9' title="bbox 1778 1385 3342 4400">
    <p class='ocr_par' dir='ltr' id='par_1_12' title="bbox 1779 1385 3342 3363">
     <span class='ocr_line' id='line_1_63' title="bbox 1870 1385 3342 1461; baseline 0 -17"><span class='ocrx_word' id='word_1_457' title='bbox 1870 1391 2022 1444; x_wconf 83' lang='lat' dir='ltr'>Vixit</span> <span class='ocrx_word' id='word_1_458' title='bbox 2041 1388 2302 1443; x_wconf 86' lang='lat' dir='ltr'>Manetho</span> <span class='ocrx_word' id='word_1_459' title='bbox 2331 1387 2434 1441; x_wconf 87' lang='lat' dir='ltr'>suh</span> <span class='ocrx_word' id='word_1_460' title='bbox 2455 1388 2755 1443; x_wconf 81' lang='lat' dir='ltr'>Ptolemaeo</span> <span class='ocrx_word' id='word_1_461' title='bbox 2781 1388 2967 1460; x_wconf 89' lang='lat' dir='ltr'>primo</span> <span class='ocrx_word' id='word_1_462' title='bbox 2984 1385 3210 1461; x_wconf 88' lang='lat' dir='ltr'>ejusque</span> <span class='ocrx_word' id='word_1_463' title='bbox 3222 1407 3342 1444; x_wconf 90' lang='lat' dir='ltr'>suc·</span> 
     </span>
     <span class='ocr_line' id='line_1_64' title="bbox 1792 1472 3338 1551; baseline 0.001 -20"><span class='ocrx_word' id='word_1_464' title='bbox 1792 1493 2028 1533; x_wconf 87' lang='lat' dir='ltr'>cessore.</span> <span class='ocrx_word' id='word_1_465' title='bbox 2053 1474 2204 1530; x_wconf 89' lang='lat' dir='ltr'>Illud</span> <span class='ocrx_word' id='word_1_466' title='bbox 2232 1484 2448 1529; x_wconf 87' lang='lat' dir='ltr'>constat</span> <span class='ocrx_word' id='word_1_467' title='bbox 2475 1492 2505 1527; x_wconf 92' lang='lat' dir='ltr'>e</span> <span class='ocrx_word' id='word_1_468' title='bbox 2540 1474 2841 1528; x_wconf 81' lang='lat' dir='ltr'>Plutarcho</span> <span class='ocrx_word' id='word_1_469' title='bbox 2872 1472 2988 1551; x_wconf 86' lang='lat' dir='ltr'>(De</span> <span class='ocrx_word' id='word_1_470' title='bbox 3032 1476 3106 1531; x_wconf 87' lang='lat' dir='ltr'>Is.</span> <span class='ocrx_word' id='word_1_471' title='bbox 3151 1486 3206 1529; x_wconf 92' lang='lat' dir='ltr'>et</span> <span class='ocrx_word' id='word_1_472' title='bbox 3246 1477 3338 1533; x_wconf 90' lang='lat' dir='ltr'>Os.</span> 
     </span>
     <span class='ocr_line' id='line_1_65' title="bbox 1789 1559 3342 1634; baseline -0.001 -15"><span class='ocrx_word' id='word_1_473' title='bbox 1789 1582 1840 1619; x_wconf 90' lang='lat' dir='ltr'>c.</span> <span class='ocrx_word' id='word_1_474' title='bbox 1880 1563 1975 1620; x_wconf 78' lang='lat'>28.</span> <span class='ocrx_word' id='word_1_475' title='bbox 2006 1561 2074 1618; x_wconf 86' lang='lat' dir='ltr'>fr.</span> <span class='ocrx_word' id='word_1_476' title='bbox 2116 1559 2248 1634; x_wconf 87' lang='lat'>78),</span> <span class='ocrx_word' id='word_1_477' title='bbox 2291 1561 2390 1615; x_wconf 82' lang='lat' dir='ltr'>uhi</span> <span class='ocrx_word' id='word_1_478' title='bbox 2428 1570 2617 1614; x_wconf 88' lang='lat' dir='ltr'>narrat</span> <span class='ocrx_word' id='word_1_479' title='bbox 2662 1561 3017 1615; x_wconf 90' lang='lat' dir='ltr'>Timotheum</span> <span class='ocrx_word' id='word_1_480' title='bbox 3047 1572 3104 1615; x_wconf 92' lang='lat' dir='ltr'>et</span> <span class='ocrx_word' id='word_1_481' title='bbox 3136 1564 3342 1619; x_wconf 86' lang='lat' dir='ltr'>Mane-</span> 
     </span>
     <span class='ocr_line' id='line_1_66' title="bbox 1790 1646 3338 1721; baseline 0.001 -16"><span class='ocrx_word' id='word_1_482' title='bbox 1790 1650 2019 1705; x_wconf 88' lang='lat' dir='ltr'>thonem</span> <span class='ocrx_word' id='word_1_483' title='bbox 2047 1646 2325 1720; x_wconf 87' lang='lat' dir='ltr'>Serapidis</span> <span class='ocrx_word' id='word_1_484' title='bbox 2345 1646 2700 1701; x_wconf 83' lang='lat' dir='ltr'>simulacrum</span> <span class='ocrx_word' id='word_1_485' title='bbox 2723 1648 3006 1721; x_wconf 84' lang='lat' dir='ltr'>agnovisse</span> <span class='ocrx_word' id='word_1_486' title='bbox 3033 1648 3094 1701; x_wconf 89' lang='lat' dir='ltr'>in</span> <span class='ocrx_word' id='word_1_487' title='bbox 3121 1650 3338 1710; x_wconf 86' lang='lat' dir='ltr'>colosso</span> 
     </span>
     <span class='ocr_line' id='line_1_67' title="bbox 1789 1732 3339 1808; baseline 0.001 -18"><span class='ocrx_word' id='word_1_488' title='bbox 1789 1736 1893 1790; x_wconf 86' lang='lat' dir='ltr'>isto</span> <span class='ocrx_word' id='word_1_489' title='bbox 1937 1753 2107 1808; x_wconf 85' lang='lat' dir='ltr'>quem</span> <span class='ocrx_word' id='word_1_490' title='bbox 2160 1734 2369 1808; x_wconf 88' lang='lat' dir='ltr'>Sinope</span> <span class='ocrx_word' id='word_1_491' title='bbox 2413 1732 2806 1788; x_wconf 82' lang='lat' dir='ltr'>Alexandriam</span> <span class='ocrx_word' id='word_1_492' title='bbox 2846 1734 3339 1806; x_wconf 87' lang='lat' dir='ltr'>transportandum</span> 
     </span>
     <span class='ocr_line' id='line_1_68' title="bbox 1788 1819 3340 1879; baseline 0 -3"><span class='ocrx_word' id='word_1_493' title='bbox 1788 1822 2117 1876; x_wconf 83' lang='lat' dir='ltr'>Ptolemaeus</span> <span class='ocrx_word' id='word_1_494' title='bbox 2158 1819 2323 1879; x_wconf 89' lang='lat' dir='ltr'>Soter</span> <span class='ocrx_word' id='word_1_495' title='bbox 2360 1829 2666 1876; x_wconf 82' lang='lat' dir='ltr'>curaverat.</span> <span class='ocrx_word' id='word_1_496' title='bbox 2711 1819 2968 1874; x_wconf 87' lang='lat' dir='ltr'>Eundem</span> <span class='ocrx_word' id='word_1_497' title='bbox 3002 1820 3106 1875; x_wconf 83' lang='lat' dir='ltr'>sub</span> <span class='ocrx_word' id='word_1_498' title='bbox 3140 1823 3340 1877; x_wconf 86' lang='lat' dir='ltr'>Ptole-</span> 
     </span>
     <span class='ocr_line' id='line_1_69' title="bbox 1788 1904 3339 1981; baseline 0.003 -22"><span class='ocrx_word' id='word_1_499' title='bbox 1788 1907 1981 1961; x_wconf 83' lang='lat' dir='ltr'>lemaeo</span> <span class='ocrx_word' id='word_1_500' title='bbox 2033 1904 2398 1979; x_wconf 89' lang='lat' dir='ltr'>Philadelpho</span> <span class='ocrx_word' id='word_1_501' title='bbox 2438 1906 2741 1977; x_wconf 89' lang='lat' dir='ltr'>scripsisse,</span> <span class='ocrx_word' id='word_1_502' title='bbox 2793 1907 3025 1981; x_wconf 83' lang='lat' dir='ltr'>regique</span> <span class='ocrx_word' id='word_1_503' title='bbox 3056 1925 3227 1980; x_wconf 87' lang='lat' dir='ltr'>opera</span> <span class='ocrx_word' id='word_1_504' title='bbox 3249 1910 3339 1964; x_wconf 82' lang='lat' dir='ltr'>vel</span> 
     </span>
     <span class='ocr_line' id='line_1_70' title="bbox 1786 1990 3336 2066; baseline 0.002 -20"><span class='ocrx_word' id='word_1_505' title='bbox 1786 1993 1950 2066; x_wconf 88' lang='lat' dir='ltr'>plura</span> <span class='ocrx_word' id='word_1_506' title='bbox 1967 1994 2059 2048; x_wconf 78' lang='lat' dir='ltr'>vel</span> <span class='ocrx_word' id='word_1_507' title='bbox 2085 2011 2261 2047; x_wconf 89' lang='lat' dir='ltr'>unum</span> <span class='ocrx_word' id='word_1_508' title='bbox 2284 1994 2476 2048; x_wconf 90' lang='lat' dir='ltr'>saltem</span> <span class='ocrx_word' id='word_1_509' title='bbox 2517 1990 2819 2061; x_wconf 87' lang='lat' dir='ltr'>dedicasse,</span> <span class='ocrx_word' id='word_1_510' title='bbox 2837 2010 2906 2047; x_wconf 79' lang='lat' dir='ltr'>ex</span> <span class='ocrx_word' id='word_1_511' title='bbox 2948 1994 3182 2065; x_wconf 88' lang='lat' dir='ltr'>epistola</span> <span class='ocrx_word' id='word_1_512' title='bbox 3209 1996 3336 2065; x_wconf 89' lang='lat' dir='ltr'>illa,</span> 
     </span>
     <span class='ocr_line' id='line_1_71' title="bbox 1787 2076 3339 2153; baseline 0 -18"><span class='ocrx_word' id='word_1_513' title='bbox 1787 2097 1957 2151; x_wconf 86' lang='lat' dir='ltr'>quam</span> <span class='ocrx_word' id='word_1_514' title='bbox 1975 2077 2494 2135; x_wconf 82' lang='lat' dir='ltr'>Pseudo-Manetho</span> <span class='ocrx_word' id='word_1_515' title='bbox 2515 2076 2588 2133; x_wconf 88' lang='lat' dir='ltr'>ad</span> <span class='ocrx_word' id='word_1_516' title='bbox 2612 2077 3042 2151; x_wconf 86' lang='lat' dir='ltr'>Philadelphum</span> <span class='ocrx_word' id='word_1_517' title='bbox 3064 2081 3339 2153; x_wconf 86' lang='lat' dir='ltr'>scripsisse</span> 
     </span>
     <span class='ocr_line' id='line_1_72' title="bbox 1788 2161 3339 2240; baseline 0.001 -20"><span class='ocrx_word' id='word_1_518' title='bbox 1788 2165 2014 2234; x_wconf 86' lang='lat' dir='ltr'>dicitur,</span> <span class='ocrx_word' id='word_1_519' title='bbox 2045 2167 2306 2240; x_wconf 82' lang='lat' dir='ltr'>augurari</span> <span class='ocrx_word' id='word_1_520' title='bbox 2332 2166 2478 2222; x_wconf 89' lang='lat' dir='ltr'>licet.</span> <span class='ocrx_word' id='word_1_521' title='bbox 2515 2161 2803 2237; x_wconf 70' lang='lat' dir='ltr'>syncellus</span> <span class='ocrx_word' id='word_1_522' title='bbox 2828 2184 2890 2239; x_wconf 89' lang='lat' dir='ltr'>p.</span> <span class='ocrx_word' id='word_1_523' title='bbox 2929 2171 3020 2235; x_wconf 68' lang='lat'>14,</span> <span class='ocrx_word' id='word_1_524' title='bbox 3051 2167 3115 2236; x_wconf 90' lang='lat' dir='ltr'>B,</span> <span class='ocrx_word' id='word_1_525' title='bbox 3148 2168 3339 2222; x_wconf 85' lang='lat' dir='ltr'>Mane·</span> 
     </span>
     <span class='ocr_line' id='line_1_73' title="bbox 1788 2249 3339 2327; baseline 0.003 -22"><span class='ocrx_word' id='word_1_526' title='bbox 1788 2252 2018 2308; x_wconf 88' lang='lat' dir='ltr'>thonem</span> <span class='ocrx_word' id='word_1_527' title='bbox 2066 2254 2307 2308; x_wconf 86' lang='lat' dir='ltr'>Annales</span> <span class='ocrx_word' id='word_1_528' title='bbox 2331 2270 2463 2307; x_wconf 84' lang='lat' dir='ltr'>suos</span> <span class='ocrx_word' id='word_1_529' title='bbox 2499 2253 2872 2325; x_wconf 79' lang='lat' dir='ltr'>composuisse</span> <span class='ocrx_word' id='word_1_530' title='bbox 2906 2252 3045 2308; x_wconf 87' lang='lat' dir='ltr'>dicit</span> <span class='ocrx_word' id='word_1_531' title='bbox 3074 2249 3210 2308; x_wconf 70' lang='grc' dir='ltr'>κατὰ</span> <span class='ocrx_word' id='word_1_532' title='bbox 3237 2251 3339 2327; x_wconf 83' lang='grc' dir='ltr'>μί-</span> 
     </span>
     <span class='ocr_line' id='line_1_74' title="bbox 1787 2334 3337 2416; baseline 0.001 -22"><span class='ocrx_word' id='word_1_533' title='bbox 1787 2359 1945 2410; x_wconf 87' lang='grc' dir='ltr'>μησιν</span> <span class='ocrx_word' id='word_1_534' title='bbox 1965 2335 2251 2415; x_wconf 82' lang='grc' dir='ltr'>Βηρώσσου</span> <span class='ocrx_word' id='word_1_535' title='bbox 2275 2336 2412 2395; x_wconf 80' lang='grc' dir='ltr'>κατὰ</span> <span class='ocrx_word' id='word_1_536' title='bbox 2433 2334 2551 2402; x_wconf 78' lang='grc' dir='ltr'>τοὺς</span> <span class='ocrx_word' id='word_1_537' title='bbox 2574 2334 2758 2403; x_wconf 79' lang='grc' dir='ltr'>αὐτοὺς</span> <span class='ocrx_word' id='word_1_538' title='bbox 2777 2336 2962 2415; x_wconf 81' lang='grc' dir='ltr'>σχεδόν</span> <span class='ocrx_word' id='word_1_539' title='bbox 2990 2358 3091 2395; x_wconf 84' lang='grc' dir='ltr'>που</span> <span class='ocrx_word' id='word_1_540' title='bbox 3120 2336 3337 2416; x_wconf 83' lang='grc' dir='ltr'>χρόνους</span> 
     </span>
     <span class='ocr_line' id='line_1_75' title="bbox 1784 2419 3338 2503; baseline 0.002 -24"><span class='ocrx_word' id='word_1_541' title='bbox 1784 2419 1818 2491; x_wconf 78' lang='grc' dir='ltr'><strong>ἢ</strong></span> <span class='ocrx_word' id='word_1_542' title='bbox 1850 2423 2032 2503; x_wconf 83' lang='grc' dir='ltr'>μικρὸν</span> <span class='ocrx_word' id='word_1_543' title='bbox 2061 2422 2292 2502; x_wconf 58' lang='grc' dir='ltr'>ὕστερον.</span> <span class='ocrx_word' id='word_1_544' title='bbox 2327 2426 2563 2481; x_wconf 86' lang='lat' dir='ltr'>Berosus</span> <span class='ocrx_word' id='word_1_545' title='bbox 2584 2443 2723 2481; x_wconf 78' lang='lat' dir='ltr'>vero</span> <span class='ocrx_word' id='word_1_546' title='bbox 2748 2424 3045 2481; x_wconf 85' lang='lat' dir='ltr'>Chaldaica</span> <span class='ocrx_word' id='word_1_547' title='bbox 3088 2445 3186 2481; x_wconf 85' lang='lat' dir='ltr'>sua</span> <span class='ocrx_word' id='word_1_548' title='bbox 3215 2431 3338 2482; x_wconf 87' lang='lat' dir='ltr'>An-</span> 
     </span>
     <span class='ocr_line' id='line_1_76' title="bbox 1785 2510 3337 2585; baseline 0 -18"><span class='ocrx_word' id='word_1_549' title='bbox 1785 2512 1977 2567; x_wconf 84' lang='lat' dir='ltr'>tiocho</span> <span class='ocrx_word' id='word_1_550' title='bbox 2006 2512 2265 2567; x_wconf 88' lang='lat' dir='ltr'>dedicare</span> <span class='ocrx_word' id='word_1_551' title='bbox 2292 2530 2412 2566; x_wconf 91' lang='lat' dir='ltr'>non</span> <span class='ocrx_word' id='word_1_552' title='bbox 2426 2512 2615 2585; x_wconf 87' lang='lat' dir='ltr'>potuit</span> <span class='ocrx_word' id='word_1_553' title='bbox 2650 2522 2778 2566; x_wconf 90' lang='lat' dir='ltr'>ante</span> <span class='ocrx_word' id='word_1_554' title='bbox 2811 2529 2866 2569; x_wconf 84' lang='lat' dir='ltr'>a.</span> <span class='ocrx_word' id='word_1_555' title='bbox 2898 2510 3004 2566; x_wconf 83' lang='lat'>281</span> <span class='ocrx_word' id='word_1_556' title='bbox 3030 2529 3082 2568; x_wconf 83' lang='lat' dir='ltr'>a.</span> <span class='ocrx_word' id='word_1_557' title='bbox 3108 2513 3170 2568; x_wconf 91' lang='lat' dir='ltr'>C.</span> <span class='ocrx_word' id='word_1_558' title='bbox 3201 2513 3337 2568; x_wconf 90' lang='lat' dir='ltr'>Pto-</span> 
     </span>
     <span class='ocr_line' id='line_1_77' title="bbox 1784 2598 3335 2672; baseline 0.003 -21"><span class='ocrx_word' id='word_1_559' title='bbox 1784 2599 2007 2654; x_wconf 82' lang='lat' dir='ltr'>lemaens</span> <span class='ocrx_word' id='word_1_560' title='bbox 2038 2598 2435 2671; x_wconf 88' lang='lat' dir='ltr'>Philadelphus</span> <span class='ocrx_word' id='word_1_561' title='bbox 2451 2608 2636 2652; x_wconf 86' lang='lat' dir='ltr'>autem</span> <span class='ocrx_word' id='word_1_562' title='bbox 2660 2615 2897 2671; x_wconf 87' lang='lat' dir='ltr'>regnum</span> <span class='ocrx_word' id='word_1_563' title='bbox 2919 2599 3158 2672; x_wconf 83' lang='lat' dir='ltr'>suscepit</span> <span class='ocrx_word' id='word_1_564' title='bbox 3184 2617 3335 2655; x_wconf 89' lang='lat' dir='ltr'>anno</span> 
     </span>
     <span class='ocr_line' id='line_1_78' title="bbox 1785 2683 3332 2758; baseline 0.001 -20"><span class='ocrx_word' id='word_1_565' title='bbox 1785 2683 1897 2739; x_wconf 78' lang='lat'>285</span> <span class='ocrx_word' id='word_1_566' title='bbox 1918 2703 1972 2741; x_wconf 89' lang='lat' dir='ltr'>a.</span> <span class='ocrx_word' id='word_1_567' title='bbox 2020 2686 2081 2743; x_wconf 85' lang='lat' dir='ltr'>C.</span> <span class='ocrx_word' id='word_1_568' title='bbox 2112 2687 2372 2743; x_wconf 89' lang='lat' dir='ltr'>Ceterum</span> <span class='ocrx_word' id='word_1_569' title='bbox 2401 2684 2533 2739; x_wconf 91' lang='lat' dir='ltr'>huic</span> <span class='ocrx_word' id='word_1_570' title='bbox 2557 2684 2800 2758; x_wconf 79' lang='lat' dir='ltr'>Syncelli</span> <span class='ocrx_word' id='word_1_571' title='bbox 2831 2686 3155 2740; x_wconf 86' lang='lat' dir='ltr'>testimonio</span> <span class='ocrx_word' id='word_1_572' title='bbox 3176 2685 3332 2739; x_wconf 88' lang='lat' dir='ltr'>haud</span> 
     </span>
     <span class='ocr_line' id='line_1_79' title="bbox 1782 2772 3335 2844; baseline 0.001 -19"><span class='ocrx_word' id='word_1_573' title='bbox 1782 2773 2024 2828; x_wconf 87' lang='lat' dir='ltr'>multum</span> <span class='ocrx_word' id='word_1_574' title='bbox 2052 2773 2376 2840; x_wconf 82' lang='lat' dir='ltr'>tribuerim3</span> <span class='ocrx_word' id='word_1_575' title='bbox 2405 2789 2591 2844; x_wconf 86' lang='lat' dir='ltr'>neque</span> <span class='ocrx_word' id='word_1_576' title='bbox 2613 2772 2762 2826; x_wconf 88' lang='lat' dir='ltr'>enim</span> <span class='ocrx_word' id='word_1_577' title='bbox 2782 2773 3165 2844; x_wconf 83' lang='lat' dir='ltr'>antiquiorum</span> <span class='ocrx_word' id='word_1_578' title='bbox 3192 2772 3335 2826; x_wconf 86' lang='lat' dir='ltr'>scri-</span> 
     </span>
     <span class='ocr_line' id='line_1_80' title="bbox 1782 2856 3335 2933; baseline 0.001 -22"><span class='ocrx_word' id='word_1_579' title='bbox 1782 2868 2016 2933; x_wconf 65' lang='lat' dir='ltr'>ptorum</span> <span class='ocrx_word' id='word_1_580' title='bbox 2028 2856 2140 2914; x_wconf 85' lang='lat' dir='ltr'>fide</span> <span class='ocrx_word' id='word_1_581' title='bbox 2161 2859 2271 2914; x_wconf 90' lang='lat' dir='ltr'>hoc</span> <span class='ocrx_word' id='word_1_582' title='bbox 2299 2874 2629 2925; x_wconf 79' lang='lat' dir='ltr'>asseverare,</span> <span class='ocrx_word' id='word_1_583' title='bbox 2647 2856 2745 2911; x_wconf 89' lang='lat' dir='ltr'>sed</span> <span class='ocrx_word' id='word_1_584' title='bbox 2773 2858 2892 2929; x_wconf 90' lang='lat' dir='ltr'>ipse</span> <span class='ocrx_word' id='word_1_585' title='bbox 2916 2874 2984 2912; x_wconf 86' lang='lat' dir='ltr'>ex</span> <span class='ocrx_word' id='word_1_586' title='bbox 3011 2856 3335 2928; x_wconf 80' lang='lat' dir='ltr'>conjectura</span> 
     </span>
     <span class='ocr_line' id='line_1_81' title="bbox 1779 2942 3337 3017; baseline -0.001 -18"><span class='ocrx_word' id='word_1_587' title='bbox 1779 2948 2025 3017; x_wconf 88' lang='lat' dir='ltr'>posuisse</span> <span class='ocrx_word' id='word_1_588' title='bbox 2090 2943 2228 3000; x_wconf 88' lang='lat' dir='ltr'>mihi</span> <span class='ocrx_word' id='word_1_589' title='bbox 2273 2944 2513 3013; x_wconf 78' lang='lat' dir='ltr'>videtur,</span> <span class='ocrx_word' id='word_1_590' title='bbox 2559 2961 2736 3016; x_wconf 87' lang='lat' dir='ltr'>quum</span> <span class='ocrx_word' id='word_1_591' title='bbox 2782 2942 3067 2998; x_wconf 88' lang='lat' dir='ltr'>Panodori</span> <span class='ocrx_word' id='word_1_592' title='bbox 3113 2944 3337 3017; x_wconf 87' lang='lat' dir='ltr'>ineptiis</span> 
     </span>
     <span class='ocr_line' id='line_1_82' title="bbox 1786 3028 3337 3105; baseline -0.003 -18"><span class='ocrx_word' id='word_1_593' title='bbox 1786 3028 1913 3087; x_wconf 83' lang='lat' dir='ltr'>fisus</span> <span class='ocrx_word' id='word_1_594' title='bbox 1933 3048 2257 3105; x_wconf 85' lang='lat' dir='ltr'>persuasum</span> <span class='ocrx_word' id='word_1_595' title='bbox 2271 3030 2535 3100; x_wconf 82' lang='lat' dir='ltr'>haberet,</span> <span class='ocrx_word' id='word_1_596' title='bbox 2567 3030 2962 3086; x_wconf 84' lang='lat' dir='ltr'>Manethonem</span> <span class='ocrx_word' id='word_1_597' title='bbox 2986 3032 3045 3084; x_wconf 91' lang='lat' dir='ltr'>in</span> <span class='ocrx_word' id='word_1_598' title='bbox 3076 3030 3337 3085; x_wconf 82' lang='lat' dir='ltr'>chrono-</span> 
     </span>
     <span class='ocr_line' id='line_1_83' title="bbox 1785 3114 3338 3190; baseline 0.001 -23"><span class='ocrx_word' id='word_1_599' title='bbox 1785 3114 1981 3190; x_wconf 86' lang='lat' dir='ltr'>logicis</span> <span class='ocrx_word' id='word_1_600' title='bbox 2000 3117 2108 3171; x_wconf 85' lang='lat' dir='ltr'>suis</span> <span class='ocrx_word' id='word_1_601' title='bbox 2131 3116 2202 3170; x_wconf 88' lang='lat' dir='ltr'>ab</span> <span class='ocrx_word' id='word_1_602' title='bbox 2222 3115 2424 3170; x_wconf 88' lang='lat' dir='ltr'>eodem</span> <span class='ocrx_word' id='word_1_603' title='bbox 2448 3118 2618 3188; x_wconf 87' lang='lat' dir='ltr'>atque</span> <span class='ocrx_word' id='word_1_604' title='bbox 2640 3117 2910 3171; x_wconf 88' lang='lat' dir='ltr'>Berosum</span> <span class='ocrx_word' id='word_1_605' title='bbox 2938 3116 2997 3171; x_wconf 89' lang='lat' dir='ltr'>in</span> <span class='ocrx_word' id='word_1_606' title='bbox 3025 3114 3338 3170; x_wconf 89' lang='lat' dir='ltr'>Chaldaicis</span> 
     </span>
     <span class='ocr_line' id='line_1_84' title="bbox 1781 3201 3339 3277; baseline -0.001 -21"><span class='ocrx_word' id='word_1_607' title='bbox 1781 3221 1931 3258; x_wconf 87' lang='lat' dir='ltr'>anno</span> <span class='ocrx_word' id='word_1_608' title='bbox 1950 3202 2272 3277; x_wconf 78' lang='lat' dir='ltr'>profectum</span> <span class='ocrx_word' id='word_1_609' title='bbox 2289 3219 2423 3269; x_wconf 86' lang='lat' dir='ltr'>esse,</span> <span class='ocrx_word' id='word_1_610' title='bbox 2444 3202 2598 3256; x_wconf 91' lang='lat' dir='ltr'>unde</span> <span class='ocrx_word' id='word_1_611' title='bbox 2621 3202 2860 3256; x_wconf 88' lang='lat' dir='ltr'>alterum</span> <span class='ocrx_word' id='word_1_612' title='bbox 2887 3201 3079 3274; x_wconf 84' lang='lat' dir='ltr'>paullo</span> <span class='ocrx_word' id='word_1_613' title='bbox 3107 3213 3235 3273; x_wconf 90' lang='lat' dir='ltr'>post</span> <span class='ocrx_word' id='word_1_614' title='bbox 3256 3201 3339 3256; x_wconf 85' lang='lat' dir='ltr'>al·</span> 
     </span>
     <span class='ocr_line' id='line_1_85' title="bbox 1780 3285 3334 3363; baseline 0 -18"><span class='ocrx_word' id='word_1_615' title='bbox 1780 3300 1964 3345; x_wconf 86' lang='lat' dir='ltr'>terum</span> <span class='ocrx_word' id='word_1_616' title='bbox 1987 3289 2262 3363; x_wconf 85' lang='lat' dir='ltr'>scripsisse</span> <span class='ocrx_word' id='word_1_617' title='bbox 2281 3288 2568 3361; x_wconf 83' lang='lat' dir='ltr'>collegerit</span> <span class='ocrx_word' id='word_1_618' title='bbox 2600 3285 2757 3361; x_wconf 81' lang='lat' dir='ltr'>(vide</span> <span class='ocrx_word' id='word_1_619' title='bbox 2782 3298 2907 3344; x_wconf 90' lang='lat' dir='ltr'>not.</span> <span class='ocrx_word' id='word_1_620' title='bbox 2934 3286 3007 3341; x_wconf 85' lang='lat' dir='ltr'>ad</span> <span class='ocrx_word' id='word_1_621' title='bbox 3025 3287 3221 3360; x_wconf 85' lang='lat' dir='ltr'>fragm.</span> <span class='ocrx_word' id='word_1_622' title='bbox 3252 3286 3334 3361; x_wconf 81' lang='lat'>3).</span> 
     </span>
    </p>

    <p class='ocr_par' dir='ltr' id='par_1_13' title="bbox 1778 3373 3338 3883">
     <span class='ocr_line' id='line_1_86' title="bbox 1859 3373 3337 3432; baseline -0.002 0"><span class='ocrx_word' id='word_1_623' title='bbox 1859 3376 2212 3432; x_wconf 89' lang='lat' dir='ltr'>Tenuissimis</span> <span class='ocrx_word' id='word_1_624' title='bbox 2235 3376 2323 3429; x_wconf 88' lang='lat' dir='ltr'>his</span> <span class='ocrx_word' id='word_1_625' title='bbox 2341 3373 2560 3429; x_wconf 83' lang='lat' dir='ltr'>indiciis</span> <span class='ocrx_word' id='word_1_626' title='bbox 2576 3376 2620 3429; x_wconf 89' lang='lat' dir='ltr'>si</span> <span class='ocrx_word' id='word_1_627' title='bbox 2643 3373 2934 3430; x_wconf 85' lang='lat' dir='ltr'>addideris</span> <span class='ocrx_word' id='word_1_628' title='bbox 2957 3376 3337 3429; x_wconf 88' lang='lat' dir='ltr'>testimoninm</span> 
     </span>
     <span class='ocr_line' id='line_1_87' title="bbox 1778 3457 3337 3539; baseline -0.001 -23"><span class='ocrx_word' id='word_1_629' title='bbox 1778 3463 2004 3536; x_wconf 87' lang='lat' dir='ltr'>Josephi</span> <span class='ocrx_word' id='word_1_630' title='bbox 2034 3460 2124 3539; x_wconf 89' lang='lat' dir='ltr'>(C.</span> <span class='ocrx_word' id='word_1_631' title='bbox 2145 3464 2255 3536; x_wconf 77' lang='lat' dir='ltr'>Ap.</span> <span class='ocrx_word' id='word_1_632' title='bbox 2287 3460 2316 3518; x_wconf 91' lang='lat' dir='ltr'>l</span> <span class='ocrx_word' id='word_1_633' title='bbox 2336 3501 2352 3531; x_wconf 91' lang='lat'>,</span> <span class='ocrx_word' id='word_1_634' title='bbox 2392 3459 2634 3534; x_wconf 79' lang='lat' dir='ltr'>14),qui</span> <span class='ocrx_word' id='word_1_635' title='bbox 2659 3458 3054 3516; x_wconf 82' lang='lat' dir='ltr'>Manethonem</span> <span class='ocrx_word' id='word_1_636' title='bbox 3087 3457 3337 3528; x_wconf 83' lang='grc' dir='ltr'>Ἑλληνι-</span> 
     </span>
     <span class='ocr_line' id='line_1_88' title="bbox 1785 3545 3338 3622; baseline -0.001 -17"><span class='ocrx_word' id='word_1_637' title='bbox 1785 3550 1879 3618; x_wconf 75' lang='grc' dir='ltr'>κῆς</span> <span class='ocrx_word' id='word_1_638' title='bbox 1905 3545 2141 3612; x_wconf 79' lang='grc' dir='ltr'>παιδείας</span> <span class='ocrx_word' id='word_1_639' title='bbox 2184 3550 2516 3622; x_wconf 87' lang='lat' dir='ltr'>participem</span> <span class='ocrx_word' id='word_1_640' title='bbox 2550 3548 2714 3603; x_wconf 81' lang='lat' dir='ltr'>fuisse</span> <span class='ocrx_word' id='word_1_641' title='bbox 2762 3547 2930 3616; x_wconf 85' lang='lat' dir='ltr'>dicit,</span> <span class='ocrx_word' id='word_1_642' title='bbox 2970 3558 3138 3621; x_wconf 85' lang='lat' dir='ltr'>atque</span> <span class='ocrx_word' id='word_1_643' title='bbox 3161 3548 3338 3604; x_wconf 84' lang='lat' dir='ltr'>AElia-</span> 
     </span>
     <span class='ocr_line' id='line_1_89' title="bbox 1778 3630 3338 3713; baseline -0.001 -22"><span class='ocrx_word' id='word_1_644' title='bbox 1778 3655 1915 3691; x_wconf 90' lang='lat' dir='ltr'>num</span> <span class='ocrx_word' id='word_1_645' title='bbox 1940 3634 2042 3713; x_wconf 80' lang='lat' dir='ltr'>(N.</span> <span class='ocrx_word' id='word_1_646' title='bbox 2065 3640 2176 3692; x_wconf 83' lang='lat' dir='ltr'>An.</span> <span class='ocrx_word' id='word_1_647' title='bbox 2204 3636 2279 3707; x_wconf 84' lang='lat' dir='ltr'>X,</span> <span class='ocrx_word' id='word_1_648' title='bbox 2306 3636 2393 3690; x_wconf 88' lang='lat'>16.</span> <span class='ocrx_word' id='word_1_649' title='bbox 2445 3636 2514 3690; x_wconf 88' lang='lat' dir='ltr'>fr.</span> <span class='ocrx_word' id='word_1_650' title='bbox 2549 3630 2679 3708; x_wconf 83' lang='lat'>79),</span> <span class='ocrx_word' id='word_1_651' title='bbox 2710 3635 2809 3707; x_wconf 89' lang='lat' dir='ltr'>qui</span> <span class='ocrx_word' id='word_1_652' title='bbox 2832 3634 3073 3690; x_wconf 87' lang='lat' dir='ltr'>eundem</span> <span class='ocrx_word' id='word_1_653' title='bbox 3092 3636 3338 3709; x_wconf 82' lang='lat' dir='ltr'>appellat</span> 
     </span>
     <span class='ocr_line' id='line_1_90' title="bbox 1782 3717 3328 3799; baseline -0.001 -22"><span class='ocrx_word' id='word_1_654' title='bbox 1782 3720 1964 3799; x_wconf 80' lang='grc' dir='ltr'>σοφίας</span> <span class='ocrx_word' id='word_1_655' title='bbox 2007 3721 2078 3786; x_wconf 71' lang='lat' dir='ltr'>si&lt;</span> <span class='ocrx_word' id='word_1_656' title='bbox 2108 3719 2265 3798; x_wconf 81' lang='grc' dir='ltr'>ἄκρον</span> <span class='ocrx_word' id='word_1_657' title='bbox 2295 3718 2587 3790; x_wconf 79' lang='grc' dir='ltr'>ἔληλακότα</span> <span class='ocrx_word' id='word_1_658' title='bbox 2624 3717 2815 3797; x_wconf 84' lang='grc' dir='ltr'><strong>ἄνδρα,</strong></span> <span class='ocrx_word' id='word_1_659' title='bbox 2854 3719 3089 3776; x_wconf 86' lang='lat' dir='ltr'>habebis</span> <span class='ocrx_word' id='word_1_660' title='bbox 3140 3723 3328 3777; x_wconf 83' lang='lat' dir='ltr'>omnia</span> 
     </span>
     <span class='ocr_line' id='line_1_91' title="bbox 1782 3808 3088 3883; baseline 0.002 -20"><span class='ocrx_word' id='word_1_661' title='bbox 1782 3828 1904 3883; x_wconf 84' lang='lat' dir='ltr'>quae</span> <span class='ocrx_word' id='word_1_662' title='bbox 1927 3809 1999 3866; x_wconf 90' lang='lat' dir='ltr'>de</span> <span class='ocrx_word' id='word_1_663' title='bbox 2023 3811 2135 3864; x_wconf 82' lang='lat' dir='ltr'>vita</span> <span class='ocrx_word' id='word_1_664' title='bbox 2154 3810 2502 3864; x_wconf 83' lang='lat' dir='ltr'>Manethonis</span> <span class='ocrx_word' id='word_1_665' title='bbox 2529 3808 2732 3863; x_wconf 87' lang='lat' dir='ltr'>tradita</span> <span class='ocrx_word' id='word_1_666' title='bbox 2754 3809 3088 3880; x_wconf 86' lang='lat' dir='ltr'>accepimus.</span> 
     </span>
    </p>

    <p class='ocr_par' dir='ltr' id='par_1_14' title="bbox 1781 3891 3328 4141">
     <span class='ocr_line' id='line_1_92' title="bbox 1861 3891 3327 3968; baseline -0.003 -17"><span class='ocrx_word' id='word_1_667' title='bbox 1861 3896 2080 3968; x_wconf 89' lang='lat' dir='ltr'>Scripta</span> <span class='ocrx_word' id='word_1_668' title='bbox 2116 3895 2467 3950; x_wconf 86' lang='lat' dir='ltr'>Manethonis</span> <span class='ocrx_word' id='word_1_669' title='bbox 2496 3894 2698 3967; x_wconf 88' lang='lat' dir='ltr'>partim</span> <span class='ocrx_word' id='word_1_670' title='bbox 2726 3891 2798 3947; x_wconf 91' lang='lat' dir='ltr'>ad</span> <span class='ocrx_word' id='word_1_671' title='bbox 2817 3893 3106 3949; x_wconf 87' lang='lat' dir='ltr'>historiam</span> <span class='ocrx_word' id='word_1_672' title='bbox 3144 3893 3327 3965; x_wconf 86' lang='lat' dir='ltr'>perti-</span> 
     </span>
     <span class='ocr_line' id='line_1_93' title="bbox 1781 3979 3328 4054; baseline -0.003 -18"><span class='ocrx_word' id='word_1_673' title='bbox 1781 3993 1946 4050; x_wconf 89' lang='lat' dir='ltr'>nent,</span> <span class='ocrx_word' id='word_1_674' title='bbox 1992 3982 2196 4053; x_wconf 85' lang='lat' dir='ltr'>partim</span> <span class='ocrx_word' id='word_1_675' title='bbox 2224 3980 2295 4036; x_wconf 88' lang='lat' dir='ltr'>ad</span> <span class='ocrx_word' id='word_1_676' title='bbox 2335 3981 2746 4054; x_wconf 88' lang='lat' dir='ltr'>philosophiam</span> <span class='ocrx_word' id='word_1_677' title='bbox 2794 3989 2849 4034; x_wconf 91' lang='lat' dir='ltr'>et</span> <span class='ocrx_word' id='word_1_678' title='bbox 2885 3979 3226 4053; x_wconf 80' lang='lat' dir='ltr'>theologiam</span> <span class='ocrx_word' id='word_1_679' title='bbox 3271 3989 3328 4033; x_wconf 86' lang='lat' dir='ltr'>et</span> 
     </span>
     <span class='ocr_line' id='line_1_94' title="bbox 1783 4064 3008 4141; baseline -0.003 -19"><span class='ocrx_word' id='word_1_680' title='bbox 1783 4068 2141 4141; x_wconf 85' lang='lat' dir='ltr'>antiquitates</span> <span class='ocrx_word' id='word_1_681' title='bbox 2161 4085 2362 4126; x_wconf 87' lang='lat' dir='ltr'>sacras.</span> <span class='ocrx_word' id='word_1_682' title='bbox 2387 4067 2562 4129; x_wconf 86' lang='lat' dir='ltr'>Tituli</span> <span class='ocrx_word' id='word_1_683' title='bbox 2585 4065 2887 4120; x_wconf 83' lang='lat' dir='ltr'>laudantur</span> <span class='ocrx_word' id='word_1_684' title='bbox 2913 4064 3008 4119; x_wconf 85' lang='lat' dir='ltr'>hi:</span> 
     </span>
    </p>

    <p class='ocr_par' dir='ltr' id='par_1_15' title="bbox 1782 4149 3332 4400">
     <span class='ocr_line' id='line_1_95' title="bbox 1863 4149 3324 4227; baseline 0 -19"><span class='ocrx_word' id='word_1_685' title='bbox 1863 4170 1904 4210; x_wconf 84' lang='lat'>1.</span> <span class='ocrx_word' id='word_1_686' title='bbox 1933 4150 2266 4225; x_wconf 75' lang='grc' dir='ltr'>Αἰγυπτιακά</span> <span class='ocrx_word' id='word_1_687' title='bbox 2282 4150 2300 4225; x_wconf 90' lang='lat'>(</span> <span class='ocrx_word' id='word_1_688' title='bbox 2317 4156 2649 4227; x_wconf 69' lang='lat' dir='ltr'>AE&#39;grptiaca</span> <span class='ocrx_word' id='word_1_689' title='bbox 2667 4161 3018 4206; x_wconf 80' lang='lat' dir='ltr'>monumenta</span> <span class='ocrx_word' id='word_1_690' title='bbox 3037 4149 3324 4208; x_wconf 84' lang='lat' dir='ltr'>Eusebius.</span> 
     </span>
     <span class='ocr_line' id='line_1_96' title="bbox 1782 4235 3332 4313; baseline -0.001 -19"><span class='ocrx_word' id='word_1_691' title='bbox 1782 4240 2034 4294; x_wconf 83' lang='lat' dir='ltr'>Fortasse</span> <span class='ocrx_word' id='word_1_692' title='bbox 2061 4235 2449 4313; x_wconf 75' lang='grc' dir='ltr'>Ὑπομνήματα</span> <span class='ocrx_word' id='word_1_693' title='bbox 2477 4239 2600 4313; x_wconf 78' lang='grc' dir='ltr'><strong>Αἰγ.</strong></span> <span class='ocrx_word' id='word_1_694' title='bbox 2620 4239 2884 4312; x_wconf 88' lang='lat' dir='ltr'>inscripta</span> <span class='ocrx_word' id='word_1_695' title='bbox 2904 4237 3068 4293; x_wconf 82' lang='lat' dir='ltr'>fuisse</span> <span class='ocrx_word' id='word_1_696' title='bbox 3104 4236 3332 4311; x_wconf 85' lang='lat' dir='ltr'>conjicit</span> 
     </span>
     <span class='ocr_line' id='line_1_97' title="bbox 1789 4324 2432 4400; baseline -0.002 -20"><span class='ocrx_word' id='word_1_697' title='bbox 1789 4324 2115 4400; x_wconf 81' lang='lat' dir='ltr'>Boeckhius)</span> <span class='ocrx_word' id='word_1_698' title='bbox 2145 4324 2302 4379; x_wconf 87' lang='lat' dir='ltr'>libris</span> <span class='ocrx_word' id='word_1_699' title='bbox 2325 4327 2432 4380; x_wconf 92' lang='lat'>111.</span> 
     </span>
    </p>
   </div>
   <div class='ocr_carea' id='block_1_10' title="bbox 1860 4450 2831 4965">
    <p class='ocr_par' dir='ltr' id='par_1_16' title="bbox 1861 4450 2381 4518">
     <span class='ocr_line' id='line_1_98' title="bbox 1861 4450 2381 4518; baseline -0.002 -8"><span class='ocrx_word' id='word_1_700' title='bbox 1861 4471 1906 4512; x_wconf 79' lang='lat' dir='ltr'>s.</span> <span class='ocrx_word' id='word_1_701' title='bbox 1948 4450 2138 4518; x_wconf 78' lang='grc' dir='ltr'>Βῖὅλος</span> <span class='ocrx_word' id='word_1_702' title='bbox 2162 4450 2381 4517; x_wconf 75' lang='grc' dir='ltr'>Σώθεος.</span> 
     </span>
    </p>

    <p class='ocr_par' dir='ltr' id='par_1_17' title="bbox 1860 4536 2323 4617">
     <span class='ocr_line' id='line_1_99' title="bbox 1860 4536 2323 4617; baseline -0.004 -19"><span class='ocrx_word' id='word_1_703' title='bbox 1860 4558 1909 4598; x_wconf 74' lang='lat' dir='ltr'>a.</span> <span class='ocrx_word' id='word_1_704' title='bbox 1952 4536 2094 4617; x_wconf 75' lang='grc' dir='ltr'>Ἱερὰ</span> <span class='ocrx_word' id='word_1_705' title='bbox 2126 4538 2323 4616; x_wconf 75' lang='grc' dir='ltr'>βίὸλος.</span> 
     </span>
    </p>

    <p class='ocr_par' dir='ltr' id='par_1_18' title="bbox 1860 4624 2466 4702">
     <span class='ocr_line' id='line_1_100' title="bbox 1860 4624 2466 4702; baseline -0.003 -18"><span class='ocrx_word' id='word_1_706' title='bbox 1860 4646 1908 4684; x_wconf 73' lang='grc'><strong>4.</strong></span> <span class='ocrx_word' id='word_1_707' title='bbox 1954 4627 2200 4685; x_wconf 74' lang='grc' dir='ltr'>Φυσικῶν</span> <span class='ocrx_word' id='word_1_708' title='bbox 2224 4624 2466 4702; x_wconf 77' lang='grc' dir='ltr'>ἑπιτομή.</span> 
     </span>
    </p>

    <p class='ocr_par' dir='ltr' id='par_1_19' title="bbox 1861 4711 2323 4791">
     <span class='ocr_line' id='line_1_101' title="bbox 1861 4711 2323 4791; baseline -0.002 -22"><span class='ocrx_word' id='word_1_709' title='bbox 1861 4733 1908 4772; x_wconf 83' lang='lat' dir='ltr'>s.</span> <span class='ocrx_word' id='word_1_710' title='bbox 1958 4711 2088 4790; x_wconf 79' lang='grc' dir='ltr'>Περὶ</span> <span class='ocrx_word' id='word_1_711' title='bbox 2115 4714 2323 4791; x_wconf 75' lang='grc' dir='ltr'>ἑορτῶν.</span> 
     </span>
    </p>

    <p class='ocr_par' dir='ltr' id='par_1_20' title="bbox 1861 4796 2831 4965">
     <span class='ocr_line' id='line_1_102' title="bbox 1861 4796 2831 4878; baseline -0.001 -21"><span class='ocrx_word' id='word_1_712' title='bbox 1861 4818 1904 4857; x_wconf 75' lang='grc' dir='ltr'>ο.</span> <span class='ocrx_word' id='word_1_713' title='bbox 1952 4797 2083 4878; x_wconf 74' lang='grc' dir='ltr'>Περὶ</span> <span class='ocrx_word' id='word_1_714' title='bbox 2112 4800 2411 4877; x_wconf 76' lang='grc' dir='ltr'>ἀρχαϊσμοῦ</span> <span class='ocrx_word' id='word_1_715' title='bbox 2434 4797 2525 4855; x_wconf 78' lang='grc' dir='ltr'>καὶ</span> <span class='ocrx_word' id='word_1_716' title='bbox 2550 4796 2831 4862; x_wconf 70' lang='grc' dir='ltr'><strong>εὔσεὸείας.</strong></span> 
     </span>
     <span class='ocr_line' id='line_1_103' title="bbox 1862 4882 2660 4965; baseline -0.006 -20"><span class='ocrx_word' id='word_1_717' title='bbox 1862 4906 1906 4945; x_wconf 84' lang='grc'><strong>7.</strong></span> <span class='ocrx_word' id='word_1_718' title='bbox 1946 4885 2081 4965; x_wconf 78' lang='grc' dir='ltr'>Περὶ</span> <span class='ocrx_word' id='word_1_719' title='bbox 2105 4887 2427 4955; x_wconf 74' lang='grc' dir='ltr'>κατασκευῆς</span> <span class='ocrx_word' id='word_1_720' title='bbox 2448 4882 2660 4965; x_wconf 69' lang='grc' dir='ltr'>κυφίων.</span> 
     </span>
    </p>
   </div>
   <div class='ocr_carea' id='block_1_11' title="bbox 1867 4970 2582 5052">
    <p class='ocr_par' dir='ltr' id='par_1_21' title="bbox 1867 4970 2582 5052">
     <span class='ocr_line' id='line_1_104' title="bbox 1867 4970 2582 5052; baseline 0 -22"><span class='ocrx_word' id='word_1_721' title='bbox 1867 4973 1950 5050; x_wconf 87' lang='lat' dir='ltr'>[s.</span> <span class='ocrx_word' id='word_1_722' title='bbox 1978 4971 2062 5032; x_wconf 80' lang='grc' dir='ltr'>Τὰ</span> <span class='ocrx_word' id='word_1_723' title='bbox 2090 4971 2217 5052; x_wconf 84' lang='grc' dir='ltr'>πρὸς</span> <span class='ocrx_word' id='word_1_724' title='bbox 2247 4970 2582 5052; x_wconf 80' lang='grc' dir='ltr'>Ἦρόδοτον.]</span> 
     </span>
    </p>
   </div>
   <div class='ocr_carea' id='block_1_12' title="bbox 1789 5092 3330 5274">
    <p class='ocr_par' dir='ltr' id='par_1_22' title="bbox 1789 5092 3330 5274">
     <span class='ocr_line' id='line_1_105' title="bbox 1862 5092 3324 5184; baseline -0.001 -14"><span class='ocrx_word' id='word_1_725' title='bbox 1862 5116 1948 5170; x_wconf 87' lang='lat' dir='ltr'>De</span> <span class='ocrx_word' id='word_1_726' title='bbox 1978 5092 2391 5171; x_wconf 49' lang='lat' dir='ltr'>AEorrnoauu</span> <span class='ocrx_word' id='word_1_727' title='bbox 2421 5116 2695 5170; x_wconf 71' lang='lat' dir='ltr'>His-roan</span> <span class='ocrx_word' id='word_1_728' title='bbox 2728 5110 3002 5184; x_wconf 85' lang='lat' dir='ltr'>Josephus</span> <span class='ocrx_word' id='word_1_729' title='bbox 3022 5111 3081 5166; x_wconf 93' lang='lat' dir='ltr'>C.</span> <span class='ocrx_word' id='word_1_730' title='bbox 3117 5112 3324 5184; x_wconf 82' lang='lat' dir='ltr'>Apion.</span> 
     </span>
     <span class='ocr_line' id='line_1_106' title="bbox 1789 5194 3330 5274; baseline -0.002 -19"><span class='ocrx_word' id='word_1_731' title='bbox 1789 5203 1848 5270; x_wconf 86' lang='lat'>1,</span> <span class='ocrx_word' id='word_1_732' title='bbox 1889 5207 1952 5264; x_wconf 72' lang='lat'>¹4</span> <span class='ocrx_word' id='word_1_733' title='bbox 2009 5218 2022 5256; x_wconf 75' lang='grc' dir='ltr'>ε</span> <span class='ocrx_word' id='word_1_734' title='bbox 2069 5198 2313 5263; x_wconf 76' lang='grc' dir='ltr'>Μανεθὼς</span> <span class='ocrx_word' id='word_1_735' title='bbox 2355 5202 2443 5268; x_wconf 71' lang='grc' dir='ltr'>τῆς</span> <span class='ocrx_word' id='word_1_736' title='bbox 2492 5198 2804 5267; x_wconf 76' lang='grc' dir='ltr'>Ἑλληνικῆς</span> <span class='ocrx_word' id='word_1_737' title='bbox 2841 5194 3175 5274; x_wconf 75' lang='grc' dir='ltr'>μετεσχηκὼς</span> <span class='ocrx_word' id='word_1_738' title='bbox 3203 5217 3330 5252; x_wconf 80' lang='grc' dir='ltr'>παι-</span> 
     </span>
    </p>
   </div>
  </div>
 </body>
</html>
