3900 6042
1496 497 1993 557 FRAGMENTA.

3222 511 3331 560 395

126 636 405 708 ἅνθρωπος
434 629 607 695 ἱκανὸς
634 628 768 687 κατὰ
806 626 997 708 ψυχὴν,
1036 625 1316 705 εὔρωστος,
1357 626 1446 684 καὶ
1482 625 1687 698 τοξότης
1782 629 2058 686 ἐπιείκειαν
2086 629 2176 686 καὶ
2200 627 2393 698 πίστιν,
2420 629 2483 700 ἣν
2508 630 2648 707 αὐτῷ
2673 627 2931 707 παρέσχον
2952 629 3208 701 Ἰουδαῖοι,
3235 629 3329 701 τὴν

127 720 228 776 ὑπὸ
254 720 325 788 δὴ
351 716 568 775 πάντων
603 715 1010 792 ὁμολογούμενος
1048 716 1138 772 καὶ
1164 716 1266 771 τῶν
1307 711 1575 783 Ἑλλήνων
1601 714 1691 772 καὶ

126 810 226 862 τῶν
260 804 556 884 βαρὸάρων
587 803 811 882 ἄριστος.
897 793 1063 866 Οὗτος
1085 791 1172 859 οὗν
1196 805 1226 859 ὁ
1254 800 1548 880 ἄνθρωπος,
1573 803 1690 860 δια-

130 891 455 959 ὃαδιζόντων
485 891 692 948 πολλῶν
722 887 857 946 κατὰ
889 886 984 958 τὴν
1013 888 1151 966 ὁδὸν,
1179 887 1269 945 καὶ
1300 886 1531 964 μάντεώς
1562 911 1693 954 τινος

128 978 530 1056 ὀρνιθευομένου
549 976 640 1035 καὶ
664 976 860 1040 πάντας
881 976 1113 1054 ἐπισχεῖν
1142 975 1423 1048 ἀξιοῦντος,
1453 975 1694 1055 ἠρώτησε

132 1066 216 1124 διὰ
240 1065 293 1124 τί
320 1066 708 1144 προσμένουσι.
794 1062 1065 1130 Δείξαντος
1099 1064 1152 1122 δὲ
1180 1069 1270 1121 τοῦ
1296 1064 1526 1139 μάντεως
1555 1065 1695 1141 αὐτῷ

134 1154 217 1211 τὸν
244 1154 431 1232 ὄρνιθα
459 1153 550 1210 καὶ
583 1151 842 1233 φήσαντος
860 1195 875 1221 ,
902 1148 991 1208 ἐὰν
1019 1150 1112 1226 μὲν
1149 1153 1303 1208 αὖτοῧ
1341 1149 1498 1228 μένῃ,
1531 1172 1693 1229 προσ·

135 1241 304 1298 ιιένειν
329 1238 622 1320 συμφέρειν
639 1248 819 1308 πᾶσιν,
838 1237 926 1295 ἐὰν
948 1236 992 1295 δ’
1012 1236 1238 1302 ἀναστὰς
1259 1240 1329 1302 εἷς
1344 1236 1693 1316 τοῦμπροσθεν

135 1329 385 1398 πέτηται,
435 1327 708 1406 προάγειν,
748 1324 836 1385 ἐὰν
865 1324 919 1382 δὲ
949 1326 1019 1388 εἷς
1059 1322 1360 1394 τοῦπισθεν,
1403 1326 1691 1403 ἀναχωρεῖν

136 1408 305 1490 αὖθις,
329 1414 615 1484 σιωπήσας
647 1412 737 1471 καὶ
773 1411 1105 1492 παρελκύσας
1126 1411 1185 1469 τὸ
1212 1410 1355 1477 τόξον
1385 1409 1542 1467 ἔὸαλε
1559 1453 1575 1482 ,
1607 1408 1696 1467 καὶ

139 1503 220 1560 τὸν
258 1501 441 1582 ὄρνιθα
482 1499 719 1568 πατάξας
749 1496 1065 1560 ἀπέκτεινεν.
1147 1496 1596 1574 Ἀγανακτοῦντων
1643 1494 1695 1553 δὲ

140 1594 225 1646 τοῦ
248 1590 491 1664 μάντεως
521 1586 611 1646 καί
633 1609 784 1644 τινων
812 1584 984 1643 ἄλλων
1013 1586 1103 1644 καὶ
1126 1583 1507 1663 καταρωμένων
1536 1584 1696 1661 αὐτῷ,

140 1675 205 1736 Τί
227 1674 509 1752 μαίνεσθε,
540 1673 666 1754 ἔφη,
702 1669 1236 1748 κακοδαιμονέστατον
1256 1671 1430 1750 ὄρνιθα
1455 1669 1699 1734 λαόόντες

142 1764 208 1827 εἷς
231 1761 323 1828 τὰς
345 1769 570 1841 χεῖρας;
608 1763 717 1825 πῶς
738 1760 839 1838 γὰρ
870 1751 1015 1825 οὗτος
1048 1759 1139 1829 τὴν
1169 1763 1324 1816 αὑτοῦ
1357 1756 1617 1836 σωτηρίαν
1641 1758 1696 1813 οὗ

144 1847 388 1926 προϊδὼν,
417 1847 547 1928 περὶ
574 1852 667 1916 τῆς
702 1846 958 1928 ἡμετέρας
993 1845 1203 1926 πορείας
1234 1850 1359 1920 ἡμῖν
1398 1843 1460 1902 ἄν
1488 1867 1539 1900 τι
1566 1844 1701 1920 ὑγιὲς

144 1935 505 2013 ἀπήγγελλενς
538 1936 583 1993 εἶ
617 1933 718 2013 γὰρ
741 1934 966 2000 ἠδύνατο
993 1931 1364 2012 προγινώσκειν
1406 1931 1466 1988 τὸ
1491 1928 1699 2006 μέλλον,

145 2025 211 2089 εἰς
235 2022 321 2080 τὸν
344 2021 511 2079 τόπον
535 2026 712 2080 τοῦτον
736 2023 829 2079 οὐκ
849 2019 912 2078 ἂν
936 2012 1057 2091 ἦλθε
1074 2066 1090 2092 ,
1112 2018 1426 2097 φοὸούμενος
1445 2016 1519 2093 μὴ
1538 2014 1703 2083 τοξεύ-

149 2134 238 2177 σας
262 2110 423 2167 αὐτὸν
466 2107 749 2186 ἀποκτείνῃ
782 2108 1130 2182 Μοσόλλαμος
1172 2106 1442 2171 Ἰουδαῖος.
1483 2131 1505 2155 ν
1543 2102 1701 2161 Ἀλλὰ

147 2202 243 2255 τῶν
266 2195 361 2273 μὲν
390 2196 685 2256 εΕκιοιταίου
705 2198 1002 2274 μαρτυριῶν
1034 2192 1172 2260 ἅλις·
1201 2194 1305 2259 τοῖς
1328 2191 1427 2270 γὰρ
1455 2190 1705 2268 βουλομέ-

150 2307 243 2350 νοις
277 2284 445 2342 πλείω
493 2288 679 2360 μαθεῖν
722 2285 796 2362 τῷ
840 2279 1027 2361 βιὸλίῳ
1057 2278 1226 2361 ῥᾴδιόν
1266 2281 1401 2336 ἐστιν
1449 2280 1699 2355 ἐντυχεῖν.

152 2375 384 2428 Plurima
407 2375 620 2428 horum
645 2373 919 2445 excerpsit
943 2371 1210 2426 Eusebius
1226 2371 1287 2424 P.
1307 2370 1375 2426 E.
1399 2387 1462 2442 p·
1488 2369 1600 2434 408
1619 2388 1702 2441 sq.

891 2525 979 2585 15.

228 2695 506 2768 losephus
534 2694 600 2750 C.
623 2694 831 2766 Apion.
858 2695 935 2760 11,
970 2697 1002 2757 4
1036 2712 1049 2746 ε
1081 2692 1161 2748 Οὗ
1188 2688 1290 2768 γὰρ
1312 2688 1503 2767 ἀπορίᾳ
1528 2712 1586 2764 γε
1603 2691 1703 2746 τῶν

155 2778 462 2848 οἰκησάντων
486 2776 587 2848 τὴν
608 2776 740 2855 μετὰ
757 2778 983 2847 σπουδῆς
1002 2775 1086 2834 ὑπ’
1112 2778 1270 2834 αὐτοῦ
1296 2775 1446 2833 πόλιν
1469 2774 1706 2851 κτιζομέ·

156 2891 240 2937 νην
275 2864 607 2943 Ἀλέξανδρος
624 2867 724 2922 τῶν
758 2860 1020 2944 ἡμετέρων
1045 2862 1186 2929 τινας
1216 2864 1320 2920 ἐκεῖ
1353 2861 1701 2943 συνήθροισεν·

159 2954 284 3011 ἀλλὰ
309 2952 511 3019 πάντας
543 2950 832 3028 δοκιμάζων
857 2952 1136 3026 ἐπιμελῶς,
1168 2953 1352 3028 ἀρετῆς
1374 2949 1461 3006 καὶ
1487 2949 1708 3016 πίστεως

159 3046 298 3099 τοῦτο
309 3042 411 3106 τοῖς
430 3036 783 3120 ἡμετέροιςτὸ
805 3037 959 3117 γέρας
984 3037 1190 3096 ἔδωκεν.
1215 3037 1408 3109 Ἐτίμα
1431 3037 1532 3115 γὰρ
1557 3043 1705 3114 ἡμῶν

158 3128 459 3200 τὸέθνος,ὼς
486 3127 585 3186 καί
608 3149 760 3207 φησιν
776 3125 1052 3190 Ἑκαταῖος
1073 3125 1192 3205 περὶ
1205 3129 1375 3201 ἡμῶν,
1403 3125 1482 3183 ὅτι
1498 3125 1583 3184 διὰ
1610 3126 1704 3195 τὴν

160 3296 461 3357 expeditione.
480 3298 562 3346 lta
579 3296 705 3344 enim
728 3298 890 3344 narrat
909 3315 920 3343 :
939 3314 962 3336 α
980 3298 1140 3352 Quum
1156 3294 1480 3356 proficiscerer
1501 3294 1560 3342 ad
1581 3308 1710 3343 mare

164 3375 385 3436 Rubrum,
414 3389 514 3424 una
550 3387 662 3423 cum
682 3374 785 3423 aliis
804 3373 1043 3435 equitibus
1060 3373 1256 3433 sudmis,
1277 3386 1401 3434 quos
1418 3372 1596 3421 itineris
1624 3371 1707 3420 du-

163 3467 233 3502 res
252 3454 572 3512 habebamus,
605 3465 729 3501 unus
748 3464 915 3501 eorum
951 3451 1121 3512 aliquis
1147 3449 1482 3509 comitabatur,
1521 3448 1711 3497 nomine

164 3531 486 3594 Musulamos,
524 3530 601 3577 vir
640 3541 791 3590 quum
828 3528 975 3577 animi
998 3525 1321 3589 magnitudine
1356 3528 1461 3574 tum
1501 3525 1711 3587 corporis

166 3610 322 3659 robore
337 3623 431 3658 uon
458 3608 664 3670 vulgari,
696 3606 917 3668 idemque
940 3604 1207 3668 sagittarius
1223 3603 1439 3652 omnium
1458 3607 1557 3652 tam
1582 3607 1711 3652 Grm-

164 3701 319 3736 corum
341 3701 488 3750 quum
524 3686 838 3736 barbarorum
872 3684 1163 3735 contessione
1198 3681 1522 3744 peritissimus.
1567 3684 1610 3731 is
1631 3681 1709 3743 igi-

165 3766 238 3811 tur
262 3764 427 3826 bomo,
471 3775 631 3825 quum
666 3764 887 3812 universa
920 3758 1179 3810 multitudo
1211 3760 1302 3808 iter
1347 3758 1465 3808 illud
1488 3762 1707 3820 agerent,

167 3845 213 3889 et
232 3846 355 3892 vates
394 3842 653 3905 augurium
677 3845 873 3905 captans
901 3843 1083 3904 peteret
1112 3843 1168 3889 ut
1204 3840 1366 3889 cuncti
1390 3853 1605 3903 gressum
1632 3839 1703 3887 in-

168 3918 396 3980 hiberent,
436 3920 749 3982 interrogavit
793 3932 882 3980 cur
927 3918 1255 3968 subsisterent.
1330 3921 1493 3975 Quum
1543 3919 1705 3966 autem

170 4009 309 4060 augur
343 4001 385 4047 ei
413 4013 558 4048 avem
593 3998 898 4058 ostendisset,
921 3997 1160 4059 simulque
1190 3997 1418 4058 dixisset,
1442 3998 1481 4046 si
1516 3996 1709 4058 quidem

172 4071 229 4119 ibi
252 4074 470 4125 resideret
494 4076 625 4137 avis,
654 4075 878 4124 omnibus
903 4077 956 4123 ut
980 4087 1037 4123 eo
1070 4073 1117 4122 in
1153 4073 1259 4122 loco
1281 4077 1529 4123 manerent
1567 4087 1712 4135 expe-

170 4147 289 4207 dire;
319 4150 390 4199 sin
430 4152 651 4212 protinus
674 4149 878 4200 volando
909 4149 1242 4211 contenderet,
1277 4163 1420 4212 porro
1463 4152 1712 4212 pergerent

173 4226 250 4286 ipsi
285 4241 499 4290 quoque;
536 4230 609 4279 sin
645 4228 853 4291 denique
891 4232 1052 4291 retro,
1079 4233 1206 4280 retro
1228 4229 1445 4278 similiter
1478 4229 1564 4290 ipsi
1588 4229 1713 4277 redi—

174 4308 291 4353 rent:
303 4308 499 4358 sudu-us
512 4308 629 4357 nibil
644 4312 828 4368 contus,
848 4307 931 4357 sed
945 4309 1127 4357 intento
1140 4321 1255 4357 arcu
1276 4308 1533 4369 iaculatur,
1548 4320 1713 4357 avem·

175 4395 260 4441 que
275 4384 506 4433 confixam
523 4385 737 4446 peremit.
768 4387 857 4434 Hic
877 4399 1052 4447 augure
1081 4386 1280 4448 aliisque
1300 4385 1539 4434 nonnullis
1555 4389 1712 4445 gravi-

174 4462 241 4506 ter
259 4461 618 4524 indignantibus,
637 4464 820 4526 ipsique
855 4463 982 4513 diras
1014 4464 1412 4525 imprecantibus,
1452 4463 1607 4523 Quid,
1640 4463 1712 4511 in·

176 4535 299 4596 quit,
326 4551 477 4600 usque
518 4539 640 4589 adeo
667 4540 841 4600 furitis,
869 4541 1261 4590 infaustissimam
1290 4552 1429 4589 avem
1453 4540 1501 4588 in
1541 4553 1714 4587 manus

177 4616 429 4664 satuentes?
448 4616 690 4676 quomodo
709 4617 798 4666 ista
810 4653 824 4676 ,
844 4630 955 4678 quoe
978 4617 1091 4665 vitre
1109 4616 1213 4678 ipsa
1230 4629 1330 4664 suae
1348 4616 1598 4676 providere
1618 4628 1713 4662 non

179 4693 337 4752 potuit,
352 4695 452 4742 sani
469 4695 727 4757 quicquam
744 4696 805 4744 de
822 4683 1061 4757 ²suscepto
1081 4708 1110 4743 a
1128 4694 1266 4744 nobis
1284 4694 1451 4742 itinere
1487 4706 1712 4754 praenun-

181 4768 297 4818 ciare
316 4772 492 4820 valuit?
511 4773 765 4823 Enimvero
782 4775 822 4823 si
843 4787 1076 4835 proenosse
1096 4774 1312 4823 futurum
1328 4771 1580 4835 potuisset,
1601 4785 1716 4820 nun·

180 4857 314 4905 φησι
339 4849 467 4899 bunc
496 4851 547 4899 in
568 4852 729 4901 locum
766 4851 996 4912 venisset,
1022 4864 1120 4911 prae
1136 4853 1266 4900 metu
1282 4864 1341 4898 ne
1357 4849 1620 4899 Mosollami
1633 4852 1662 4898 J
1666 4864 1717 4898 u-

182 4919 452 4986 daeissgittis
463 4927 651 4977 confixa
686 4929 971 4977 moreretur.
990 4948 1012 4968 υ
1039 4930 1218 4976 Verum
1242 4927 1621 4975 testimoniorum
1655 4941 1714 4975 ex

186 4999 392 5048 Hecataeo
404 5004 517 5052 satis
546 5022 559 5053 ε
595 5017 706 5053 nam
720 5005 895 5065 quibus
913 5004 962 5052 in
980 5005 1142 5052 animo
1164 5007 1237 5053 est
1258 5004 1397 5065 plura
1417 5016 1715 5065 cognosoere,

188 5072 312 5123 tacite
332 5080 401 5126 est
426 5079 599 5129 librum
619 5081 773 5143 ipsum
797 5080 943 5129 adire.

245 5240 401 5302 Neque
426 5243 685 5296 Alexander
721 5248 913 5310 propter
953 5247 1158 5309 inopiam
1189 5245 1512 5295 habitatorum
1547 5246 1715 5295 civita·

1787 717 2109 794 Σαμαρεῖτιν
2130 711 2306 792 χώραν
2334 713 2651 793 προσέθηκεν
2681 716 2819 794 ἔχειν
2862 720 3033 785 αὐτοῖς
3075 718 3331 798 ἀφορολό-

1786 824 1961 878 γητον.

2518 935 2610 994 16.

1863 1075 2138 1145 Josephus
2164 1078 2292 1130 Ant.
2324 1074 2455 1129 Jud.
2489 1075 2605 1129 ΧΠ
2625 1114 2641 1142 ,
2673 1092 2730 1142 2,
2765 1073 2818 1128 3.
2852 1075 3167 1129 Demetrius
3191 1076 3338 1130 Pha-

1784 1162 1966 1215 lereus
1988 1161 2046 1212 in
2078 1160 2311 1232 epistola
2331 1160 2404 1215 ad
2427 1161 2782 1215 Ptolemaeum
2811 1158 3236 1231 Philadelphum
3266 1160 3339 1215 de

1785 1245 2110 1304 Judaeomm
2132 1246 2288 1300 libris
2312 1245 2693 1302 describendis
2717 1264 2731 1303 :
2759 1243 2871 1314 Τὴν
2899 1244 3201 1318 νομοθεσίαν
3234 1245 3334 1320 (sc.

1784 1334 1888 1388 τῶν
1911 1329 2212 1408 Ἰουδαίων)
2240 1330 2653 1410 φιλοσοφωτέραν
2680 1330 2769 1388 καὶ
2799 1330 3037 1409 ἀκέραιον
3060 1320 3189 1387 εἶναι
3217 1353 3341 1404 συμ·
3393 1377 3398 1382 .

1789 1417 2036 1488 ὅέὸηκεν,
2077 1420 2146 1482 ὥς
2190 1416 2251 1475 ἂν
2297 1407 2456 1475 οῧσαν
2490 1423 2622 1476 θεοῦ.
2707 1418 2801 1477 Διὸ
2831 1418 2920 1474 καὶ
2960 1418 3076 1484 τοὺς
3120 1416 3339 1485 ποιητὰς

1788 1503 1877 1561 καὶ
1904 1513 2212 1585 συγγραφεῖς
2238 1508 2340 1561 τῶν
2382 1507 2620 1583 ἱστοριῶν
2649 1507 2744 1563 οὐκ
2774 1503 3154 1579 ἐπιμνησθῆναί
3184 1525 3337 1581 φησιν

1789 1591 2066 1658 Ἑκαταῖος
2093 1596 2120 1648 ὁ
2143 1590 2444 1672 Ἀὅδηρίτης
2459 1636 2477 1668 ,
2500 1591 2612 1650 οὐδὲ
2643 1596 2744 1648 τῶν
2767 1591 2883 1649 κατ’
2907 1590 3069 1660 αὐτὴν
3097 1594 3335 1647 πολιτευ-

1791 1677 2029 1753 σαμένων
2067 1679 2285 1758 ἀνδρῶν,
2314 1682 2383 1744 ὡς
2414 1679 2573 1756 ἁγνῆς
2600 1678 2780 1750 οὔσης,
2817 1678 2903 1734 καὶ
2934 1677 3006 1751 μὴ
3036 1677 3148 1734 δέον
3179 1675 3340 1744 αὐτὴν

1794 1763 2030 1842 βεὸήλοις
2075 1763 2298 1839 στόμασι
2335 1765 2712 1844 διασαφεῖσθαι.
2797 1768 2930 1820 Haec
2971 1765 3245 1837 Josephus
3275 1782 3342 1818 ex

1793 1856 2008 1908 Aristea
2038 1855 2095 1907 in
2124 1855 2366 1909 Historia
2400 1855 2620 1909 LXXII
2648 1855 3018 1926 interpretum
3037 1894 3052 1918 ‚
3088 1852 3186 1905 ubi
3212 1853 3287 1905 ita
3322 1867 3338 1905 z

1797 1937 1890 1997 Διὸ
1914 1937 2092 2014 πόρρω
2127 1938 2394 2014 γεγόνασιν
2417 1936 2471 1995 οἵ
2488 1961 2543 1996 τε
2568 1944 2875 2015 συγγραφεῖς
2899 1938 2987 1993 καὶ
3015 1934 3228 2004 ποιηταὶ
3251 1933 3342 1991 καὶ

1792 2024 1851 2082 τὸ
1880 2027 1983 2082 τῶν
2006 2027 2278 2098 ἱστορικῶν
2300 2027 2492 2095 πλῆθος
2518 2029 2606 2095 τῆς
2629 2024 2950 2100 ἐπιμνήσεως
2972 2026 3075 2081 τῶν
3104 2043 3346 2102 προειρη-

1794 2111 1960 2186 μένων
2012 2110 2227 2189 βιὸλίων
2274 2111 2362 2170 καὶ
2410 2115 2511 2169 τῶν
2559 2111 2672 2169 κατ’
2719 2109 2852 2169 αὐτὰ
2894 2108 3344 2183 πεπολιτευμένων

1795 2200 2013 2277 ἀνδρῶν,
2041 2199 2126 2257 διὰ
2152 2199 2211 2257 τὸ
2235 2198 2395 2276 ἁγνήν
2421 2222 2535 2257 τινα
2554 2198 2645 2256 καὶ
2665 2199 2858 2274 σεμνὴν
2883 2188 3012 2254 εἶναι
3035 2196 3128 2266 τὴν
3151 2200 3201 2254 ἐν
3227 2194 3344 2254 τού·

1794 2307 1895 2351 τοις
1922 2284 2157 2363 θεωρίαν,
2184 2284 2252 2352 ὥς
2294 2309 2448 2366 φησιν
2476 2285 2753 2351 Ἑκαταῖος
2797 2288 2825 2340 ὃ
2854 2283 3180 2364 Ἀὅδηρίτης.
3263 2287 3346 2341 Ex

1794 2375 2039 2449 Josepbo
2066 2395 2161 2431 sua
2191 2377 2359 2430 habet
2375 2375 2642 2430 Eusebius
2669 2377 2732 2431 P.
2759 2376 2825 2429 E.
2853 2393 2912 2447 p.
2943 2372 3049 2428 351
3073 2416 3088 2441 ,
3120 2375 3182 2429 C.

2524 2523 2611 2572 ¹7·

2252 2638 2464 2713 (ΠΕΡΙ
2515 2632 2900 2709 ΑΒΡΑΜΟΥ.)
2955 2643 2966 2646 “

1876 2779 2149 2852 Josephus
2175 2781 2307 2833 Ant.
2339 2777 2471 2834 Jud.
2499 2780 2558 2846 1,
2591 2797 2646 2848 7,
2690 2796 2722 2832 α
2769 2797 2783 2831 2
2819 2773 3147 2848 Μνημονεύει
3177 2770 3230 2830 δὲ
3258 2777 3348 2831 τοῦ

1796 2863 1988 2944 πατρὸς
2033 2867 2181 2938 ἡμῶν
2220 2861 2480 2941 Ἀὅράμου
2538 2862 2883 2941 Βηρωσσὸς...
2970 2861 3251 2926 Ἑκαταῖος
3295 2860 3349 2918 δὲ

1801 2951 2010 3009 καὶτοῦ
2040 2954 2330 3027 μνησθῆναι
2373 2948 2531 3008 πλέον
2558 2973 2609 3007 τι
2653 2949 2968 3018 πεποίηκεν·
3006 2947 3204 3025 βιὸλίον
3246 2944 3349 3026 γὰρ

1799 3040 1914 3117 περὶ
1944 3041 2102 3096 αὐτοῦ
2145 3037 2519 3114 συνταξάμενος
2551 3036 2820 3095 κατέλιπε.
2851 3040 3150 3111 Exscripsit
3173 3039 3352 3091 Ense«
3445 3049 3450 3056 “

1798 3129 1923 3183 bius
1944 3130 2006 3184 P.
2039 3130 2101 3182 E.
2125 3146 2184 3201 p.
2217 3134 2352 3197 4¹7-

1800 3294 1861 3342 tis
1902 3291 2226 3353 Alexandrus,
2273 3272 2418 3353 quam
2466 3290 2680 3340 studiose
2729 3289 2998 3339 aecliticabet
3017 3324 3032 3347 ,
3079 3291 3348 3338 nostrorum

1800 3369 1983 3431 aliquot
2004 3369 2103 3419 illic
2128 3368 2456 3430 congrefflviu
2476 3367 2558 3416 sed
2590 3380 2756 3415 omnes
2778 3366 3027 3429 probitatis
3050 3379 3160 3427 ergo
3184 3368 3232 3414 et
3253 3364 3346 3413 fide

1800 3448 1948 3511 probe
1961 3449 2232 3511 perspectos
2245 3449 2293 3496 et
2306 3447 2578 3509 exploratos
2595 3445 2791 3506 babens,
2810 3445 2900 3493 boc
2916 3445 3166 3507 praemium
3181 3444 3355 3492 nostris

1802 3525 1982 3574 tribuit.
2045 3527 2264 3574 Nostram
2305 3523 2434 3582 enim
2474 3524 2663 3582 gentem
2700 3521 2994 3582 honorabat,
3031 3524 3087 3569 ut
3117 3521 3261 3569 etiam
3294 3521 3354 3568 de

1799 3601 1937 3650 nobis
1949 3600 2066 3650 dicit
2081 3603 2348 3659 necataeus,
2367 3599 2497 3661 quod
2517 3601 2709 3661 propter
2723 3598 3008 3661 probitatem
3024 3599 3168 3658 atque
3189 3596 3351 3658 tidem,

1799 3692 1945 3740 quam
1971 3677 2012 3726 ei
2031 3677 2277 3740 proebuere
2298 3676 2479 3737 sudaei,
2514 3677 2755 3738 regionem
2778 3673 3111 3726 samaritidem
3138 3674 3201 3722 ab
3222 3675 3352 3723 omni

1800 3757 1984 3806 tributo
2002 3755 2203 3805 liberam
2220 3755 2282 3804 ab
2305 3755 2365 3805 iis
2386 3754 2536 3804 teneri
2563 3754 2786 3804 voluerit.

2531 3856 2618 3905 16.

1856 3955 1928 4003 lta
1952 3954 2227 4014 comparata
2258 3953 2330 4000 est
2356 3951 2636 4000 Jndaeorum
2675 3949 2902 4010 legislatio
2922 3984 2935 4008 ,
2980 3950 3035 3997 ut
3066 3947 3245 3996 altioris
3267 3962 3354 3997 cu·

1802 4029 1993 4091 jusdam
2016 4028 2262 4091 sapientire
2291 4029 2343 4077 et
2363 4027 2563 4076 sincerae
2593 4026 2877 4087 integritatis
2903 4024 3042 4086 plena
3069 4024 3157 4083 sit,
3187 4027 3353 4085 utpote

1803 4107 1939 4156 adeo
1975 4108 2201 4168 protecta.
2268 4109 2431 4162 Quare
2453 4116 2544 4152 nec
2575 4107 2728 4164 poetoe
2759 4115 2846 4151 nec
2873 4102 2957 4163 qui
2988 4100 3208 4149 historias
3233 4113 3353 4151 con-

1800 4184 2055 4247 scripsere,
2077 4187 2180 4245 ejus
2192 4183 2528 4242 muniuerunt,
2545 4179 2953 4243 quemadmodum
2976 4180 3229 4227 Hecataeus
3256 4178 3354 4227 Ab·

1802 4264 1954 4313 der-its
1975 4266 2195 4324 testatur,
2212 4262 2429 4323 adeoque
2451 4274 2540 4309 nec
2558 4260 2807 4309 bominum
2828 4259 3020 4306 iliorum
3035 4293 3051 4318 ‚
3071 4256 3234 4318 quiex
3254 4256 3356 4318 ejus

1803 4341 2056 4402 praeceptis
2075 4341 2224 4388 vitam
2251 4339 2591 4398 instituerunt,
2615 4336 2744 4399 quod
2767 4338 2932 4386 sancta
2950 4337 3071 4384 esset
3089 4336 3139 4382 et
3154 4335 3355 4396 profano

1808 4430 1891 4465 ore
1910 4416 2083 4478 exponi
2100 4428 2196 4464 non
2214 4417 2471 4477 oporteret.

1865 4494 1988 4543 Hinc
2013 4507 2161 4556 quum
2184 4493 2261 4541 alii
2280 4493 2532 4554 scriptores
2550 4494 2598 4540 et
2620 4493 2774 4553 poetoe
2790 4528 2804 4552 ,
2832 4492 2936 4538 tum
2960 4488 3172 4538 historici
3190 4501 3357 4538 omnes

1803 4572 2133 4621 abstinuerunt
2156 4583 2185 4619 a
2217 4571 2458 4620 mentione
2483 4574 2532 4619 et
2556 4569 2787 4619 librorum
2811 4570 3012 4618 istorum
3045 4571 3094 4616 et
3116 4567 3355 4627 virorum,

1803 4651 1884 4713 qui
1904 4650 2165 4700 secundum
2186 4652 2308 4712 leges
2340 4651 2425 4699 bns
2454 4649 2785 4699 administrant
2805 4647 3149 4710 rempublicam
3174 4666 3184 4695 :
3205 4646 3320 4707 quia
3337 4681 3352 4704 ,

1805 4733 1862 4778 ut
1910 4732 2162 4778 Hecataeus
2199 4729 2424 4779 Abderita
2458 4730 2650 4788 asserit,
2698 4727 2840 4790 plane
2877 4729 3091 4776 sanctam
3126 4727 3174 4774 et
3217 4737 3356 4773 vene·

1806 4806 2003 4855 randum
2047 4806 2323 4857 contineant
2361 4807 2410 4856 in
2459 4819 2511 4856 se
2560 4804 2844 4856 sententiam
2895 4805 2944 4853 et
2992 4801 3356 4863 contemplatio-

1806 4899 1933 4935 nem.

2537 4993 2619 5041 17.

1870 5093 2071 5142 Berosus
2092 5091 2280 5140 Abrsmi
2297 5091 2504 5153 parentis
2529 5089 2674 5138 nostri
2695 5087 2925 5138 meminit.
2953 5087 3207 5135 Hecataeus
3238 5097 3352 5132 vero

1807 5169 1909 5231 ejus
1950 5182 2046 5217 non
2072 5169 2224 5217 obiter
2268 5171 2456 5218 tantum
2482 5167 2722 5227 meminit,
2751 5165 2834 5215 sed
2870 5165 3044 5214 librum
3083 5162 3144 5211 de
3164 5175 3223 5211 eo
3246 5175 3353 5211 con·

1807 5246 2034 5309 scripturn
2059 5246 2262 5309 reliquit.
2430 5250 2436 5256 “
