3900 6042
1497 484 2002 547 FRAGMENTA.

253 631 423 704 Igitur
450 644 556 699 pro
577 622 907 679 Tuthmosil
930 620 1193 675 Manetho
1212 621 1401 694 posuit
1424 624 1704 684 Amessen,

182 720 216 770 i.
247 735 295 771 e.
323 711 573 769 Aahmen
597 708 941 781 Amenophis
959 709 984 762 1
1005 724 1261 762 sororem
1281 747 1297 774 ,
1337 725 1461 779 quae
1479 724 1717 780 regnum

180 803 394 877 gerebat
427 816 533 873 pro
591 795 881 850 Tuthmosi
927 795 1150 849 marite.
1200 824 1279 834 -—
1310 794 1576 866 Sequitur
1618 810 1712 864 ap.

180 887 555 943 Manethonem
582 881 849 955 Mephra·
866 882 906 934 i.
929 898 980 937 e.
996 880 1290 934 Hui-tu—tu
1305 881 1418 934 sive
1433 879 1720 936 Menke-ra

184 973 462 1048 (Mephra,
494 967 754 1042 Misplzra
770 967 812 1042 ),
841 985 965 1040 quae
981 968 1238 1041 regnavit
1261 985 1370 1039 pro
1393 966 1565 1022 fratre
1599 982 1721 1019 ma-

178 1063 322 1136 jore,
361 1058 649 1114 Tuthmosi
673 1057 752 1113 11.
794 1054 1016 1110 Deinde
1049 1052 1244 1109 eadem
1272 1072 1383 1127 pro
1414 1052 1584 1108 fratre
1610 1052 1721 1106 mi-

180 1166 309 1204 nore
325 1188 341 1215 ,
365 1145 653 1202 Tuthmosi
679 1143 793 1212 111,
817 1142 1089 1216 regnavit.
1118 1143 1245 1196 Hoc
1272 1141 1537 1201 Manetho
1572 1139 1721 1194 indi-

180 1236 317 1291 cavit
340 1233 641 1306 conjuncto
651 1230 861 1288 sororis
878 1237 936 1284 et
957 1227 1142 1283 fratris
1150 1228 1379 1282 nomine
1405 1246 1420 1280 ε
1443 1224 1718 1299 Mephra-

180 1322 429 1378 muthosis
466 1321 582 1375 sive
636 1315 1224 1391 Misphragmuthosis,
1278 1316 1318 1368 i.
1376 1332 1430 1370 e.
1477 1311 1723 1368 Makem

181 1407 472 1483 (Mephra,
499 1402 798 1478 stlisphra)
823 1414 880 1458 et
907 1400 1210 1457 Tuthmosis
1236 1403 1363 1457 III.

253 1498 527 1552 Hactenus
540 1493 612 1549 de
633 1490 974 1547 nominibus.
999 1488 1321 1545 Videndum
1339 1487 1457 1559 jam
1479 1483 1551 1541 de
1565 1486 1723 1540 annis

182 1599 488 1657 regnorum.
521 1578 813 1652 Siquidem
844 1593 1111 1631 numeros
1131 1575 1596 1630 Manethonianos
1615 1590 1722 1625 no·

180 1688 297 1725 vem
336 1670 557 1742 priores
599 1666 1022 1738 componuntur
1068 1680 1199 1716 cum
1245 1660 1474 1734 regibus
1518 1675 1721 1713 novem

181 1766 692 1821 monumentorum,
714 1751 1014 1807 laterculus
1037 1749 1186 1804 foret
1202 1748 1297 1802 hic
1331 1766 1345 1800 :

1203 1875 1460 1927 (Eunoen.)
1523 1908 1545 1919 .,

259 2017 303 2053 1.
341 2000 515 2053 Amos
522 2032 863 2054 ......
909 2008 1000 2046 an.
1089 1986 1163 2044 25
1248 1984 1388 2064 (25)

253 2103 309 2142 2.
351 2083 699 2156 Amenophis
758 2082 807 2135 I.
857 2122 872 2137 .
924 2119 939 2134 .
989 2121 1003 2136 .
1097 2074 1162 2129 13
1249 2074 1389 2150 (13)

254 2170 308 2230 3.
351 2170 715 2229 Tuthmosisl
725 2205 1000 2225 .....
1087 2180 1154 2218 21
1244 2161 1386 2237 (21)
1458 2162 1463 2169 ’

254 2264 307 2322 4.
351 2257 760 2313 Tuthmosisll.
797 2294 813 2310 .
861 2295 877 2311 .
922 2292 940 2310 .
987 2292 1001 2309 .
1087 2268 1159 2305 22
1246 2246 1381 2324 (22)

255 2342 304 2402 5.
347 2345 663 2400 Tuthmosis
688 2343 795 2397 111.
856 2385 868 2396 .
928 2379 942 2393 .
990 2378 1004 2392 .
1094 2337 1161 2392 13
1248 2334 1718 2412 (Rq—26:¹39)

253 2430 307 2487 6.
353 2429 698 2503 Amenopliis
724 2429 805 2487 11.
854 2468 867 2481 .
917 2468 930 2482 .
960 2467 1005 2495 ‚.
1092 2424 1168 2479 26
1251 2423 1273 2498 (
1313 2423 1392 2500 9)

255 2537 307 2590 7.
345 2516 663 2573 Tuthmosis
719 2516 811 2570 lv.
858 2556 873 2571 .
921 2554 936 2571 .
984 2555 1000 2571 .
1125 2530 1162 2586 9
1245 2509 1382 2590 (31)

252 2603 308 2663 8.
348 2603 695 2677 Amenophis
716 2602 802 2657 111
808 2640 1009 2658 .....
1096 2597 1164 2654 31
1251 2597 1387 2675 (37)

252 2710 307 2766 9.
350 2692 537 2748 florus
544 2729 1007 2747 ........
1094 2688 1165 2757 37
1253 2686 1374 2760 (32)

1200 2792 1380 2869 (229)

256 2935 326 2986 At
347 2930 421 2984 ita
448 2945 542 2983 res
567 2945 624 2983 se
654 2926 863 2981 habere
889 2943 1008 2981 non
1032 2936 1241 2999 potest.
1271 2930 1413 2983 Nam
1436 2926 1496 2979 in
1520 2942 1730 2979 monu-

182 3018 371 3073 mentis
388 3024 742 3071 memoratur
761 3014 1079 3069 Tuthmosis
1096 3015 1182 3069 111
1214 3033 1389 3069 annus
1404 3013 1642 3080 XXXV,
1674 3023 1731 3068 et

181 3105 524 3179 Amenophis
548 3105 633 3159 111
655 3121 833 3161 annus
848 3102 1120 3158 XXXVI.
1144 3103 1450 3158 Bunsenius
1470 3102 1641 3175 igitur
1659 3119 1729 3155 ne

181 3191 400 3264 rejicere
425 3191 600 3266 plane
620 3190 971 3246 Manethonis
992 3208 1257 3245 numeros
1284 3198 1597 3263 cogeretur,
1622 3189 1731 3243 tale

183 3279 316 3351 quid
341 3279 706 3352 excogitavit.
761 3279 957 3332 Annos
1004 3275 1072 3331 13
1123 3288 1181 3333 et
1228 3296 1404 3333 annos
1444 3275 1547 3345 26,
1591 3293 1734 3349 quos

182 3366 436 3422 Manetho
476 3366 677 3420 tribuit
701 3365 992 3420 Tuthmosi
1014 3366 1107 3420 111·
1126 3375 1184 3421 et
1204 3366 1521 3438 Amenophi
1546 3366 1602 3419 11
1622 3405 1638 3432 ,
1660 3364 1733 3419 ad

182 3471 350 3508 unum
382 3453 721 3509 Tuthmosin
745 3453 833 3508 111
873 3453 1156 3525 pertinere
1196 3454 1413 3522 statuit,
1445 3462 1614 3524 atque
1658 3453 1736 3507 ita

184 3538 404 3610 quidem
436 3549 510 3594 ut
534 3540 666 3594 anni
706 3538 772 3593 13
817 3539 928 3594 sint
965 3539 1041 3608 ii,
1085 3539 1290 3612 quibus
1312 3539 1546 3612 Mephra
1573 3555 1737 3592 soror

184 3644 284 3698 pro
311 3625 489 3682 fratre
538 3628 821 3701 regnarit,
866 3627 999 3681 anni
1038 3626 1113 3680 26
1142 3635 1359 3694 autem,
1392 3625 1598 3698 quibus
1619 3627 1737 3697 ipse

184 3714 497 3769 Tutlunosis
512 3714 662 3769 solus
687 3732 924 3787 regnum
951 3712 1438 3769 administraverit.
1466 3714 1591 3769 Hoc
1635 3713 1735 3767 ad·

3240 501 3356 553 585

1804 617 1967 691 gibus
1982 626 2138 672 sexto
2158 657 2173 685 ,
2199 618 2437 690 septimo
2456 628 2515 673 et
2534 629 2753 674 octavu.
2779 621 2940 675 Horo
2968 619 3175 676 deinde
3190 663 3206 691 ,
3238 624 3361 697 regi

1804 722 1998 772 nono,
2054 720 2230 759 annos
2282 703 2353 759 32
2402 705 2640 779 assignat
2669 747 2687 776 ,
2727 724 2873 778 quos
2924 706 3219 764 Africanus
3263 709 3363 765 dat
3477 742 3488 752 ·

1806 792 2042 846 Acherri
2068 792 2189 864 regi
2218 790 2460 846 decimo.
2489 791 2801 848 Arbitraria
2821 793 3050 866 quidem
3069 795 3186 850 haec
3209 807 3359 865 sunt,

1807 876 1906 932 sed
1938 876 2044 932 nisi
2065 877 2226 932 fateri
2253 878 2388 932 velis
2415 878 2716 934 certiorem
2750 880 3173 954 chronologiam
3210 883 3365 937 resti·

1809 965 1892 1019 tui
1939 966 2172 1019 omnino
2213 982 2332 1019 non
2378 983 2541 1038 posse
2559 1007 2577 1039 ,
2631 965 2704 1020 ad
2765 965 3038 1037 ejusmodi
3076 969 3360 1024 machina·

1807 1062 1997 1107 menta
2022 1064 2315 1108 recurrere
2334 1062 2594 1108 coactum
2621 1063 2674 1107 te
2701 1053 2940 1111 videbis.

1889 1140 2155 1196 Ceterum
2174 1158 2333 1214 reges
2353 1159 2561 1196 novem
2587 1160 2730 1213 quos
2754 1139 2930 1195 modo
2957 1144 3332 1198 recensuimus
3347 1185 3364 1213 ,

1810 1227 2024 1299 quique
2055 1245 2124 1281 ex
2156 1226 2471 1282 rationibus
2495 1227 2671 1283 modo
2695 1229 2872 1283 allatis
2900 1246 3007 1301 per
3034 1247 3210 1284 annos
3252 1248 3366 1302 229

1810 1324 2140 1387 regnarunt,
2156 1312 2310 1386 apud
2329 1314 2664 1369 Bunsenium
2692 1316 3038 1370 constituunt
3057 1315 3367 1389 dynastiam

1809 1401 2022 1456 XVIII.
2064 1399 2176 1472 Qui
2225 1412 2537 1473 sequuntur
2589 1401 2741 1474 apud
2769 1404 3168 1458 Manethonem
3213 1422 3371 1478 reges

1811 1486 2076 1558 dynastiae
2095 1487 2288 1542 XVIII
2308 1527 2326 1560 ,
2355 1488 2397 1540 ii
2419 1505 2611 1542 omnes
2637 1490 2920 1561 pertinent
2949 1489 3025 1544 ad
3060 1490 3368 1563 dynastiam

1814 1574 1982 1630 XIX.
2003 1574 2090 1628 De
2109 1574 2196 1628 his
2213 1572 2330 1644 jam
2358 1573 2668 1630 videndum
2695 1586 2792 1632 est.

1892 1661 2026 1715 Post
2047 1661 2255 1715 Horum
2282 1670 2643 1717 monumenta
2663 1674 2952 1718 recensent
2980 1680 3137 1736 reges
3166 1681 3264 1719 sex
3291 1679 3307 1720 ε

1899 1792 1949 1828 1.
1993 1774 2257 1828 Ramessu
2276 1773 2324 1832 1.

1895 1878 1952 1915 2.
1997 1861 2111 1915 Seti
2135 1862 2183 1915 I.

1892 1945 1949 2006 3.
1990 1948 2256 2002 Ramessu
2284 1948 2342 2002 11
2366 1943 2551 2022 (cujus
2572 1965 2750 2002 annus
2770 1949 2956 2004 LXII
2973 1951 3364 2025 memoratur).

1894 2039 1954 2098 4.
1998 2033 2400 2106 Menephthah.

1895 2119 1955 2179 5.
1996 2121 2110 2176 Seti
2155 2123 2235 2176 11.

1894 2208 1954 2264 6.
1997 2209 2227 2264 Merira.

1894 2323 2213 2377 Postremus
2234 2338 2432 2377 eorum
2450 2361 2466 2389 ,
2510 2322 2751 2391 Merit-a,
2775 2324 3056 2379 Bunsenio
3081 2334 3163 2379 est
3197 2323 3378 2379 ΤΙιιιο-

1814 2413 1889 2462 re‘s
1900 2409 2394 2477 Manethonis,rex
2414 2408 2642 2463 ultimus
2668 2408 2929 2482 dynastiae
2956 2411 3116 2468 XIX.
3151 2411 3381 2467 Thuoris

1815 2496 2020 2551 rectius
2040 2494 2316 2550 scribetur
2341 2493 2574 2549 Phuore‘s
2590 2495 2680 2551 vel
2700 2495 2925 2551 Phuom
2945 2497 2986 2554 i.
3013 2514 3078 2555 ·e.
3114 2497 3144 2552 ὁ
3169 2496 3376 2561 Νεῖλος.

1818 2582 1949 2653 Ejus
1986 2582 2234 2636 nominis
2265 2599 2455 2656 regem
2480 2581 2724 2636 vidimus
2744 2584 2804 2636 in
2818 2584 3197 2640 Eratosthenis
3218 2586 3382 2641 later·

1817 2672 1948 2726 culo
1971 2669 2381 2743 penultimum3
2420 2686 2490 2724 ex
2519 2669 2843 2724 Dicaearcho
2873 2686 3012 2725 vero
3054 2673 3381 2746 collegimus

1816 2758 1920 2812 sub
1950 2757 2081 2812 Nilo
2109 2756 2214 2811 isto
2260 2756 2377 2811 sive
2420 2756 2653 2810 Phuoro
2680 2773 2815 2829 rege
2859 2755 3088 2829 Trojam
3119 2775 3233 2813 esse
3274 2776 3379 2814 ex-

1817 2854 2152 2919 pugnatam,
2181 2842 2243 2897 id
2271 2842 2430 2916 quod
2458 2842 2531 2897 de
2566 2842 2772 2897 mor-1·
2793 2843 3064 2917 praedicat
3097 2845 3379 2899 Manetho.

1818 2963 1896 2973 —
1910 2932 2172 2987 Ceterum
2190 2948 2366 3003 quum
2383 2930 2537 2984 nulla
2547 2930 2842 2984 nominum
2854 2931 3072 2984 Merit-a
3086 2940 3142 2984 et
3157 2928 3382 2985 Phaon>

1817 3018 2125 3075 similitudo
2152 3017 2253 3086 sit,
2282 3018 2589 3081 Bunsenius
2614 3018 2879 3090 opinatur
2900 3018 3131 3072 Phuoro
3163 3036 3382 3092 cogno-

1818 3125 1949 3162 men
1971 3106 2134 3160 fuisse
2167 3106 2314 3180 regis
2336 3106 2575 3174 Merirae,
2598 3104 2759 3177 quod
2779 3121 2888 3178 pro
2910 3103 3132 3160 familiae
3154 3107 3383 3160 nomine

1816 3183 2084 3250 Manetho
2101 3193 2191 3248 vel
2206 3194 2520 3265 Excerptor
2545 3190 2665 3264 ejus
2684 3193 2986 3265 receperit.
3021 3193 3147 3247 Hoc
3174 3193 3216 3247 si
3240 3210 3384 3247 eon-

1820 3281 2075 3350 cesseris,
2100 3281 2353 3352 sequitur
2372 3298 2482 3352 pro
2502 3297 2600 3334 sex
2635 3278 2865 3352 regibus
2889 3286 3384 3335 monumentorum

1822 3369 1881 3420 in
1919 3366 2375 3421 Manethonianis
2401 3366 2682 3420 laterculis
2718 3367 2996 3421 recenseri
3035 3375 3384 3440 reges‚quat-

1823 3452 2161 3509 tuordecim.
2193 3454 2367 3507 Tanta
2391 3470 2531 3506 vero
2564 3451 2938 3524 discrepantia
2963 3452 3098 3507 inde
3126 3462 3208 3507 est
3228 3452 3383 3506 deri-

1821 3538 2005 3594 vanda
2020 3578 2036 3606 ‚
2062 3538 2219 3611 quod
2242 3539 2406 3612 plura
2440 3556 2641 3613 regum
2662 3540 2896 3594 nomina
2936 3541 3120 3612 posita
3136 3540 3247 3594 sint
3267 3538 3383 3608 his,

1823 3635 1930 3695 ter,
1963 3636 2180 3698 quater,
2213 3626 2528 3698 quinquies,
2560 3624 2859 3681 Videamus
2886 3627 3122 3701 singula.

1904 3714 1950 3767 1.
1999 3714 2159 3766 Horo
2186 3711 2342 3785 apud
2383 3712 2784 3767 Manethonem
2828 3713 3076 3769 succedit
3105 3712 3386 3768 Acenche-

186 3816 368 3871 mlsso,
393 3819 693 3871 numeros,
730 3803 827 3874 qui
861 3819 955 3875 ap.
983 3800 1381 3857 Manethonem
1411 3799 1736 3855 adscribun·
1830 3816 1941 3855 res.
1990 3800 2213 3854 Nomen
2251 3799 2364 3853 hoc
2390 3799 2666 3873 Iosephus
2688 3809 2746 3855 et
2764 3800 3058 3856 Africanus
3085 3810 3190 3871 ter,
3213 3801 3382 3855 Euse-

188 3893 275 3938 tur
307 3889 536 3962 regibus
565 3888 835 3962 septimo,
866 3898 1066 3944 octavo
1093 3899 1151 3944 et
1177 3904 1368 3956 nono,
1406 3886 1608 3942 tribuit
1641 3904 1737 3941 re-

1828 3885 1960 3941 bius
1987 3896 2187 3959 quater
2206 3896 2516 3959 repetunt-t

590 4047 845 4094 Josmus.
1633 4048 1919 4093 Arulenus.
2723 4045 2973 4093 Eussmos.

250 4173 325 4219 10.
359 4167 673 4220 Acencheres.
723 4200 737 4213 .
777 4203 790 4215 .
829 4200 842 4214 .
909 4179 990 4217 an.
1028 4172 1104 4228 12,
1143 4171 1161 4214 1
1352 4165 1557 4217 Acheres
1560 4200 1988 4216 .........
2054 4178 2133 4214 an.
2169 4171 2227 4214 32
2413 4169 2461 4214 9.
2498 4162 2826 4214 Achencheres
2828 4198 3046 4215 .....
3109 4176 3190 4216 an.
3229 4171 3286 4215 12

254 4260 325 4303 12.
362 4252 674 4303 Acencberes.
722 4288 735 4301 .
774 4288 786 4301 .
822 4287 837 4301 .
1030 4257 1102 4311 12,
1135 4257 1165 4301 5
1350 4251 1560 4302 cbebres
1564 4285 1976 4300 .........
2171 4256 2226 4299 12
2387 4254 2460 4300 11.
2495 4249 2797 4300 Chencheres
2824 4283 3041 4300 .....
3230 4254 3290 4301 1⁶

252 4345 326 4389 1³.
361 4339 673 4389 Acencheres.
724 4374 737 4387 .
775 4374 789 4388 .
827 4374 842 4389 .
1034 4343 1107 4399 12,
1141 4345 1170 4388 5
1355 4339 1603 4390 acherres.
1652 4372 1976 4389 .......
2171 4344 2226 4386 12
2386 4344 2458 4388 12.
2494 4336 2726 4388 Acherras
2728 4371 3042 4388 .......
3255 4342 3286 4388 8

2385 4430 2461 4475 18.
2495 4424 2700 4475 eheu-res
2720 4458 3041 4475 .......
3236 4429 3292 4476 15

266 4578 345 4635 11.
374 4578 640 4649 Sequitur
672 4594 685 4630 ε
721 4595 744 4630 ι
761 4595 811 4635 ι.
833 4578 1092 4632 Rathotis
1107 4595 1201 4634 an.
1223 4574 1474 4651 9⁶(Jos.),
1495 4577 1610 4632 sive
1630 4578 1743 4631 Ra·
1830 4586 1964 4629 tuor
1991 4574 2078 4630 vel
2107 4575 2377 4647 quinque.
2423 4576 2478 4629 Is
2501 4592 2674 4646 vero,
2701 4574 2941 4630 docente
2977 4575 3239 4643 historia,
3269 4594 3388 4632 non

164 4663 317 4758 thos
342 4682 436 4721 an.
470 4664 506 4719 6
529 4661 746 4739 (Asta),
773 4664 888 4718 sive
922 4662 1149 4718 Athoris
1179 4681 1270 4719 an.
1303 4682 1342 4737 9
1374 4659 1591 4736 (Eas.).
1620 4664 1741 4718 Hu-

190 4767 276 4819 Jus
294 4768 507 4805 nomen
531 4751 736 4805 iterum
757 4766 875 4804 non
893 4751 1158 4805 occurrit.

269 4835 374 4892 111.
398 4836 620 4892 Deinde
643 4836 879 4910 ponitur
897 4837 1117 4892 Armais
1146 4839 1370 4892 Danaus
1408 4837 1478 4910 (i.
1513 4854 1563 4891 e.
1594 4837 1745 4890 Har*-

1830 4663 1935 4717 fuit
1973 4680 2107 4730 rex,
2158 4661 2258 4716 sed
2301 4663 2531 4717 nomine
2573 4664 2822 4718 Ramesis
2846 4661 3031 4718 fratris
3069 4662 3144 4718 ad
3175 4663 3388 4720 bellum

1828 4749 2070 4823 profecti
2094 4765 2331 4823 regnum
2356 4766 2463 4821 per
2499 4759 2718 4822 tempus
2756 4748 2993 4821 aliquod
3037 4748 3386 4807 administra-

1828 4838 1925 4892 vit.
1955 4836 2133 4909 Igitur
2177 4853 2210 4890 e
2252 4853 2451 4909 regum
2491 4837 2633 4892 serie
2669 4834 2994 4907 ejiciendus.
3044 4838 3168 4909 Ipse
3204 4849 3388 4894 autem

196 4924 330 4989 mai,
369 4922 445 4975 ab
471 4924 625 4983 Horo
646 4918 908 4999 dilectae)
932 4941 1061 4978 cum
1082 4941 1259 4999 regno
1283 4942 1559 4981 annorum
1580 4932 1738 4996 quat-
1830 4923 2114 4977 Ramesses
2138 4922 2373 4995 ponitur
2400 4932 2488 4977 ter
2513 4922 2600 4978 vel
2625 4932 2824 4995 quater
2847 4921 2997 4989 hunc
3027 4923 3086 4977 in
3107 4923 3338 4978 modum
3370 4943 3384 4978 ε
