3900 6042
1315 477 1417 536 DE
1462 475 1699 537 REBUS
1742 476 2099 538 PUBLICIS.

182 614 261 668 Ex
286 610 553 665 editione
580 610 831 683 principe
861 607 1070 681 pendet
1101 608 1402 682 Cragiana,
1439 626 1510 663 ex
1549 609 1653 663 hac
1714 640 1715 643 =

3176 493 3283 543 20¹

1832 627 1880 663 e.
1925 608 2116 664 leex
2143 613 2574 679 Laurentianus,
2605 614 2748 684 plut.
2773 613 2926 667 Lxx
2943 654 2957 681 ‚
2992 614 3096 681 26,
3122 612 3299 685 in-k‘,

105 718 233 754 vero
251 700 587 753 Koeleriaua
600 697 773 753 editio
791 740 806 765 ‚
824 714 934 769 qua
953 713 1068 768 prae
1088 696 1286 751 ceteris
1306 712 1434 750 usus
1447 708 1528 751 est
1543 696 1657 753 Co·
1756 696 2064 753 membran.
2092 715 2211 753 saec.
2241 698 2361 753 XV.
2392 700 2714 754 Heraclides
2731 699 2960 770 junctus
2990 702 3230 756 AEliano.

110 800 282 857 rayus.
310 786 523 856 Neque
546 786 637 838 hic
650 802 832 856 neque
850 784 1112 838 Koelerus
1138 800 1320 854 neque
1339 783 1569 855 Cragius
1584 783 1657 835 li·

1817 781 1878 851 f.
1927 783 2117 837 Codex
2169 785 2212 837 S
2215 785 2515 847 luiscanus,

2589 810 2612 832 a
2665 804 2835 858 quem
2877 789 3195 841 Perizonius
3241 789 3301 842 in

113 874 235 925 bros
248 872 672 943 manuscriptos
685 870 1082 937 adhibuerunt,
1102 869 1207 923 nisi
1228 869 1384 940 quod
1406 869 1669 923 Koelerus
1756 866 1980 924 AEliano
2006 868 2228 925 edendo
2254 881 2557 942 occupatus
2578 881 2867 943 acceperat
2894 890 2926 926 a
2954 871 3108 926 Frid.
3131 875 3303 928 Sluis-

116 959 179 1012 ad
199 960 395 1031 priora
422 957 631 1012 decem
655 958 958 1031 fragmenta
976 957 1299 1011 varietatem
1320 955 1572 1010 lectionis
1595 973 1663 1010 ex

117 1046 328 1099 duobus
345 1043 525 1098 codd.
551 1043 957 1103 Leidensibusa
979 1044 1274 1097 Perizonio
1289 1050 1570 1098 enotatam
1593 1043 1664 1098 ab

121 1132 326 1202 Heynio
373 1141 701 1203 acceperat.
752 1130 1016 1186 Camillus
1054 1132 1323 1184 Peruscus
1370 1130 1520 1184 unde
1568 1148 1665 1184 sua

118 1220 425 1290 sumpserit,
450 1219 576 1290 ipse
603 1236 723 1272 non
748 1216 1029 1273 indicavit.
1060 1219 1256 1289 Itaque
1281 1216 1352 1271 de
1379 1216 1667 1271 codicibus

124 1304 419 1357 Heraclidis
472 1305 620 1357 nihil
664 1304 780 1358 fere
827 1303 1116 1358 constabat
1164 1302 1237 1357 ad
1284 1303 1435 1357 hunc
1487 1318 1665 1374 usque

121 1410 344 1458 annum,
375 1410 496 1463 quo
531 1390 989 1446 Schneidewinus
1024 1390 1201 1444 libros
1230 1391 1663 1462 manuscriptos,

123 1486 388 1547 quotquot
426 1494 635 1532 eorum
664 1479 726 1530 in
751 1477 1226 1537 Bibliothecarum
1265 1476 1542 1548 catalogis
1573 1493 1661 1530 re·

127 1572 425 1631 censentur,
452 1561 827 1617 excutiendos
857 1564 1092 1616 curavit.
1123 1563 1373 1616 Numero
1402 1571 1529 1615 sunt
1565 1580 1666 1615 un-

126 1647 321 1715 decim,
359 1665 509 1719 quos
537 1649 996 1703 Schneidewinus
1022 1648 1040 1721 (
1062 1649 1392 1703 Heraclides
1420 1650 1666 1703 Politia-

127 1750 231 1785 rum
260 1751 382 1805 (μω
399 1716 653 1788 επις-αὖα.
691 1735 1004 1804 Goettingoe.
1046 1734 1147 1799 184
1160 1755 1213 1804 7,
1245 1754 1305 1806 p.
1336 1736 1469 1788 LIX
1488 1732 1662 1806 sqq.)

129 1819 417 1873 accuratius
443 1819 751 1888 describit,
786 1839 888 1874 nos
907 1822 1098 1893 paucis
1128 1821 1395 1875 indicasse
1427 1821 1662 1875 habebi-

129 1923 234 1958 mus
250 1905 390 1962 satis-

200 1995 266 2049 A.
300 1993 488 2048 Codex
513 1994 827 2061 Parisinus,
855 1995 930 2048 ΝΟ
952 1992 1117 2063 1657,
1133 1994 1343 2063 in·fol.,
1364 2012 1486 2050 saec.
1505 1995 1661 2051 XVI.

132 2079 367 2133 Continet
382 2092 597 2152 praeter
618 2082 725 2135 alia
737 2083 939 2153 scripta
954 2082 1257 2136 Historiam
1276 2083 1405 2136 Var.
1436 2080 1664 2149 AEliani,

137 2166 211 2217 cui
239 2165 548 2236 subjicitur:
578 2163 695 2222 Ἐκ
718 2168 836 2221 τῶν
860 2162 932 2223 ‘11
952 2164 1315 2243 ρακλείδων
1338 2168 1476 2239 (sic).
1511 2165 1665 2241 Περὶ

136 2251 462 2308 πολιτειῶν
493 2250 545 2309 Ἀ
566 2250 862 2321 θηναίων
896 2254 1053 2330 (sic).
1080 2256 1409 2327 Fragmenta
1436 2254 1666 2325 politia-

138 2353 247 2391 mm
269 2340 339 2393 ita
360 2340 545 2395 codex
577 2341 840 2407 exhibet,
860 2351 926 2395 ut
956 2360 1088 2414 pars
1111 2343 1220 2395 sint
1251 2343 1380 2398 Var.
1414 2342 1667 2395 Historiae

143 2425 336 2481 AEliani.
373 2429 515 2481 Nam
546 2428 746 2482 titulus
782 2429 957 2483 modo
996 2430 1282 2501 appositus
1308 2429 1444 2482 nihil
1478 2428 1669 2481 dissert

143 2510 201 2563 ab
235 2512 692 2586 inscriptionibus
728 2532 851 2587 quae
887 2516 1118 2588 reliquis
1152 2516 1355 2570 AEliani
1397 2514 1670 2586 capitibus

146 2598 315 2667 passim
348 2599 750 2675 praefig-untur3
784 2599 882 2654 fini
917 2612 1101 2656 autem
1131 2602 1499 2673 subscriptum
1527 2601 1667 2674 legi-

143 2693 259 2739 tur:
286 2682 444 2751 Τέλος
476 2690 572 2755 τῆς
607 2687 856 2743 Αἶλιανοῦ
889 2688 1126 2756 ποικίλης
1154 2684 1401 2765 ἱστορίας.
1432 2688 1670 2759 Singulis

144 2771 323 2840 palitiis
346 2774 489 2833 tituli
526 2793 652 2828 non
684 2777 1117 2847 praemittuntur,
1149 2776 1253 2828 nisi
1279 2773 1438 2846 quod
1472 2774 1668 2845 primae

145 2855 309 2912 titulus
336 2861 393 2913 in
424 2863 597 2915 totius
627 2859 801 2915 libelli
832 2862 1199 2933 inscriptione
1232 2859 1671 2933 comprehendi-

148 2951 241 2997 tur.
272 2946 520 3001 Ceterum
546 2947 731 3002 codex
758 2959 840 3002 est
861 2949 1085 3021 optimae
1114 2959 1260 3002 notae
1296 2946 1388 3021 (⁴⁸).

212 3031 275 3084 B.
302 3031 485 3087 Codex
512 3034 821 3099 Leidensis,
852 3034 911 3086 in
934 3051 1049 3104 quo
1076 3034 1397 3088 Heraclides
1415 3031 1671 3105 jungitur

149 3114 370 3187 AEliano,
421 3119 622 3174 codici
654 3123 703 3173 A
729 3119 1070 3187 simillimus3
1107 3138 1238 3173 raro
1272 3119 1342 3172 ab
1379 3137 1446 3171 eo
1478 3119 1671 3171 leviter

150 3200 333 3258 differt.

218 3286 274 3344 C.
300 3289 479 3344 Codex
508 3294 849 3359 Vaticanus,
885 3292 957 3347 N⁰
981 3290 1122 3365 998,
1157 3293 1334 3357 in-40,
1376 3308 1499 3344 saec.
1541 3290 1665 3344 XV.

156 3371 443 3431 Heraclides
468 3378 682 3450 excipit
721 3375 1018 3436 AElianum.
1044 3379 1214 3434 Liber
1243 3378 1494 3431 omnium
1522 3377 1671 3449 opti·

154 3474 273 3517 mus.
300 3461 555 3529 Ejusdem
581 3464 806 3518 familiae
831 3484 960 3519 cum
987 3467 1042 3518 A
1069 3476 1125 3519 et
1148 3466 1221 3520 B.

219 3563 272 3602 a.
312 3546 493 3602 Codes:
522 3550 823 3615 Parisinus,
863 3553 935 3606 N⁰
974 3550 1141 3623 1693,
1185 3550 1396 3619 ixi-fol„
1428 3550 1666 3605 membr.

156 3644 258 3683 saec.
310 3632 456 3690 XIV.
513 3633 717 3691 AEliani
762 3638 985 3693 Variam
1036 3639 1339 3692 Historiam
1388 3638 1674 3709 excipiunt

159 3712 410 3774 Λουκιανοῦ
423 3720 492 3783 εἰς
505 3719 595 3777 τὸν
620 3717 866 3799 Ὅμηρον
886 3719 1092 3798 δίστιχα
1127 3722 1266 3791 du0‚
1295 3712 1472 3780 ’Ἇθλοι
1500 3723 1673 3799 Ἥρα-

160 3797 307 3866 κλέους
321 3825 532 3874 ‚versus
550 3810 1005 3881 quattuordecim
1019 3850 1035 3878 ,
1060 3827 1123 3864 ac
1144 3810 1407 3883 deinceps
1428 3811 1526 3866 fol.
1554 3810 1628 3865 56
1653 3830 1667 3865 ε

161 3880 243 3941 Ἐκ
264 3892 355 3945 τῶν
387 3887 759 3969 Ἧρακλείδους
784 3894 927 3972 (sic)
952 3893 1070 3972 περὶ
1102 3895 1396 3954 πολιτειῶν.
1425 3898 1674 3969 Scriptus

161 3971 421 4046 eleganter.
444 3982 685 4036 Alterius
694 3981 957 4037 codicum
973 3982 1192 4037 familiae
1210 3982 1370 4038 facile
1388 3985 1669 4056 princeps.

226 4060 271 4113 b.
301 4063 479 4119 Codex
506 4068 809 4134 Parisinus,
834 4071 910 4124 No
932 4068 1101 4143 1694,
1126 4070 1333 4138 in·fol.,
1356 4071 1676 4126 chartaceus

161 4160 260 4201 saec.
277 4149 416 4205 XVI.
445 4154 669 4209 Insunt:
694 4154 898 4211 AEliani
922 4158 1052 4213 Var.
1077 4157 1243 4224 His-t„
1265 4153 1364 4213 Ἐκ
1386 4156 1488 4210 τῶν
1507 4153 1673 4232 Ἡρα·

164 4228 335 4288 κλιίδου
360 4237 473 4314 περὶ
498 4240 794 4309 πολιτειῶν,
827 4239 1024 4298 AEliani
1052 4244 1176 4298 Nat.
1211 4244 1400 4299 Anim.
1437 4242 1550 4317 (Cf.
1580 4246 1671 4298 Ja-

166 4316 279 4377 cobs
302 4325 499 4391 praefat.
534 4328 593 4381 in
621 4329 826 4383 AElian.
852 4331 977 4384 Nat.
1006 4334 1113 4387 An.
1141 4348 1197 4402 p.
1231 4330 1302 4384 83
1326 4329 1367 4403 ).

233 4403 278 4457 b.
309 4407 486 4465 Codex
503 4416 833 4469 Basiliensis
857 4415 952 4491 (F.
977 4418 1083 4483 VI,
1112 4413 1254 4491 29),
1285 4415 1465 4484 in-80,
1509 4417 1675 4471 cbar-

171 4494 342 4559 fflceuS,
359 4508 604 4555 constans
631 4502 848 4574 paginis
867 4520 963 4569 αα,
994 4520 1239 4575 quorum
1264 4503 1331 4557 16
1362 4514 1419 4558 et
1436 4503 1673 4559 dimidia

169 4577 421 4636 continent
451 4586 822 4643 Heraclidem.

236 4662 285 4720 d.
317 4666 489 4723 Codes
524 4674 934 4741 laurentianus,
979 4676 1125 4749 plut.
1166 4677 1302 4745 Lx,
1355 4695 1451 4749 19,
1490 4676 1673 4749 iri-80,

172 4749 443 4895 Ξῃθωῗζία.
459 4777 578 4816 saec.
604 4762 759 4845 XIV,
781 4762 863 4816 uti
880 4761 1096 4819 dicunt.
1116 4760 1434 4817 Heraclides
1449 4764 1675 4819 AEliano

257 4852 303 4906 gi
393 4879 407 4893 .

226 4986 286 5048 (‘)
314 4993 441 5042 Hunc
459 4996 631 5049 libnun
652 5001 777 5049 sicut
808 5003 1018 5064 reliquos
1044 5002 1166 5052 duos
1191 5004 1426 5053 Parisinus
1451 5007 1466 5064 (
1489 5018 1522 5053 a
1541 5007 1590 5053 et
1614 5006 1674 5065 b)

180 5050 262 5109 ῬΘ
281 5069 453 5139 qut-tque
473 5067 683 5118 adhibui.
726 5070 870 5127 Quod
894 5076 1142 5133 propterea
1160 5086 1331 5122 moneo
1344 5108 1358 5129 ,
1379 5086 1440 5121 ne
1458 5073 1563 5135 quis
1590 5074 1679 5122 mi·

180 5123 309 5205 retur,
324 5141 360 5176 s·
374 5145 417 5181 m
436 5137 573 5185 varim
592 5138 808 5188 lectionis
824 5143 1069 5191 notatione
1090 5142 1341 5206 aliquoties
1357 5143 1679 5205 discrepamus

178 5187 231 5235 sb
244 5193 427 5250 editione
444 5205 799 5257 Schneidewini.

1752 953 1956 1021 kenio‚
1998 956 2162 1009 curiae
2210 955 2525 1009 Hollandiae
2573 955 2842 1029 praeside,
2891 958 3297 1029 antiquiorem,

1753 1052 1817 1094 ut
1831 1042 1926 1109 ait,
1943 1042 2201 1096 Leidensi
2229 1043 2343 1098 illo.
2367 1042 2736 1097 Collationem
2769 1062 2837 1096 10
2862 1063 3020 1116 capp.
3046 1046 3302 1117 priorum

1752 1128 1959 1199 sumpsi
1990 1145 2021 1180 e
2049 1126 2266 1181 schedis
2295 1129 2590 1182 Perizonii.
2625 1153 2647 1176 υ
2681 1129 3023 1186 Schneidew.

1830 1232 1886 1284 g.
1928 1212 2115 1267 Codex
2138 1204 2547 1279 Ambrosianus,
2587 1215 2646 1268 C.
2678 1221 2706 1278 l.
2729 1256 2744 1283 ,
2774 1215 2960 1281 ἑτι-80,
2989 1216 3298 1269 membran.

1753 1317 1878 1355 saec.
1916 1301 2040 1367 XV,
2075 1310 2140 1354 ut
2181 1300 2421 1354 videtur.
2473 1302 2734 1355 Continet
2776 1302 2980 1358 AEliani
3028 1304 3157 1357 Var.
3207 1300 3301 1371 H„

1754 1387 1986 1439 Luciani
2014 1385 2246 1439 disticha
2272 1388 2329 1439 in
2351 1388 2680 1453 Homerum,
2711 1407 2899 1442 versus
2919 1389 2989 1443 de
3019 1389 3306 1447 laboribus

1756 1471 2042 1537 HerculiS,
2082 1474 2471 1542 Heraclidem,
2499 1476 2854 1529 Aristotelem
2899 1472 3028 1551 Περὶ
3063 1473 3305 1552 παραδό-

1756 1552 1855 1619 ξων
1894 1555 2257 1630 ἀκουσμάτων,
2287 1559 2412 1613 alia.

1827 1662 1889 1715 p.
1918 1645 2111 1698 Codes
2133 1646 2454 1714 Vaticanus,
2473 1647 2548 1701 N⁰
2576 1636 2743 1716 1375,
2771 1649 2940 1715 in·4⁰,
2963 1648 3303 1721 chartaceus»,

1754 1748 1879 1786 sace.
1909 1732 2014 1786 XV
2042 1734 2296 1786 exeuntis
2324 1734 2410 1786 vel
2441 1752 2561 1790 saee.
2603 1734 2733 1788 XVI
2744 1775 2757 1790 .
2792 1736 2940 1788 Inest
2969 1734 3220 1791 AElianus
3250 1748 3305 1790 et

1758 1816 2097 1872 Heraclides.
2125 1842 2147 1865 α
2168 1817 2361 1872 Codex
2375 1820 2510 1872 mihi
2530 1820 2692 1873 valde
2707 1821 3109 1887 memorabilis,
3128 1840 3305 1892 quum

1755 1902 2046 1957 Camillum
2078 1906 2377 1959 Pemscum
2411 1924 2479 1960 ex
2517 1907 2628 1960 hoc
2667 1909 2785 1979 ipso
2815 1907 3117 1960 editionem
3149 1924 3304 1963 suam

1757 1994 2180 2065 exprimendam
2214 1995 2486 2050 curavisse
2511 1998 2822 2049 certissimis
2849 1996 3069 2050 indiciis
3092 1999 3305 2052 evinca-

1759 2090 1870 2136 tur.
1901 2080 2049 2151 Quid
2081 2081 2237 2152 quod
2262 2100 2431 2136 manu
2455 2084 2625 2155 ipsius
2649 2084 2869 2138 Perusci
2898 2084 3135 2155 scriptus
3162 2084 3304 2137 liber

1755 2167 2001 2233 videtur,
2048 2168 2326 2239 siquidem
2359 2178 2492 2223 teste
2531 2171 2784 2223 Brunnio
2827 2186 2892 2224 ea
2927 2188 3051 2242 quae
3089 2189 3156 2225 cx
3195 2172 3305 2225 alio

1757 2252 1904 2307 libro
1930 2255 2186 2326 pleniore
2207 2256 2264 2309 in
2281 2257 2388 2313 hoc
2406 2265 2532 2309 sunt
2551 2267 2744 2329 postea
2766 2244 3018 2330 suppleta
3034 2297 3049 2323 ,
3071 2258 3306 2312 eandem

1757 2358 1982 2393 manum
2017 2341 2286 2413 produnt.
2323 2366 2346 2391 υ
2380 2341 2721 2397 Schneidew.

1837 2428 1966 2481 Post
1978 2428 2463 2482 recensitoslibros
2482 2468 2497 2495 ,
2523 2427 2595 2482 de
2619 2428 2836 2482 ratione
2856 2444 3054 2482 eorum
3079 2428 3306 2483 Schnei-

1758 2513 2011 2568 dewinus
2043 2513 2265 2585 subjicit
2289 2515 2405 2568 baec
2437 2530 2451 2571 τ
2489 2538 2512 2563 α
2544 2515 2818 2569 Convenit
2862 2515 3096 2588 intelligi
3131 2513 3308 2568 libros

1756 2600 1992 2672 scriptos
2019 2601 2075 2653 in
2102 2618 2318 2654 summa
2354 2618 2417 2654 re
2443 2601 2590 2654 inter
2615 2618 2672 2654 se
2700 2601 3050 2672 conspirare,
3081 2608 3143 2653 ut
3178 2601 3308 2655 licet

1758 2704 1996 2740 numero
2039 2704 2156 2739 non
2195 2687 2360 2759 pauci
2406 2687 2551 2751 sint,
2591 2704 2652 2739 re
2694 2697 2879 2739 tamen
2924 2703 3031 2757 pro
3084 2684 3308 2739 duobus

1758 2774 2003 2828 tribusve
2029 2774 2280 2827 aestimari
2309 2772 2570 2829 debeant.
2597 2773 2811 2825 Etenim
2840 2771 2997 2843 qnod
3027 2773 3084 2824 in
3112 2773 3305 2844 graecis

1758 2861 2109 2932 potissimum
2154 2859 2522 2932 scriptoribus
2575 2858 2810 2925 accidit,
2862 2877 3040 2911 unum
3091 2869 3302 2912 tantum

1759 2948 2046 3019 exemplar
2067 2964 2422 3001 communem
2450 2956 2692 3019 stragem
2721 2944 2997 2999 librorum
3027 2955 3270 2999 evaserat
3287 2987 3302 3012 ,

1759 3053 1826 3089 ex
1856 3052 1972 3107 quo
1995 3034 2239 3088 universi
2269 3033 2490 3105 codices
2524 3043 2773 3087 recentes
2802 3030 2956 3108 (non
2981 3033 3127 3086 enim
3162 3034 3307 3087 ultra

1758 3140 1879 3177 saec.
1906 3122 2041 3176 xlv
2063 3119 2232 3174 finem
2257 3119 2552 3193 recedunt)
2584 3120 2856 3192 originem
2880 3119 3103 3173 habent.
3141 3120 3306 3172 Illum

1760 3208 1973 3261 librum
2025 3216 2408 3280 pervetustum
2467 3206 2628 3260 fuisse
2675 3215 2731 3259 et
2781 3206 3093 3260 uncialibus
3138 3206 3310 3259 literis

1758 3295 2028 3366 scriptum
2076 3304 2205 3348 sunt
2244 3312 2368 3365 quae
2408 3292 2681 3347 indicium
2724 3292 2955 3360 faciant3
3001 3293 3078 3346 sic
3119 3291 3189 3346 fr.
3239 3289 3306 3363 5,

1768 3399 1791 3434 1
1834 3381 2060 3444 Βακαῖος
2088 3398 2156 3435 ex
2192 3377 2421 3457 Βάκχιος
2445 3389 2638 3433 natum
2675 3390 2786 3447 est,
2818 3378 2888 3435 fr.
2922 3397 2989 3451 9,
3027 3396 3060 3431 2
3100 3374 3307 3434 Δείπειν

1761 3485 1792 3521 e
1821 3464 2052 3534 Λείπειν,
2098 3465 2169 3520 fr.
2216 3465 2324 3535 25,
2362 3485 2385 3520 1
2421 3461 2621 3522 Διώλου
2658 3466 2747 3519 vel
2776 3461 2962 3520 Διόλου
3001 3482 3069 3518 ex
3099 3462 3306 3519 Αἰόλου.

1760 3554 2003 3625 Fuitque
2032 3552 2176 3607 liber
2203 3553 2293 3606 vel
2321 3551 2553 3606 madore
2581 3562 2883 3624 corruptus
2907 3553 3107 3623 passim
3136 3551 3308 3605 aliave

1760 3640 1965 3711 injuria
1992 3640 2276 3694 vetustatis
2299 3679 2314 3707 ,
2342 3639 2430 3693 vel
2452 3656 2483 3693 a
2505 3639 2666 3693 tineis
2691 3655 2941 3705 arrosus3
2964 3638 3115 3691 unde
3142 3635 3312 3693 fiebat

1761 3738 1824 3781 ut
1854 3727 2128 3799 fugientes
2149 3724 2351 3780 ductus
2379 3743 2499 3778 non
2529 3726 2645 3779 sine
2673 3724 2922 3779 molestia
2946 3725 3156 3796 assequi
3180 3743 3313 3796 pos·

1760 3824 1882 3869 sent
1916 3815 2012 3886 qui
2050 3811 2444 3866 describebant
2464 3852 2480 3880 ,
2507 3823 2565 3867 et
2589 3810 2871 3866 interdum
2901 3810 3256 3884 desperantes
3280 3830 3312 3866 a

1762 3911 1968 3955 conatu
2007 3898 2349 3954 desisterent.
2374 3899 2858 3971 Transcripserunt
2889 3909 3074 3952 autem
3106 3898 3312 3954 librum

1763 3987 2128 4059 archetypum
2159 3985 2456 4039 minimum
2487 3985 2602 4039 duo
2643 3986 2854 4038 librarii
2895 3984 2983 4038 vel
3027 3984 3311 4057 diligentia

1762 4074 1849 4127 vel
1891 4074 2188 4128 oculorum
2217 4074 2334 4126 acie
2362 4070 2564 4125 diversi
2593 4089 2606 4123 ε
2640 4088 2754 4142 quo
2783 4070 2989 4123 factum
3030 4081 3110 4123 est
3149 4080 3213 4123 ut
3244 4089 3312 4125 ex

1762 4178 1875 4215 una
1903 4160 2058 4232 quasi
2086 4159 2276 4214 radice
2305 4158 2421 4213 duo
2444 4176 2558 4213 sese
2578 4157 2878 4211 extulerint
2903 4156 3128 4211 surculi.
3149 4157 3312 4211 Nunc

1764 4258 1948 4302 autem
1970 4264 2155 4318 neque
2173 4246 2505 4317 archetypus
2530 4244 2626 4298 ille
2641 4244 2783 4298 liber
2799 4254 3066 4315 superest,
3097 4261 3310 4314 neque,

1766 4344 1829 4386 ut
1859 4332 2032 4386 credo
2062 4331 2363 4404 equidem,
2393 4331 2490 4403 qui
2516 4328 2728 4384 directa
2752 4330 2839 4383 via
2877 4347 2946 4383 ex
2974 4329 3075 4382 illo
3114 4328 3314 4384 ductus

1764 4422 1861 4486 sit,
1891 4418 1988 4473 sed
2018 4436 2212 4472 omnes
2243 4432 2350 4490 per
2390 4416 2698 4471 traducem.
2738 4417 2873 4487 Quae
2910 4414 3095 4470 autem
3133 4416 3193 4469 in
3220 4434 3312 4470 ar·-

1767 4505 2005 4577 cbetypo
2043 4504 2226 4558 labem
2254 4512 2564 4572 traxerant,
2602 4503 2660 4555 in
2691 4501 2953 4555 omnibus
2977 4502 3189 4574 pariter
3214 4501 3314 4557 de-

1766 4602 1994 4664 pravata
2019 4600 2176 4655 sunt3
2207 4588 2463 4661 quaedam
2490 4589 2702 4642 lacunae
2722 4599 2852 4642 sunt
2874 4588 3136 4643 omnibus
3158 4588 3315 4642 libris

1768 4695 2125 4743 communes;
2155 4694 2285 4730 nam
2314 4675 2411 4729 ubi
2434 4677 2494 4728 in
2517 4675 2702 4730 media
2733 4676 3002 4730 sententia
3031 4672 3310 4742 deficitur,

1768 4782 1883 4818 non
1914 4773 2100 4836 potest
2120 4772 2421 4836 excerptor
2447 4763 2711 4835 vapulare
2729 4804 2747 4835 ‚
2769 4760 2866 4815 sed
2893 4762 3039 4814 male
3059 4760 3312 4814 habitum

1768 4851 2053 4924 exemplar
2083 4852 2142 4905 in
2173 4867 2334 4905 causa
2364 4860 2462 4904 est.
2489 4852 2842 4921 Quamquam
2868 4847 3152 4902 interdum
3178 4847 3310 4900 mihi

1767 4957 1885 4991 non
1919 4949 2162 5007 constat,
2188 4954 2480 5008 quousque
2505 4937 2670 4993 liceat
2697 4936 2756 4989 in
2781 4934 3109 5008 castigandis
3131 4933 3315 4988 verbis

1770 5043 1886 5078 non
1935 5027 2079 5079 sanis
2123 5036 2180 5079 et
2219 5022 2491 5079 lacunosis
2534 5021 2834 5099 progredi,
2864 5039 3038 5093 quum
3083 5020 3315 5075 obtusus

1771 5112 1974 5179 homo,
2005 5113 2100 5184 qui
2133 5110 2462 5167 Heraclidea
2495 5111 2703 5169 ultimis
2731 5109 2877 5162 soliis
2903 5108 3105 5161 AEliani
3146 5107 3316 5161 illusit

1768 5200 2003 5271 primus,
2025 5201 2200 5255 multa
2215 5201 2328 5273 ipse
2345 5196 2776 5271 pessumdedisse
2791 5196 3062 5250 videatur.
3082 5222 3155 5235 -
3172 5196 3314 5249 Tum
