3900 6042
1514 457 1938 518 PaAErAno.
3082 490 3154 531 ,η

382 602 760 659 auctorum
816 585 1222 656 ediderunt.
1283 590 1477 657 Inter
1529 588 1689 657 illos
1739 588 2140 685 principem
2196 587 2435 659 locum
2477 606 2635 685 post
2697 598 3161 664 Gemmatum

386 712 703 777 Vossmnr
734 712 1090 776 Amemus
1117 702 1398 777 obtinet
1435 711 2023 781 wtsrmmnmus
2052 738 2067 780 :
2100 712 2287 781 inter
2315 711 2450 782 hos
2488 738 2653 783 cum
2681 731 3000 785 veterum
3037 717 3160 811 qui
3201 811 3205 815 .

380 828 533 899 hoc‘
551 828 921 899 volumine
942 844 1405 898 recensentur
1444 828 1953 900 historicorum
2001 832 2424 904 nominibus
2463 835 2798 905 socianda
2838 851 3012 906 sunt
3039 862 3165 905 no·

382 952 576 1022 mina
606 955 976 1037 Boecxum
1005 955 1373 1039 Bnnsemt,
1408 955 1879 1042 Banecxnm,
1911 958 2162 1025 Essan
2182 1008 2200 1039 ,
2240 960 2528 1040 Fumur,
2557 962 2848 1046 Fatum,
2889 964 3164 1029 Humi:-

384 1098 605 1163 nmm,
659 1074 976 1161 Mamm,
1018 1076 1076 1143 N
1086 1098 1446 1162 sonuum,
1507 1077 1878 1158 tha‘rem,
1938 1078 2510 1165 Scnuenmwmt,
2581 1082 3162 1167 Scflwswsecxu,

378 1199 779 1281 Vennn‘rr,
806 1200 1114 1266 Vorstm.
1148 1200 1480 1267 Ceterum
1535 1196 1749 1264 etiam
1788 1195 1861 1263 in
1919 1194 2005 1265 iis
2035 1193 2471 1283 auctoribus,
2501 1221 2812 1292 quorum
2854 1199 3166 1295 reliquiae

328 1377 332 1380 .
373 1318 520 1411 jam
553 1316 870 1388 collectae
892 1316 986 1386 ab
1015 1316 1170 1386 aliis
1201 1330 1439 1403 erant,
1479 1317 1575 1386 ita
1608 1315 1906 1386 fecimus
1928 1369 1948 1403 ,
1992 1318 2196 1410 quasi
2238 1318 2452 1413 primi
2499 1344 2635 1389 nos
2663 1321 3163 1392 collectionem

380 1463 631 1508 earum
676 1439 1234 1508 institueremus.
1284 1437 1990 1534 Excipiendusunus
2030 1454 2138 1509 est
2164 1440 2603 1528 AristoteleS,
2651 1444 2921 1543 quippe
2961 1444 3088 1539 qui
3126 1469 3166 1513 a

376 1563 624 1657 primo
653 1560 959 1630 consilio
997 1575 1286 1648 nostr0,
1342 1561 1449 1629 uti
1491 1559 1838 1646 diximus,
1876 1560 2152 1629 alienus
2196 1575 2366 1630 erat.
2409 1566 2653 1658 ltaque
2697 1562 2999 1649 factum,
3048 1580 3165 1649 ut,

373 1682 714 1776 quamvis
743 1679 1152 1775 fragmentis
1194 1704 1234 1750 a
1265 1683 1696 1751 Neumanno
1733 1684 2091 1776 congestis
2129 1708 2313 1754 nova
2362 1684 2552 1754 haud
2585 1706 2810 1780 pauca
2864 1684 3162 1756 addide·
3219 1731 3224 1734 ·

381 1805 647 1890 rimuS‚
693 1802 1041 1872 nonnulla
1087 1816 1327 1872 tamen
1378 1801 1843 1898 proetermissa
1897 1802 2065 1874 sint.
2114 1808 2276 1873 Haec
2321 1804 2529 1874 sicuti
2582 1828 2741 1900 quae
2782 1806 2856 1874 in
2911 1808 3165 1876 ceteris

378 1924 909 2011 desiderantur,
939 1922 1139 2020 quod
1182 1923 1291 1993 vel
1336 1923 1669 2018 fugerunt
1700 1947 1876 2013 1103,
1915 1925 2025 1995 vel
2064 1925 2138 1996 in
2184 1925 2477 1996 scholiis
2514 1942 2831 2015 exstant,
2889 1927 3158 2023 quibus

377 2070 621 2144 nuper
650 2045 947 2115 demum
988 2045 1200 2117 editis
1233 2047 1337 2115 uti
1393 2045 1726 2116 nondum
1755 2044 1995 2135 licuit,
2044 2046 2136 2117 ad
2173 2045 2441 2117 calcem
2491 2048 2880 2119 voluminis
2930 2064 3171 2145 poste-

376 2174 593 2242 rioris
634 2171 1014 2267 diligenter
1039 2172 1574 2242 annotabimus.
1605 2175 1689 2240 In
1721 2169 2090 2241 Heraclide
2129 2167 2371 2239 denuo
2414 2170 2857 2241 contulimus
2880 2170 3168 2243 codices

376 2294 778 2381 ParisinOS,
816 2292 1115 2388 quibus,
1154 2294 1213 2363 si
1249 2295 1559 2389 pretium
1594 2294 1776 2364 foret
1812 2317 2083 2388 operae,
2134 2290 2404 2361 codicis
2439 2292 2905 2363 Scorialensis
2945 2294 3170 2363 varias

376 2415 737 2484 lectiones
793 2412 1056 2483 addere
1110 2436 1306 2483 nunc
1361 2436 1761 2509 possemus.
1826 2419 1904 2483 In
1964 2414 2261 2485 Nicolao
2311 2418 2753 2485 Damasceno
2823 2418 3167 2511 Excerpta

371 2536 981 2607 Constantiniana
1006 2535 1278 2606 codicis
1308 2536 1724 2606 Turinensis
1760 2537 2158 2608 accuratius
2191 2560 2411 2632 quam
2431 2536 2753 2608 Valesius
2775 2536 2949 2606 olim
2976 2536 3167 2624 fecit,

375 2656 833 2727 excussimus
861 2655 1367 2749 (1).Praeterea
1403 2654 1716 2725 eundem
1747 2656 2117 2728 Nicolaum
2151 2682 2235 2728 ex
2266 2659 2398 2727 ista
2425 2682 2565 2754 qua
2592 2657 2972 2754 hucusque
3011 2684 3170 2754 pre-

381 2776 721 2848 mebatur
778 2778 1120 2847 tenuitate
1168 2790 1245 2845 et
1294 2776 1729 2847 obscuritate
1778 2778 1872 2849 ad
1932 2780 2276 2850 laetiorem
2331 2781 2617 2875 copiam
2683 2779 3172 2876 majoremque

373 2899 849 2997 splendorem
876 2898 1390 2987 revocavimus,
1407 2898 1587 2969 adeo
1618 2912 1699 2970 ut
1720 2899 1912 2971 haud
1934 2898 2228 2970 infimus
2255 2924 2453 2970 nunc
2468 2898 2786 2996 reliquiis
2813 2900 2968 2993 ejus
2987 2902 3174 2970 inter

381 3023 853 3093 historiarum
875 3034 1345 3092 monumenta
1370 3020 1572 3090 locus
1587 3021 2056 3117 assignandus
2081 3022 2193 3094 sit.
2212 3022 2491 3091 Etenim
2520 3024 2873 3091 qumus
2902 3026 3163 3107 Dino‘r,

380 3160 644 3241 praeter
672 3142 982 3214 Gallicas
1018 3141 1521 3231 bibliothecas,
1554 3143 1966 3240 Hispaniam
1989 3167 2284 3240 quoque
2320 3144 2600 3214 lustrari
2628 3142 2871 3236 jussit,
2907 3145 3163 3239 partim

382 3283 459 3337 ut
489 3265 675 3337 editi
707 3264 872 3335 libri
901 3289 1068 3335 cum
1114 3266 1403 3361 optimae
1431 3279 1619 3334 notre
1645 3264 2019 3335 codicibus
2049 3266 2122 3334 in
2151 3264 2429 3335 futuros
2451 3286 2626 3335 usus
2656 3264 3176 3335 contenderen—

380 3404 522 3477 tur,
543 3388 813 3485 partim
839 3401 919 3457 ut
950 3388 1524 3482 investigaretur,
1553 3387 1614 3457 si
1646 3410 1787 3483 qua
1821 3385 2090 3457 inedita
2115 3400 2187 3456 et
2219 3377 2377 3482 quae
2403 3362 2790 3457 ederentur
2814 3386 3029 3481 digna
3061 3386 3159 3456 ibi

380 3511 768 3581 latitarent.
802 3514 1046 3607 Neque
1074 3530 1276 3605 spem
1312 3523 1613 3580 conatus
1668 3505 1937 3578 fefellit.
1969 3509 2142 3576 Nam
2173 3506 2501 3603 quamvis
2529 3531 2768 3577 errore
2801 3522 3180 3578 teneantur

467 3790 546 3866 (1)
564 3788 732 3846 Idem
752 3790 990 3846 Valesius
1018 3790 1078 3845 in
1093 3790 1346 3863 Dionysii
1372 3787 1864 3845 Halicarnassensis
1881 3784 2230 3862 fragmentis,
2252 3804 2376 3861 quae
2404 3787 2585 3844 codex
2611 3786 2706 3843 ille
2732 3789 2964 3861 prebet,
2988 3788 3174 3843 minus

381 3896 653 3943 accurate
680 3884 894 3941 codicis
918 3886 1185 3942 lectiones
1205 3886 1491 3943 indicavit.
1517 3884 1695 3940 Multa
1726 3884 1889 3938 tacito
1908 3883 2186 3952 correxit,
2216 3883 2311 3939 md
2343 3883 2630 3940 interdum
2653 3895 2858 3958 prater
2881 3885 3178 3940 necessita-

386 3993 534 4052 tem3
561 3993 832 4057 praeterea
856 3981 917 4035 in
941 3979 1314 4039 describendo
1338 3979 1534 4037 codice
1556 3979 1753 4051 saepius
1770 3979 1819 4034 ei
1845 3977 2075 4047 accidit,
2103 3988 2166 4032 ut
2190 3996 2362 4034 unam
2401 3980 2698 4035 alteramve
2733 3996 2934 4035 vocem
2957 3980 3184 4034 omitte-

390 4063 497 4135 ret.
526 4078 715 4149 Quare
752 4075 1002 4131 lectionis
1028 4075 1351 4131 varietatem
1392 4074 1658 4161 enotabo.
1690 4073 1838 4127 Edit.
1873 4070 2060 4128 Reisk.
2101 4083 2219 4127 tom
2246 4074 2340 4144 lv,
2380 4091 2437 4148 p.
2483 4072 2688 4147 2309,1
2722 4090 2738 4131 ε
2773 4070 3054 4150 Φρούριος.
3104 4105 3184 4117 -—

396 4171 452 4227 3.
476 4167 769 4245 πολεμικά.
798 4200 877 4213 --
902 4169 1113 4240 2310‚8
1132 4190 1188 4226 τε
1209 4181 1340 4243 post
1353 4190 1411 4229 v.
1438 4175 1549 4233 ταῖς
1572 4167 1781 4224 omittit
1809 4165 1940 4222 cod.
1970 4199 2050 4210 —
2075 4185 2165 4227 ια.
2196 4163 2751 4244 ἐξαμαρτάνοπαᾳ-
2787 4167 2878 4224 13.
2899 4167 3086 4225 πολλά.
3107 4200 3186 4211 -

404 4272 497 4331 al..
531 4262 838 4343 ἐχαρίσατο.
870 4297 949 4307 -
984 4264 1218 4335 2311,2.
1248 4262 1543 4343 λήψωνται.
1569 4296 1647 4309 --
1674 4283 1732 4337 9.
1766 4263 1838 4327 ὡς
1876 4261 1980 4328 τοῖς
2015 4259 2210 4341 φύσει
2251 4260 2535 4338 Ῥωμαίοις
2567 4266 2750 4340 μετῆν.
2784 4296 2863 4307 -
2899 4264 3178 4338 2313,10.

394 4359 567 4417 ἀλλὰ
596 4358 687 4418 καὶ
712 4357 779 4416 τὰ
799 4361 926 4418 τῶν.
958 4391 1034 4404 -—
1060 4360 1330 4430 a33a,10.
1355 4361 1449 4429 τῆς
1472 4357 1696 4429 τάξεως,
1716 4377 1835 4413 11011
1855 4360 1948 4427 τῆς
1969 4380 2027 4415 τι
2049 4355 2271 4431 τάξεως,
2294 4372 2361 4416 ut
2380 4362 2503 4418 val.
2530 4363 2625 4417 ait.
2646 4391 2727 4405 —
2755 4360 2995 4433 2333,5.
3021 4359 3181 4438 φίλων

394 4456 595 4524 πλῆθος
614 4455 703 4513 καὶ
726 4451 893 4525 κατὰ]
917 4452 1080 4533 φίλων
1113 4452 1204 4512 καὶ
1225 4455 1417 4524 πλῆθος
1443 4451 1599 4518 κατὰ,
1632 4486 1712 4498 -
1746 4473 1833 4512 ιο.
1857 4451 2125 4514 αὖθᾶδιαν.
2153 4486 2232 4499 -
2258 4456 2352 4515 18.
2379 4453 2718 4534 στρατηγίαν.
2748 4488 2825 4499 -
2857 4455 3092 4527 2334,8.
3122 4452 3186 4512 ἂν

396 4548 667 4627 πράττειν.
708 4580 784 4593 -
819 4570 878 4625 9.
922 4546 1141 4606 ἔδωκαν.
1182 4578 1262 4594 -
1309 4557 1401 4616 tt..
1451 4547 1697 4627 καμινίῳ.
1740 4582 1817 4592 -
1864 4549 2137 4619 2335‚1t..
2182 4549 2416 4627 ἤνεγκεν.
2467 4584 2536 4596 -
2589 4552 2866 4621 2337,13.
2907 4547 3065 4617 ἄξιον.
3108 4583 3187 4593 --

398 4645 638 4717 2339‚1.
670 4639 1031 4719 ἡγησαμένης.
1058 4674 1136 4686 -·
1178 4644 1235 4700 3.
1268 4639 1517 4722 ὤφλημα.
1550 4676 1620 4687 -
1658 4642 1898 4712 2358‚1..
1942 4643 2057 4708 ταῖς
2091 4642 2291 4703 πόλεσι.
2317 4679 2388 4690 -
2422 4645 2661 4719 2359‚5.
2704 4642 3009 4716 κατέλιιπις
3052 4645 3183 4702 dein

400 4758 456 4797 v.
480 4736 589 4794 ἀπὸ
600 4757 719 4796 om.
736 4770 809 4815 Ἶ-
825 4739 883 4795 8.
899 4734 1169 4797 Διονύσου.
1191 4772 1264 4783 -
1292 4739 1501 4815 2360‚1
1518 4759 1567 4798 1.
1582 4736 2081 4817 χαλκεμὸόλους.-
2102 4760 2122 4796 1
2136 4747 2191 4806 4.
2208 4738 2456 4798 αὖθάδιαν
2475 4752 2536 4797 et
2549 4740 2894 4819 ἰτρέτητο.-·
2914 4741 3004 4797 18.
3019 4760 3184 4818 προσ-

402 4829 608 4905 inam.
653 4864 732 4874 —-
757 4832 987 4902 2361‚6.
1015 4834 1200 4911 ὁρῶσιν
1229 4829 1265 4902 ἢ
1296 4829 1396 4891 ὅτι.
1424 4864 1501 4877 -
1526 4852 1617 4889 10.
1643 4831 1891 4911 πρόφασι.
1917 4867 1997 4878 -
2023 4834 2113 4893 15.
2140 4834 2329 4893 αὐτῶν.
2355 4866 2433 4878 -
2459 4836 2697 4910 2362‚t..
2727 4836 2830 4892 τῶν
2862 4832 3188 4913 πραγμάτων

403 4928 604 4982 αὐτοῦ
652 4925 759 4983 καὶ.
789 4959 869 4970 -
907 4928 965 4987 6.
1005 4926 1279 4998 ἀνάκτησι.
1316 4960 1396 4973 -
1432 4949 1488 5003 9.
1539 4929 1755 5007 ὁρῶντες
1799 4927 2019 4989 αὐτόν.
2054 4963 2130 4972 —-
2163 4949 2250 4988 11.
2296 4927 2565 5008 Δήναρχος
2601 4942 2658 4986 et.
2704 4926 2757 4995 ἒξ
2791 4925 3074 5004 αἷγύπτων.
3111 4962 3190 4972 -

412 5040 432 5075 1
448 5021 507 5077 3.
530 5019 770 5081 ἀνοσίων.
789 5053 867 5065 --
889 5023 1114 5093 2363,2.
1134 5022 1239 5087 τοῖς
1258 5023 1419 5099 :tea-f.
1437 5044 1555 5083 om.
1580 5056 1658 5067 —
1686 5044 1704 5079 1
1719 5042 1774 5082 2.
1790 5023 2164 5101 προσενεχθείς.
2183 5056 2260 5068 -
2292 5044 2313 5079 1
2327 5024 2383 5082 5⁹.
2403 5023 2700 5102 διέφθειρεν.
2725 5055 2805 5068 -
2821 5025 2971 5090 2361.
2985 5067 3001 5097 ,
3015 5044 3034 5080 1
3050 5065 3064 5079 .
3084 5021 3190 5090 ἐξέ-

409 5113 602 5190 epact.
629 5149 705 5161 --
739 5117 793 5172 3.
821 5112 1030 5176 τούτων.
1062 5150 1139 5160 -
1182 5126 1233 5184 ἦ.
1263 5116 1326 5189 δὴ
1356 5140 1478 5178 om.
1512 5153 1591 5163 —
1632 5138 1724 5177 ια.
1762 5115 2042 5190 Ἕλλησιν.
2071 5151 2151 5162 —-
2194 5118 2284 5177 16.
2324 5118 2678 5193 ὁμολογοῦσιν.
2701 5150 2780 5160 --
2824 5137 2912 5187 17.
2953 5115 3087 5175 οὔτε.
3111 5150 3190 5160 --

416 5208 507 5264 18.
534 5205 651 5264 οὔτε
673 5207 938 5285 ἐπικουρία
958 5213 1061 5275 τοῖς
1082 5210 1269 5287 ἑτέροις
1290 5217 1323 5282 ἡ
1351 5211 1531 5292 ἄφιξις.
1558 5247 1635 5258 -—
1664 5213 1897 5290 2365,7.
1922 5212 2037 5280 τοὺς
2060 5213 2314 5278 πλείονας.
2338 5243 2410 5256 -
2440 5233 2461 5269 1
2479 5234 2499 5270 1
2516 5257 2530 5271 .
2552 5210 2754 5291 ἴσχυσε.

2874 5323 2938 5360 α.
