3900 6042
752 478 2215 613 THEMISTOGENES.
2297 478 3489 619 SOPHAENETUS.

1643 759 2605 901 CRATIPPUS.

687 1277 1326 1338 THEMlSTOGENES
1367 1273 1927 1335 SYRACUSANUS.

611 1412 936 1485 Xenophon
970 1413 1030 1465 in
1084 1409 1389 1466 Hellenicis
1412 1405 1561 1482 (111,
1599 1426 1650 1476 ῐ,
1674 1406 1740 1480 2)
1769 1408 1870 1461 ubi
1912 1408 1986 1463 ad
2026 1427 2092 1466 ea

534 1509 790 1572 tempora
835 1498 1090 1565 devenit,
1138 1495 1344 1568 quibus
1388 1495 1569 1567 Cyrus
1617 1505 1816 1549 contra
1851 1495 2083 1550 fratrem

535 1585 951 1659 expeditionem
980 1584 1245 1657 parabat,
1276 1583 1363 1636 his
1389 1582 1568 1636 utitur
1603 1581 1790 1636 verbis
1821 1600 1836 1636 z
1868 1577 1962 1647 Ὡς
1995 1578 2090 1656 μὲν

532 1662 619 1727 οὖν
668 1673 838 1748 Κῦρος
874 1665 1176 1747 στράτευμά
1213 1691 1271 1725 τε
1316 1664 1583 1743 συνέλεξε,
1629 1666 1721 1724 καὶ
1766 1666 1902 1724 τοῦτ’
1953 1665 2089 1746 ἔχων

535 1755 696 1827 ἇνὲὅη
740 1755 828 1813 ἐπὶ
854 1755 942 1814 τὸν
967 1754 1217 1834 ἀδελφὸν,
1248 1753 1338 1812 καὶ
1360 1756 1431 1820 ὡς
1462 1759 1497 1824 ἦ
1538 1752 1690 1831 μάχη
1720 1752 1953 1830 ἐγένετο,
1998 1754 2089 1812 καὶ

532 1847 602 1909 ὡς
635 1843 864 1901 ἀπέθανε
880 1886 897 1918 ,
927 1840 1020 1899 καὶ
1046 1844 1119 1906 ὥς
1144 1843 1203 1898 ἐκ
1225 1838 1410 1898 τούτου
1433 1840 1783 1910 ἀπεσώθησαν
1806 1842 1854 1898 οἱ
1875 1838 2088 1910 Ἕλλη-

533 1952 614 1994 νες
635 1927 722 1987 ἐπὶ
745 1927 1038 1998 θάλατταν,
1057 1924 1528 2003 Θεμιστογένει
1556 1928 1639 2004 τῶ
1669 1927 2088 2007 Συρακουσίῳ

532 2015 840 2093 γέγραπται.
1168 2065 1172 2070 .
1275 2031 1280 2040 ·
1672 2023 1677 2028 “

612 2106 748 2175 Quae
784 2104 859 2157 ita
901 2102 1275 2159 Schneiderus
1295 2102 1599 2170 intellexit,
1634 2113 1698 2157 ut
1726 2103 2090 2176 Xenophon-

535 2203 648 2245 tem
684 2208 840 2244 suam
879 2190 1010 2262 Cyri
1052 2189 1336 2245 Anabasin
1385 2200 1504 2244 tum
1529 2189 1784 2244 nondum
1813 2191 2091 2263 scripsisse

457 2303 465 2312 ·
535 2288 591 2332 et
610 2288 910 2350 propterea
932 2276 1006 2331 ad
1029 2277 1167 2330 alius
1184 2293 1328 2348 opus
1355 2276 1624 2331 lectorem
1649 2276 1928 2350 ablegasse
1957 2294 2091 2331 cen-

535 2375 699 2419 seret.
748 2366 824 2419 At
866 2362 1148 2418 Anabasin
1191 2363 1592 2435 Xenophontis
1631 2374 1760 2418 ante
1803 2364 2090 2419 Hellenica

536 2469 650 2505 esse
677 2449 884 2506 editam
921 2449 1094 2504 hodie
1132 2451 1259 2504 satis
1285 2451 1482 2522 liquet.
1512 2451 1711 2523 Itaque
1743 2450 1887 2505 hanc
1915 2451 2092 2523 ipsam

536 2538 721 2593 verbis
753 2537 990 2593 laudatis
1013 2536 1252 2592 indicari
1282 2548 1401 2591 tum
1436 2556 1542 2611 per
1563 2556 1620 2592 se
1657 2537 1958 2610 probabile
1981 2547 2088 2606 est,

537 2635 657 2681 tum
681 2636 911 2680 testatur
947 2624 1274 2679 Plutarchus
1300 2625 1384 2680 De
1424 2626 1570 2698 glor.
1617 2626 1823 2680 Athen.
1856 2643 1905 2681 c.
1940 2643 1993 2694 1,
2019 2643 2080 2697 p.

540 2720 651 2777 423
677 2712 769 2767 ed.
792 2712 984 2767 Didot.
1006 2730 1019 2766 t
1048 2711 1295 2789 Ξενοφῶν
1324 2707 1418 2785 μὲν
1436 2707 1538 2790 γὰρ
1560 2709 1711 2776 αὖτδς
1738 2713 1921 2768 ἑαυτοῦ
1941 2708 2090 2787 γε’γο·

538 2821 619 2855 νεν
651 2797 884 2875 ἱστορία,
917 2796 1123 2877 γράψας
1163 2795 1197 2854 ἃ
1236 2797 1594 2875 ἐστρατήγησε
1623 2795 1713 2854 καὶ
1741 2795 2089 2875 καθώρθωσε,

540 2884 629 2941 καὶ
662 2884 1023 2962 Θεμιστογένη
1064 2886 1167 2960 (sc.
1197 2882 1327 2964 ἔφη)
1368 2883 1492 2962 περὶ
1531 2882 1725 2941 τούτων
1749 2881 2091 2961 συντετάχθαι

540 2971 627 3029 τὸν
652 2971 1005 3050 Συρακούσιον
1023 3017 1039 3049 ,
1061 2970 1148 3029 ἵνα
1176 2970 1475 3050 πιστότερος
1496 2962 1532 3050 ᾗ
1564 2968 1895 3048 διηγούμενος
1910 2969 2091 3029 ἑαυτὸν

540 3063 610 3125 ὡς
636 3056 821 3132 ἄλλον,
849 3057 1010 3138 ἑτέρῳ
1036 3056 1130 3127 τὴν
1154 3059 1256 3116 τῶν
1277 3058 1446 3134 λόγων
1465 3056 1615 3125 δόξαν
1642 3056 2000 3136 χαριζόμενος.
2023 3059 2093 3116 Οἳ

541 3146 586 3203 δ’
615 3145 763 3204 ἄλλοι
785 3144 973 3212 πάντες
996 3143 1274 3224 ἱστορικοὶ,
1305 3146 1690 3220 Κλειτόδημοι,
1712 3143 1954 3216 Δίυλλοι,
1986 3146 2092 3204 Φι·

542 3231 781 3311 λόχορος,
846 3230 1132 3312 Φύλαρχος
1149 3274 1167 3308 ,
1232 3229 1518 3311 ἀλλοτρίων
1573 3228 1839 3308 γεγόνασιν
1897 3229 2060 3310 ἔργων
2076 3277 2093 3306 ,

541 3318 718 3397 ὥσπερ
737 3318 1018 3399 δραμάτων
1033 3362 1050 3394 ,
1080 3317 1375 3397 ὑποκριταὶ,
1401 3320 1519 3378 κτλ.

621 3410 785 3465 Adde
806 3410 985 3465 schol.
1013 3409 1211 3465 inedit.
1244 3409 1374 3464 cod.
1405 3409 1577 3466 Paris.
1611 3407 1762 3463 2565
1797 3427 1810 3462 :
1847 3406 2094 3485 Ξενοφῶν

544 3492 805 3573 ἐπέγραψε
838 3491 933 3565 τὴν
969 3491 1146 3572 Κύρου
1195 3493 1457 3551 ἅνάὸασιν
1504 3491 1878 3569 Θεμιστογένει
1908 3495 2093 3573 Συρα-

544 3582 767 3660 κουσίῳ,
795 3582 891 3639 κᾶν
916 3580 1267 3662 ἐπεκράτησεν
1296 3580 1436 3654 ὅμως
1463 3580 1554 3638 καὶ
1575 3578 1735 3637 πάλιν
1763 3580 2095 3659 Ξενοφῶντος

542 3668 832 3728 καλεῖσθαι.
862 3673 1027 3727 Hunc
1055 3673 1246 3726 locum
1279 3673 1552 3726 Kiisterus
1579 3670 1827 3727 enotavit
1858 3668 1930 3723 ad
1963 3669 2095 3723 Sui-

546 3755 707 3823 dam,
739 3757 837 3827 qui
874 3757 951 3810 sic
988 3756 1157 3812 habet
1192 3776 1206 3811 ε
1246 3755 1661 3833 Θεμιστογένης,
1709 3754 2060 3833 Συρακούσιος
2078 3799 2096 3831 ,

544 3835 822 3916 ἱστορικός.
861 3837 1035 3917 Κύρου
1070 3840 1358 3912 ἅνάὸασιν,
1397 3840 1511 3912 ἥτις
1539 3843 1591 3899 ἐν
1621 3844 1726 3907 τοῖς
1764 3843 2098 3920 Ξενοφῶντος

547 3922 784 4003 φέρεται·
824 3924 914 3982 καὶ
962 3924 1097 3983 ἄλλα
1138 3924 1254 3982 τινὰ
1295 3925 1415 4007 περὶ
1459 3930 1552 3997 τ’ἧς
1599 3930 1783 3985 ἑαυτοῦ
1831 3927 2095 4005 πατρίδος.

546 4016 696 4070 Olim
720 4026 850 4088 post
876 4013 1210 4091 Ξενοφῶντος
1232 4016 1523 4089 legebatur
1545 4011 1904 4087 Ἑλληνικοῖς,
1940 4015 2100 4088 quod

547 4101 808 4158 codicum
852 4103 1180 4157 auctoritate
1205 4103 1478 4157 Kiisterus
1504 4102 1727 4159 delevit.

625 4187 708 4245 Ex
731 4191 908 4245 allatis
933 4191 1160 4244 maximi
1184 4191 1455 4244 momenti
1498 4201 1628 4245 sunt
1666 4189 1930 4245 Suidiana
1970 4189 2096 4259 illa,

2176 1279 2529 1336 Familiarem
2568 1279 2731 1336 fuisse
2769 1282 3200 1356 Xenophontis,
3240 1287 3469 1361 ejusque
3508 1288 3587 1343 de
3614 1291 3742 1362 Cyri

2179 1366 2541 1439 expeditione
2603 1371 3036 1425 commentarios
3090 1375 3298 1445 partim
3361 1377 3421 1429 in
3476 1376 3740 1431 ordinem

2178 1454 2453 1528 redegisse
2472 1456 2679 1528 partim
2704 1475 2843 1512 vero
2874 1472 3290 1516 consummatos
3320 1464 3577 1537 vulgasse
3606 1483 3736 1521 cen·

2177 1551 2260 1595 set
2293 1542 2585 1597 Jacobsius
2625 1542 2861 1616 (Opusc.
2904 1547 3017 1614 VI,
3046 1564 3108 1620 p.
3159 1545 3300 1621 60),
3348 1551 3432 1604 uti
3480 1550 3646 1607 disco
3676 1571 3742 1607 ex

2179 1627 2544 1702 Bernhardyo
2565 1629 2639 1684 ad
2660 1630 2819 1685 Suid.
2857 1632 2897 1689 1.
2923 1633 2988 1702 1.,
3006 1633 3243 1688 eandem
3260 1639 3599 1693 sententiam
3624 1658 3743 1693 am-

2181 1715 2474 1785 plectente.
2509 1716 2948 1791 Themistogenis
2974 1737 3118 1793 opus
3142 1739 3175 1776 a
3195 1724 3630 1796 Xenophonteo
3658 1726 3744 1781 di-

2177 1820 2398 1856 versum
2450 1803 2646 1872 fuisse,
2698 1822 2885 1877 neque
2911 1806 3058 1861 ultra
3089 1809 3418 1866 Graecorum
3465 1812 3546 1867 ad
3589 1829 3743 1869 mare

2178 1888 2481 1944 adventum
2509 1889 2689 1961 (Xen.
2720 1894 2833 1946 An.
2864 1892 2941 1947 IV
2975 1890 3148 1970 extr.)
3175 1898 3511 1969 pertinuisse
3558 1910 3746 1954 censet

2178 1975 2481 2030 Creuzerus
2506 1977 2567 2030 in
2589 1978 2732 2034 He'st.
2753 1980 2950 2034 Kunst.
2978 1998 3039 2054 p.
3068 1981 3203 2037 230.
3235 1984 3388 2055 Quid
3409 1985 3743 2041 Dindorfius

2178 2062 2236 2114 in
2257 2063 2471 2134 praefat.
2504 2063 2577 2118 ad
2599 2065 2780 2120 Anah.
2803 2084 2863 2138 p.
2895 2068 3000 2123 VII
3021 2079 3077 2122 et
3096 2070 3341 2144 Kriiger.
3369 2072 3454 2126 De
3482 2074 3592 2126 vit.
3622 2075 3743 2128 Xe-

2178 2149 2355 2221 noph.
2390 2168 2448 2223 p.
2490 2156 2554 2215 ll·
2582 2150 2995 2222 judicaverint,
3027 2158 3247 2226 nesci0,
3279 2175 3456 2230 quum
3474 2158 3657 2216 ·libris
3680 2162 3745 2214 iis

2185 2254 2421 2291 caream.

2431 2499 2927 2557 SOPHAENETUS
2963 2503 3499 2564 STYMPHALIUS.

2268 2643 2661 2716 Sophaenetus‚
2692 2656 2957 2718 tanquam
2993 2661 3193 2704 auctor
3228 2650 3473 2705 historiae
3517 2651 3596 2709 de
3617 2655 3742 2726 Cyri

2182 2730 2562 2802 expeditione,
2590 2744 2858 2804 quattuor
2881 2735 3019 2789 locis
3037 2736 3294 2793 laudatur
3317 2737 3468 2812 apud
3500 2739 3736 2813 Stepha-

2183 2836 2322 2871 num
2362 2819 2708 2890 Byzantium.
2759 2818 2921 2874 Idem
2962 2832 3071 2890 est,
3120 2824 3227 2877 nisi
3272 2826 3499 2899 egregie
3556 2826 3737 2895 fallor,

2184 2923 2311 2958 cum
2340 2905 2676 2977 Sophaeneto
2701 2907 3069 2982 StymphaliO,
3098 2910 3229 2983 Cyri
3263 2912 3499 2966 minoris
3522 2913 3742 2987 hospite

2187 2992 2484 3065 (Xenoph.
2527 2993 2709 3048 Anah.
2758 2995 2822 3067 1,
2882 3014 2946 3064 1,
2993 2993 3128 3070 ιι),
3177 2998 3275 3072 qui
3320 2998 3477 3053 mille
3523 3001 3742 3073 pedites

2183 3078 2364 3152 gravis
2399 3089 2691 3134 armaturae
2737 3079 2812 3134 ad
2862 3078 3093 3136 fratrem
3137 3083 3459 3138 Artaxerxis
3499 3084 3741 3150 adduxit

2189 3165 2307 3239 (lb.
2342 3166 2398 3235 1,
2423 3183 2479 3233 2,
2511 3161 2610 3242 9),
2640 3168 2788 3223 inter
2814 3167 2996 3246 ‚duces
3016 3161 3374 3225 redeuntium
3409 3169 3741 3228 Graecorum

2181 3263 2315 3306 natu
2366 3253 2669 3322 maximus,
2722 3255 2851 3327 plus
2897 3256 3065 3311 semel
3120 3257 3217 3312 ille
3265 3276 3298 3313 a
3349 3259 3742 3333 Xenophonte

2182 3350 2522 3394 memoratus
2570 3339 2682 3413 (Π,
2718 3339 2783 3409 5,
2812 3340 2907 3410 37.
2959 3343 3065 3411 IV,
3110 3350 3174 3411 4,
3229 3362 3319 3417 ¹9·
3350 3348 3428 3416 V,
3464 3344 3533 3414 3,
3591 3365 3640 3402 1.
3668 3349 3737 3421 V,

2186 3424 2250 3493 8,
2288 3425 2372 3498 1).

2602 3561 2854 3623 ΚΥΡΟΥ
2901 3565 3306 3625 ΑΝΑΒΑΣΙΣ.

2929 3734 2980 3769 Ῑ.

2268 3859 2461 3933 Steph.
2495 3862 2606 3934 Byz
2633 3877 2649 3918 t
2685 3858 3010 3937 Χαρμάνδη,
3037 3859 3185 3927 πόλις
3203 3862 3367 3941 πέραν
3398 3867 3488 3921 τοῦ
3520 3863 3734 3943 Εὐφρά·

2183 3967 2295 4004 του.
2319 3942 2627 4023 Σοφαίνετος
2644 3947 2696 4003 ἐν
2720 3944 2896 4024 Κύρου
2920 3946 3196 4007 ἅναὸάσει·
3214 3974 3237 4001 α
3262 3948 3391 4008 Ἐπὶ
3410 3948 3466 4006 δὲ
3484 3951 3735 4009 Βοιὸυλω·

2184 4030 2314 4097 νίαις
2332 4028 2518 4097 πύλαις
2532 4030 2696 4104 πέραν
2712 4037 2803 4090 τοῦ
2824 4032 3096 4113 Εὗφράτου
3115 4040 3357 4112 ποταμοῦ
3376 4036 3524 4102 πόλις
3546 4037 3737 4115 ᾤκιστο

2185 4120 2349 4192 ὄνομα
2378 4117 2690 4196 Χαρμάνδη.
2720 4144 2741 4168 ¹·
2761 4119 3135 4196 Cf.Xenoph.
3168 4125 3277 4181 An.
3298 4127 3352 4191 1,
3378 4123 3433 4193 5,
3466 4143 3563 4181 10.
3597 4129 3736 4181 Prae-

2194 4218 2278 4261 ter
2297 4207 2739 4280 Xenophontem
2767 4220 2823 4263 et
2848 4210 3246 4282 Sophaenetum
3265 4212 3403 4266 alius
3426 4229 3605 4267 nemo
3633 4214 3727 4266 hu·

2180 4294 2271 4365 jus
2297 4294 2450 4349 urbis
2469 4295 2814 4350 mentionem
2842 4296 2992 4352 facit.
3014 4300 3081 4353 V.
3110 4300 3389 4353 Mannert.
3425 4300 3633 4372 Geogr.
3664 4301 3734 4362 V,

2190 4379 2247 4448 5,
2278 4399 2337 4453 Ρ.
2365 4387 2501 4448 24¹3
2532 4382 2827 4456 Forbiger.
2865 4383 3060 4454 Geogr.
3089 4385 3177 4452 11,
3200 4401 3255 4457 Ρ.
3277 4383 3411 4454 637.

548 4279 751 4353 quibus
799 4279 1279 4352 Themistogenem
1339 4288 1544 4351 praeter
1597 4277 1875 4332 Anabasin
1933 4275 2099 4331 etiam

548 4366 654 4424 alia
684 4365 940 4438 quaedam
977 4365 1052 4420 de
1087 4367 1268 4438 patria
1309 4382 1406 4419 sua
1450 4364 1824 4437 composuisse
1866 4362 2094 4418 dicitur.

548 4452 715 4507 Unde
756 4453 866 4507 hoc
912 4462 1063 4507 certe
1098 4453 1382 4526 colligitur
1408 4470 1527 4506 non
1563 4450 1821 4506 fictitium
1846 4468 1960 4505 esse
1987 4468 2099 4505 no-

550 4556 678 4593 men
709 4538 1169 4611 Themistogenis.
1223 4540 1557 4610 Quanquam
1601 4538 1827 4593 aliunde
1872 4537 1944 4592 de
1988 4536 2099 4591 hoc

550 4634 780 4679 auctore
809 4643 930 4679 non
969 4635 1203 4681 constat.
1233 4626 1495 4680 Ceterum
1517 4644 1653 4678 num
1684 4624 1825 4697 quid
1849 4635 1906 4678 et
1931 4622 2100 4694 quid-

551 4729 681 4770 nam
741 4713 793 4765 ei
858 4729 988 4766 cum
1039 4711 1439 4784 Xenophontis
1502 4712 1738 4767 Anabasi
1800 4726 2101 4765 commune

556 4799 747 4866 suerit,
788 4800 1017 4869 quaestio
1063 4809 1143 4853 est
1168 4798 1229 4852 in
1265 4817 1446 4858 meras
1478 4809 1692 4852 retrusa
1730 4797 2100 4868 conjecturas,

2932 4528 2987 4564 2.

2268 4619 2466 4676 Idem:
2502 4619 2744 4690 Φύσκος,
2773 4619 2918 4685 πόλις
2945 4619 3260 4699 Λοκρίδος...
3293 4621 3563 4701 Καρίας...
3617 4627 3734 4683 Μα-

2190 4705 2476 4771 κεδονίας...
2505 4703 2664 4764 Ἐστι
2705 4706 2795 4764 καὶ
2833 4706 3067 4783 ποταμὸς
3107 4709 3351 4784 Φύσκος,
3394 4711 3531 4767 καθά
3584 4734 3732 4789 φησιν

2192 4791 2503 4871 Σοφαίνετος
2521 4795 2573 4850 ἐν
2604 4792 2777 4873 Κύρου
2808 4795 3081 4855 ἄναὸάσει.
3107 4800 3192 4854 De
3221 4800 3434 4872 Physco
3463 4804 3616 4855 amni
3648 4806 3734 4857 As-

2130 1295 2151 4851 ffl--m

2191 4960 2304 5019 cyri
2341 4960 2543 5009 Anabasi
2586 4981 2598 5009 ι
2638 4981 2662 5004 «
2697 4961 2770 5011 Ad
2798 4961 3079 5023 Babylonius
3108 4966 3270 5025 portas
3299 4967 3432 5013 trans
3452 4966 3737 5027 Euphratem

1028 5028 1204 5087 CYRl
1252 5029 1403 5088 ΑΝΑ
1413 5028 1630 5087 BASIS.
2194 5034 2392 5084 nuvium
2412 5037 2527 5086 urbs
2544 5037 2840 5087 incolebatur
2857 5039 3158 5088 Chat-manda
3178 5041 3384 5089 nomine.
3406 5060 3429 5081 υ

2937 5121 2987 5169 2.

1309 5177 1353 5220 ¹·
2258 5202 2340 5248 Est
2357 5201 2501 5249 etiam
2527 5200 2698 5250 fluvius
2719 5201 2928 5262 l‘luyscns
2941 5238 2955 5262 ,
2976 5201 3115 5262 cujus
3130 5201 3345 5251 meminit
3363 5203 3678 5264 soptnmnetus
3696 5207 3738 5250 in

621 5270 949 5330 Charmanda,
977 5272 1091 5319 urbs
1113 5273 1244 5321 trans
1265 5272 1555 5334 Euphratem
1583 5275 1688 5321 sita.
1715 5273 2027 5335 sopita-nctus
2057 5271 2104 5319 in
2195 5277 2307 5335 cyri
2332 5278 2545 5326 ‚tnabasi
