3900 6042
1418 452 2002 514 MEGASTBENES.

3182 460 3288 510 ⁴0¹

92 587 301 658 quibus
340 586 499 642 adde
535 586 725 641 Ctesiae
766 585 1207 659 impudentiam,
1252 587 1355 658 qui
1394 603 1491 641 sna
1530 603 1655 641 non
1744 603 1869 640 rum
1897 584 2128 659 quidem
2143 593 2197 666 et
2218 583 2538 640 animalium
2563 583 2937 656 descriptione
2961 583 3134 637 multa
3152 600 3297 655 prae-

94 674 376 746 aceepisse
405 672 507 727 sed
534 672 712 726 oculis
731 673 845 727 suis
868 689 1158 745 usurpaese
1182 671 1508 743 jactaverat.

172 762 461 814 Praeterea
503 757 893 812 Eratosthenes
931 768 996 811 ut
1027 758 1083 810 in
1118 775 1309 812 rerum
1351 757 1657 812 Alexandri

92 843 508 921 scriptoribus(
528 864 582 902 v,
609 845 884 901 Eratosth.
916 844 983 899 fr.
1010 843 1108 917 18)
1129 845 1285 898 sicin
1304 845 1656 918 Megasthene

98 932 536 1006 reprehenderit
566 931 948 1004 mythologica
986 931 1078 984 illa
1120 930 1192 985 de
1228 933 1446 986 Baccho
1488 927 1562 1008 (i.
1602 950 1653 989 e.

94 1024 219 1074 Siva
242 1017 562 1091 Indorum)
591 1029 647 1072 et
666 1017 907 1074 Hercule
932 1014 1002 1090 (i.
1024 1034 1076 1071 e.
1101 1013 1355 1089 Crisna),
1374 1019 1473 1089 qui
1507 1036 1656 1072 man·

97 1105 355 1160 suetioris
400 1105 531 1156 vitae
571 1113 827 1157 auctores
866 1100 1020 1156 Indis
1055 1102 1320 1156 exstitisse
1364 1103 1650 1160 dicuntur.

98 1195 170 1246 Ac
194 1209 327 1247 sane
349 1208 561 1263 parum
589 1189 826 1244 feliciter
843 1189 960 1243 haec
988 1189 1329 1262 Megastheni
1356 1201 1654 1245 cesserunt.

101 1280 371 1333 Nimirum
392 1277 689 1331 laborabat
707 1277 994 1330 communi
1015 1275 1340 1331 Graecorum
1368 1277 1534 1345 vitio,
1558 1277 1655 1349 qui

101 1368 157 1419 in
202 1365 411 1420 exteris
466 1363 838 1436 religionibus
890 1362 1102 1434 ubique
1148 1363 1473 1434 olympicos
1528 1382 1656 1418 suos

105 1451 438 1519 odorantur,
471 1461 642 1522 atque
669 1449 1105 1504 manifestissima
1126 1447 1246 1519 ejus
1268 1449 1549 1521 opinionis
1570 1468 1656 1504 ar·

103 1549 357 1610 gmnenta
382 1539 445 1591 in
468 1555 739 1592 sonorum
756 1577 773 1605 ,
795 1553 1020 1590 morum
1043 1546 1099 1590 et
1118 1538 1497 1591 institutorum
1516 1556 1657 1594 vana

104 1623 465 1679 similitudine
512 1621 938 1696 deprehendere
977 1622 1080 1676 sibi
1120 1622 1401 1677 videntur.
1472 1623 1653 1696 Mega-

104 1713 313 1767 sthenes
328 1730 472 1766 vero
510 1721 669 1765 tanto
707 1709 923 1764 facilius
958 1710 1260 1777 erraverit,
1304 1728 1420 1782 quo
1468 1714 1658 1765 notior

108 1798 232 1853 inde
258 1798 331 1853 ab
360 1796 654 1870 Enripidis
681 1797 1009 1850 commentis
1036 1796 1283 1850 Bacchus
1309 1796 1535 1851 Indicus
1567 1799 1657 1850 in-

108 1896 186 1938 ter
209 1885 432 1941 Graeeos
463 1894 618 1950 erat,
649 1892 705 1937 et
731 1900 848 1954 quo
880 1881 1096 1935 avidius
1120 1900 1324 1937 novam
1374 1883 1515 1937 hanc
1551 1883 1654 1938 do·

109 1972 331 2027 cti-inam
350 1970 663 2027 Alexandri
682 1971 913 2024 comites
937 1970 1320 2024 excoluerant.
1340 1971 1457 2024 Hos
1473 1981 1655 2025 tamen

109 2077 175 2111 eo
206 2059 620 2132 Megasthenes,
646 2068 709 2111 ut
735 2056 1201 2112 Schwanbeckins
1236 2068 1459 2124 monet,
1500 2069 1659 2112 ante-

108 2146 285 2212 cellit,
317 2144 479 2218 quod
506 2144 728 2217 primus
756 2145 830 2198 ita
856 2142 1131 2212 narravit,
1158 2151 1220 2194 ut
1257 2141 1514 2197 dubitare
1539 2162 1657 2196 non

112 2232 333 2304 amplius
360 2232 676 2305 possimus,
714 2230 1047 2302 quibusnam
1086 2227 1356 2282 Indorum
1384 2227 1491 2283 diis
1517 2231 1657 2284 Dio-

111 2320 219 2390 nysi
244 2337 453 2374 nomen
484 2330 547 2374 et
576 2316 828 2373 Herculis
848 2316 1025 2373 Graeci
1046 2316 1404 2370 attribuerint
1428 2315 1510 2390 (v,
1536 2329 1654 2372 not.

114 2404 177 2460 ad
196 2406 262 2460 fr.
294 2413 364 2472 al.
413 2450 427 2464 .

184 2405 445 2549 Similitgr
473 2495 539 2548 in
572 2494 787 2565 reliqua
812 2491 991 2546 Indiae
1030 2490 1405 2564 descriptione
1441 2501 1657 2548 ceteros

112 2579 395 2651 scriptores
407 2581 582 2654 longe
598 2590 727 2653 post
746 2595 804 2632 se
822 2578 1070 2650 reliquit.
1096 2577 1277 2649 quue
1291 2577 1492 2632 Strabo
1509 2596 1653 2650 quo-

121 2683 222 2735 que
240 2667 381 2723 bene
408 2667 582 2728 sensit
598 2710 614 2740 ,
639 2684 814 2739 quum
840 2664 1083 2738 plurima
1110 2681 1207 2717 sua
1249 2681 1281 2718 e
1305 2664 1655 2737 Megasthene

114 2750 355 2808 hauserit.
378 2754 564 2810 Porro
583 2755 852 2809 Arrianus
871 2768 1101 2824 quoque
1126 2752 1185 2804 in
1203 2751 1394 2823 priore
1412 2751 1654 2807 historiae

120 2837 307 2895 indicae
330 2852 489 2914 parte
532 2859 650 2914 prae
689 2840 889 2894 ceteris
919 2839 1172 2910 sequitur
1206 2837 1617 2911 Megasthenem
1635 2880 1652 2908 ,

117 2940 269 2994 quem
295 2938 493 3001 utpote
514 2923 729 2999 δόκιμον
756 2921 919 3001 ἄνδρα
945 2942 1073 2979 cum
1090 2923 1348 2979 Nearcho
1370 2934 1427 2978 et
1453 2925 1655 2978 Erato-

119 3010 292 3067 sthene
304 3014 624 3088 componit.
652 3014 797 3069 nist.
829 3011 959 3067 Iud.
990 3027 1082 3084 17,
1105 3009 1141 3065 6
1164 3027 1179 3064 ε
1205 3007 1389 3067 Ταῦτά
1407 3029 1498 3084 μοι
1523 3007 1654 3066 ἀπό·

118 3113 211 3170 χρη
233 3097 555 3169 δεδηλῶσθαι
584 3096 711 3176 ὑπὲρ
730 3097 928 3167 Ἰνδῶν,
948 3093 1047 3153 ὅσα
1069 3095 1449 3174 γνωριμώτατα
1478 3095 1651 3173 Νέαρ-

118 3181 201 3257 χός
228 3205 284 3240 τε
314 3185 403 3242 καὶ
457 3184 798 3260 Μεγασθένης
833 3181 1035 3258 δοκίμω
1074 3180 1225 3262 ἄνδρα
1267 3181 1648 3262 ἀνεγραψάτην.

122 3270 250 3345 Εηι
278 3275 429 3332 Alex.
462 3279 534 3350 V,
570 3273 627 3343 5,
660 3293 685 3330 1
724 3291 738 3331 ε
769 3270 906 3329 Ἀλλ’
933 3269 1065 3349 ὑπὲρ
1097 3269 1272 3329 Ἰνδῶν
1314 3269 1419 3347 ἰδίᾳ
1449 3292 1537 3343 μοι
1564 3269 1650 3347 γέ·

119 3376 357 3432 γραπται,
401 3358 498 3418 ὅσα
527 3357 820 3418 πιστότατα
858 3360 909 3424 ἐς
932 3356 1193 3436 ἀφήγησιν
1222 3353 1275 3415 οἵ
1294 3378 1351 3413 τι
1377 3354 1462 3423 ξὺν
1493 3356 1654 3415 Ἀλε-

126 3440 299 3522 ξάνδρῳ
311 3445 720 3521 στρατεύσαντες
740 3444 831 3504 καὶ
845 3448 874 3503 ὁ
890 3440 1295 3523 ἐκπεριπλεύσας
1315 3447 1408 3514 τῆς
1424 3443 1655 3520 μεγάλης

119 3527 365 3601 θαλάσσης
389 3534 449 3590 τὸ
482 3535 603 3591 κατ’
635 3530 823 3598 Ἰνδοὺς
860 3530 1124 3609 Νέαρχος,
1152 3529 1237 3586 ἐπὶ
1265 3528 1320 3587 δὲ
1346 3527 1443 3588 ὅσα
1472 3532 1650 3606 Meys-

124 3613 283 3686 σθίνης
307 3640 360 3676 τε
386 3620 475 3677 καὶ
494 3618 938 3699 Ἰἶραστοσθίνης,
961 3617 1158 3694 δοκίμω
1185 3616 1337 3695 ἄνδρι
1355 3661 1370 3688 ,
1406 3637 1652 3695 συναγρα-

124 3700 294 3777 ψᾶτην.
307 3707 479 3779 Quam
500 3709 729 3765 laudem
747 3717 887 3782 quot
905 3707 1227 3762 nominibus
1236 3707 1527 3775 meruerit,
1547 3707 1652 3761 do-

123 3802 241 3844 ·cent
262 3795 519 3868 reliquiae.
546 3798 688 3852 Nam
712 3797 925 3869 primus
944 3804 999 3850 et
1018 3795 1247 3848 ultimus
1270 3793 1651 3867 Megasthenes

128 3874 367 3942 deforma
385 3893 437 3936 et
454 3883 842 3957 magnitudine
854 3882 1028 3938 Indiae
1038 3882 1385 3937 accuratiora
1398 3880 1600 3935 tradidi
1610 3892 1652 3948 t,

129 3963 222 4016 nisi
243 3968 388 4036 quod
416 3971 701 4026 Patrocles
728 3969 1077 4024 latitudinem
1098 3967 1276 4023 Indiae
1295 3986 1411 4022 non
1436 3967 1620 4022 16000
1636 4011 1653 4036 ,

131 4049 214 4100 sed
246 4051 420 4109 iSooo
441 4058 751 4112 stadiorum
776 4056 965 4111 dicens
992 4054 1063 4108 ad
1084 4071 1276 4109 verum
1303 4055 1545 4127 propius
1570 4072 1656 4108 ac·

128 4137 271 4190 cessit
307 4131 581 4214 (*).1ten¹t
626 4140 919 4196 fluminum
969 4151 1025 4196 et
1072 4141 1319 4213 gentium
1367 4157 1653 4194 recensum

128 4235 277 4277 nemo
298 4237 418 4297 post
435 4247 563 4284 eum
593 4229 910 4303 diligentius
931 4226 1165 4281 instituit
1188 4223 1309 4300 (⁴¹¹⁹).
1344 4227 1411 4279 In
1431 4223 1649 4298 planta-

188 4414 242 4472 (Ἴ
274 4434 296 4458 ⁸¹
320 4417 368 4465 ld
385 4421 584 4481 qnodde
611 4419 862 4470 latitudine
890 4419 1036 4468 indite
1050 4418 1370 4480 Megasthenes
1393 4418 1543 4476 dixit,
1568 4431 1651 4480 pet

133 4481 266 4531 totam
282 4487 547 4540 Gnroorum
561 4490 893 4552 geographiam
910 4490 1192 4550 perpetuum
1208 4487 1377 4536 mansit
1400 4522 1414 4545 ,
1437 4488 1501 4535 ita
1520 4490 1575 4535 ut
1593 4501 1653 4536 nc

140 4553 392 4608 i‘tolenaeus
406 4563 594 4622 quidem
609 4601 622 4624 ,
638 4562 719 4624 qui
744 4561 925 4610 indiam
946 4573 1027 4622 per
1043 4562 1151 4609 xv1
1185 4558 1285 4608 mil.
1318 4561 1502 4609 DCCC.
1524 4558 1649 4607 stad.

138 4624 304 4672 extendi
340 4633 502 4692 putat,
541 4632 845 4693 aliquantum
885 4629 1147 4679 dissentiat.
1215 4627 1311 4677 Sed
1347 4627 1652 4688 longitudinis

138 4700 406 4757 mensuram,
428 4714 569 4763 quam
601 4700 849 4760 indicavit,
877 4712 1042 4748 omnes
1072 4699 1368 4760 reiecerunt,
1385 4710 1446 4746 ne
1470 4698 1653 4759 opinio-

142 4770 236 4808 nem
252 4766 448 4817 omnium
469 4774 681 4820 veterum
696 4769 1008 4826 offenderent.
1023 4769 1107 4830 qui
1127 4780 1297 4817 zonam
1313 4766 1544 4817 torridam
1566 4779 1649 4828 pu·

142 4828 285 4879 t³l>ant
300 4834 487 4887 habitari
511 4855 603 4890 non
623 4854 758 4903 posse
771 4876 785 4899 ,
804 4843 891 4888 aut
910 4837 1095 4888 indiam
1116 4839 1345 4900 ponerent
1364 4837 1518 4896 (sicut
1536 4836 1649 4895 nip-

140 4900 349 4964 ffiffihm)
366 4919 470 4955 eum
488 4910 732 4959 maniiesto
750 4921 910 4958 ermre
928 4908 1083 4956 multo
1103 4906 1288 4968 longius
1309 4904 1651 4967 septentriones

148 4974 302 5017 ”rsu-
330 4993 350 5014 ο
368 4976 703 5030 Schwanbecle.
730 4992 778 5040 p.
809 4983 888 5028 29.

198 5035 274 5098 <**)
304 5042 502 5095 Flumina
523 5053 694 5111 praeter
724 5052 936 5110 Gangem
954 5050 1006 5096 et
1032 5045 1202 5095 indum
1223 5043 1543 5106 Megasthenes
1573 5055 1649 5091 re·

308 5279 571 5324 ΠᾸΩΙΒΜΑ
598 5288 777 5325 timon·
808 5289 890 5322 011.
938 5295 988 5304 -
1011 5282 1114 5316 Vol..
1141 5278 1194 5314 11-

1743 682 2158 746 occupaverant
2179 672 2482 733 Alexandri
2501 673 2732 726 comites
2749 687 2768 744 ς
2793 680 2988 724 contra
3007 710 3023 738 ,
3043 671 3088 724 si
3121 688 3295 724 unum

1744 758 2062 815 Nearchum
2089 761 2399 832 exceperis,
2417 758 2584 831 plane
2610 757 2968 830 neglexerant
2994 773 3180 809 mores
3200 757 3296 810 ln·

1744 842 1948 901 dorum
1977 858 2034 901 et
2058 864 2147 902 res
2175 845 2429 919 publicas
2446 885 2462 911 ,
2503 862 2627 916 quae
2663 843 2948 897 uberrime
2976 852 3032 896 et
3057 840 3297 896 fideliter

1739 948 1847 1005 per
1902 950 2097 987 omnes
2150 943 2336 1005 partes
2387 948 2534 985 unus
2584 932 2842 1005 exposuit
2892 928 3293 1002 Megasthenes.

1742 1018 1958 1090 Quodsi
1978 1038 2197 1074 errores
2225 1018 2482 1072 nonnulli
2511 1019 2570 1072 in
2593 1027 2800 1072 tantam
2828 1033 3016 1071 rerum
3044 1016 3296 1070 multitu·

1744 1105 1933 1161 dinem
1966 1119 2024 1161 et
2049 1107 2372 1161 varietatem
2399 1106 2820 1176 novitatemque
2848 1103 3206 1175 irrepserint,
3239 1103 3296 1157 id

1743 1211 1934 1264 equus
1955 1195 2252 1248 aestimator
2273 1211 2392 1246 non
2417 1192 2729 1246 mirabitur.
2761 1191 2850 1245 Sic
2878 1189 3081 1263 Gangis
3107 1189 3298 1243 latitu-

1744 1277 1934 1334 dinem
1963 1280 2342 1353 Megasthenes
2366 1279 2596 1333 nimiam
2625 1278 2814 1351 ponit;
2844 1277 2980 1331 falso
3011 1275 3148 1329 dicit
3176 1276 3297 1346 Hy-

1741 1364 1956 1435 phasim
1987 1366 2046 1419 in
2077 1366 2422 1438 Hydraotem
2450 1381 2508 1418 se
2527 1382 2864 1429 exonerare3
2891 1373 3172 1433 tamquam
3208 1359 3296 1414 di·

1744 1468 1925 1505 versas
1954 1452 2130 1506 tribus
2153 1452 2316 1524 ponit
2334 1491 2350 1518 ,
2381 1468 2505 1522 quae
2532 1451 2698 1504 unius
2723 1449 2902 1504 tribus
2927 1457 3112 1521 partes
3138 1459 3298 1503 crant

1747 1536 1838 1612 (v.
1866 1550 1984 1594 not.
2009 1538 2082 1592 ad
2109 1537 2178 1593 fr.
2209 1537 2277 1607 37
2301 1539 2351 1611 );
2384 1539 2489 1592 alia
2517 1536 2770 1609 quaedam
2795 1537 2976 1590 minus
3001 1546 3151 1589 recte
3178 1548 3295 1595 tra-

1744 1623 1880 1678 dere
1902 1624 2148 1692 videtur,
2177 1624 2334 1696 quod
2367 1623 2590 1679 Indicas
2618 1641 2782 1678 νοσῶ
2807 1640 3102 1695 perperam
3131 1623 3295 1676 intel·

1746 1710 1954 1766 lexerat
2009 1711 2025 1783 (
2056 1730 2110 1767 v,
2178 1721 2298 1764 not.
2363 1710 2436 1765 ad
2485 1709 2555 1765 fr.
2616 1712 2688 1764 28
2709 1710 2753 1784 ).
2810 1734 2833 1758 κ
2889 1707 3294 1780 Nihilominus,

1744 1798 2216 1853 Schwanbeckius
2233 1815 2291 1870 p.
2318 1798 2390 1866 76
2414 1799 2490 1852 ait
2507 1836 2523 1864 ,
2549 1796 2914 1870 Megasthenis
2935 1795 3101 1866 liber,
3125 1813 3295 1867 quan-

1746 1896 1863 1939 tum
1887 1897 1969 1941 est
1989 1904 2118 1959 pars
2137 1886 2423 1940 literarum
2442 1886 2760 1941 Graecarum
2784 1894 2838 1938 et
2860 1884 3062 1954 Grpcae
3081 1885 3295 1935 Roma-

1745 1992 1940 2046 naeque
1988 1972 2259 2028 doctrinae
2279 2014 2296 2041 ‚
2347 1974 2502 2044 quasi
2559 1971 2839 2044 fastigium
2893 1981 2974 2024 est
3016 1969 3255 2022 scientiae
3275 2011 3291 2038 ,

1746 2078 1916 2132 quam
1960 2058 2032 2115 de
2077 2056 2240 2114 In‘dia
2284 2070 2499 2114 veteres
2532 2074 2782 2128 unquam
2813 2055 3102 2109 consecuti
3146 2066 3292 2108 sunt.

1744 2148 1885 2202 Nam
1934 2149 2036 2202 etsi
2077 2148 2450 2222 geographica
2488 2146 2810 2200 Graecorum
2845 2144 3072 2197 scientia
3107 2153 3299 2215 postea

1745 2232 1971 2289 demum
2016 2235 2264 2307 perfecta
2300 2245 2415 2301 est,
2462 2243 2650 2287 tamen
2698 2230 2872 2286 Indiae
2909 2230 3157 2302 cognitio
3181 2229 3296 2300 jam

1745 2321 2111 2394 Megasthenis
2155 2321 2312 2375 libris
2346 2319 2421 2373 ad
2459 2335 2730 2372 summam
2775 2316 3176 2388 perfectionem
3224 2318 3300 2370 ita

1745 2410 2029 2480 pervenit,
2057 2418 2118 2462 ut
2154 2409 2253 2480 qui
2289 2417 2481 2480 postea
2511 2405 2582 2459 de
2619 2403 2779 2458 India
2811 2403 3179 2475 scripserunt,
3224 2403 3298 2457 ad

1743 2497 2035 2551 veritatem
2063 2505 2219 2551 tanto
2247 2495 2482 2568 propius
2508 2491 2803 2556 accedant,
2830 2500 3042 2561 quanto
3066 2508 3293 2545 accura-

1744 2583 1852 2636 tius
1880 2583 2247 2656 Megasthenis
2269 2581 2468 2636 indica
2492 2588 2813 2651 sequantur.
2841 2579 3034 2649 Neque
3057 2594 3162 2649 per
3182 2595 3298 2631 sese

1744 2678 1957 2724 tantum
1977 2710 1993 2734 ‚
2019 2670 2116 2724 sed
2136 2671 2302 2724 etiam
2325 2669 2490 2723 aliam
2514 2667 2590 2721 ob
2613 2683 2733 2720 rem
2759 2664 3142 2736 Megasthenes
3159 2665 3297 2718 niul·

1743 2766 1861 2811 tum
1893 2758 2068 2826 valet3
2099 2775 2228 2811 nam
2256 2773 2430 2828 quum
2466 2770 2722 2827 magnam
2761 2760 2975 2823 partem
3013 2752 3298 2806 narratio-

1742 2862 1877 2898 num
1895 2845 1990 2899 alii
2011 2844 2309 2917 scriptores
2323 2860 2398 2896 ex
2422 2839 2519 2896 illo
2539 2840 2822 2894 hauserint
2836 2878 2851 2906 ,
2879 2839 2936 2891 in
2960 2847 3132 2891 totam
3150 2838 3299 2892 Grae·

1743 2949 1939 2985 corum
1968 2942 2023 2985 et
2048 2933 2436 2985 Romanorum
2460 2928 2748 2984 scientiam
2775 2943 3034 2998 magnam
3055 2926 3171 2978 vim
3199 2926 3302 2979 ha-

1741 3016 1888 3072 buit.
1920 3019 2128 3073 Praeter
2166 3019 2333 3087 hanc,
2364 3034 2535 3090 quam
2569 3013 2628 3068 in
2667 3013 2841 3068 literis
2865 3012 3069 3068 Graecis
3106 3012 3301 3066 Indica

1740 3103 2112 3179 Megasthenis
2135 3104 2392 3159 obtinent
2420 3095 2809 3158 auctoritatem
2824 3141 2840 3166 ,
2872 3099 3121 3171 reliquiae
3145 3098 3298 3153 aliud

1740 3209 1970 3263 quoque
1986 3193 2228 3265 pretium
2254 3191 2485 3258 habent,
2513 3207 2688 3262 quum
2716 3190 2863 3242 inter
2889 3185 3071 3240 fontes
3093 3185 3302 3240 Indicae

1740 3280 2086 3351 antiquitatis
2107 3278 2298 3335 locum
2325 3296 2443 3332 non
2469 3278 2727 3332 ultimum
2755 3284 2997 3330 teneant.
3025 3275 3164 3328 Nam
3194 3274 3300 3326 sic-

1740 3376 1805 3419 ut
1830 3384 1982 3420 nunc
2017 3375 2098 3421 est
2127 3365 2303 3420 Indiae
2346 3365 2587 3436 antiquae
2616 3362 2846 3417 scientia
2885 3370 3074 3414 nostra
3093 3401 3109 3431 ,
3154 3359 3301 3413 illius

1741 3454 1988 3507 narratio
2033 3453 2133 3507 etsi
2155 3452 2400 3525 suppleri
2438 3460 2495 3504 et
2535 3448 2746 3519 corrigi
2771 3464 2890 3500 non
2927 3463 3058 3500 raro
3086 3453 3298 3516 potest,

1742 3549 1925 3593 tamen
1954 3539 2072 3593 aliis
2097 3536 2238 3594 locis
2262 3537 2548 3593 scientiam
2585 3541 2832 3588 nostram
2875 3529 3100 3586 aliunde
3133 3547 3300 3602 repe·

1742 3626 1896 3680 titam
1941 3638 2126 3700 auget.
2176 3628 2570 3681 Verumtamen
2618 3618 3044 3676 concedendum
3089 3627 3201 3684 est,
3241 3617 3296 3673 id

1741 3712 1896 3784 quod
1920 3713 2055 3766 novi
2084 3731 2188 3767 nos
2222 3712 2446 3777 docuit,
2479 3727 2664 3781 neque
2687 3707 2907 3761 numeri
2944 3722 3130 3776 neque
3154 3723 3292 3776 pon·

1741 3798 1888 3854 deris
1907 3801 2199 3874 permagni
2239 3818 2373 3854 esse.
2402 3797 2635 3855 Gravius
2673 3806 2782 3860 est,
2833 3811 3002 3866 quam
3035 3791 3093 3846 id
3141 3790 3298 3863 quod

1740 3903 1952 3940 novum
1982 3887 2188 3953 refert,
2231 3885 2387 3958 quod
2424 3901 2612 3940 rerum
2644 3881 2968 3936 Indicarum
3001 3879 3298 3950 imaginem

1742 3974 1799 4026 in
1840 3985 2056 4028 certum
2091 3972 2380 4045 quoddam
2419 3982 2637 4043 tempus
2668 3968 2986 4033 revocavit,
3016 3981 3190 4035 quum
3229 3965 3299 4017 li-

1734 4071 1871 4114 terae
1900 4060 2108 4115 Indica!
2147 4077 2363 4131 semper
2392 4058 2496 4111 sibi
2521 4065 2862 4119 constantes,
2911 4053 2954 4104 si
2996 4068 3111 4123 quo
3155 4060 3296 4103 tem-

1738 4165 1881 4220 pore
1918 4147 2056 4220 quid
2090 4146 2356 4201 acciderit
2398 4145 2722 4216 quaerimus,
2755 4142 2814 4193 in
2838 4156 3048 4193 summa
3070 4137 3296 4192 dubita-

1740 4238 1894 4289 tione
1922 4253 2026 4288 nos
2050 4235 2369 4305 relinquere
2392 4229 2627 4285 soleant.
2655 4253 2677 4276 υ

1738 4417 1923 4465 censuit
1938 4413 2283 4476 quinquaginta
2301 4413 2411 4459 octo
2432 4409 2635 4469 (Ara-ian.
2659 4405 2762 4455 ind.
2786 4413 2833 4464 5,
2855 4411 2881 4452 2
2899 4404 2937 4463 ),
2956 4404 3118 4464 gentes
3135 4401 3285 4449 εἰκοσι

1737 4490 1816 4535 καὶ
1841 4486 2005 4535 ἑκατόν
2028 4502 2071 4533 τι
2096 4486 2184 4541 (fr.
2213 4489 2270 4531 24
2294 4481 2441 4540 init).
2472 4478 2743 4527 accuratior
2765 4487 2994 4523 numerus
3008 4473 3149 4520 merit
3175 4483 3285 4532 gen·

1737 4556 1861 4606 tium
1880 4557 2073 4604 centum
2092 4556 2141 4602 et
2157 4549 2497 4612 duodeviginti.
2519 4547 2572 4596 ld
2595 4547 2787 4606 colligas
2804 4557 2831 4593 e
2851 4543 3002 4593 Plinio
3019 4544 3102 4602 Vi,
3127 4547 3176 4589 21
3199 4577 3213 4601 ,
3241 4550 3286 4600 5,

1737 4627 1821 4676 nbi
1838 4627 1946 4674 haec
1959 4643 1977 4674 t
1993 4628 2172 4674 Seneca
2188 4626 2349 4672 eciam
2366 4615 2509 4682 apitd
2528 4631 2618 4668 nos
2643 4617 2842 4665 lentata
2866 4612 3032 4663 [παίω
3047 4623 3290 4660 commm-

1741 4698 1934 4744 tatione
1950 4695 2223 4753 seminia
2243 4691 2352 4752 ejus
2375 4701 2549 4737 amnes
2574 4684 2837 4749 prodidit,
2858 4684 3029 4745 qentes
3049 4679 3289 4729 duodevi-

1732 4767 1871 4827 qinti
1896 4767 2223 4825 centumque.
2257 4763 2377 4810 Nam
2408 4758 2609 4807 dubium
2639 4755 2718 4803 vix
2749 4757 2822 4803 est
2839 4790 2853 4812 ‚
2891 4757 3118 4801 Senecam
3155 4752 3211 4798 ut
3243 4750 3291 4798 in

1738 4832 1990 4881 numinum
2012 4843 2215 4880 numero
2230 4866 2245 4890 ,
2264 4829 2333 4877 sic
2350 4827 2492 4876 etiam
2517 4828 2564 4874 in
2586 4825 2778 4886 reliquis
2793 4821 3106 4885 Megastheniz
3125 4819 3292 4881 legisse

1739 4901 1953 4963 vestigia.

2351 5092 2666 5116 -οὒκ--ι-

3035 5257 3088 5294 2⁶
