3900 6042
716 438 1008 498 STRATO
1053 433 1615 499 LAMPSACENUS.
1653 435 2149 530 THEODEQTES
2196 435 2652 501 PHASELITA.

176 571 455 644 Josephus
477 570 541 627 C.
568 571 774 644 Apion.
801 572 851 639 1,
881 568 952 625 23
978 588 993 627 ε
1020 570 1183 624 Multi
1200 570 1453 624 historici
1474 570 1652 625 Graeci

110 645 423 714 lndaeornm
468 659 810 713 mentionem
848 656 1124 714 fecerunt.
1157 658 1268 728 Qui
1303 657 1555 729 quamvis
1594 658 1654 710 in

107 745 284 798 multis
300 745 647 812 erraverint,
663 743 845 806 κοινῶς
864 738 1039 817 μέντοι
1062 740 1292 819 περὶτῆς
1311 740 1654 819 ἀρχαιότητος

109 826 325 894 ἅπαντες
346 826 883 907 μεμαρτυρήκασιν...
916 826 981 886 Ὁ
1018 826 1192 904 μέντοι
1223 825 1500 906 Φαληρεὺς
1537 831 1651 897 Δη-

108 913 316 991 μήτριος
344 914 439 973 καὶ
480 914 667 974 Φίλων
694 917 723 972 ὑ
751 912 1095 993 πρεσόύτερος
1128 913 1217 971 καὶ
1262 911 1564 989 Εὐπόλεμος
1592 913 1651 969 οὐ

108 997 227 1060 πολὺ
248 1004 341 1071 τῆς
365 1000 615 1071 ἀληθείας
642 1000 948 1079 διήμαρτον.
972 1006 1181 1058 Verum
1201 1003 1386 1056 nullus
1415 1001 1645 1068 dubito,

109 1091 238 1161 quin
261 1091 589 1146 Demetrius
608 1091 702 1144 ille
727 1091 796 1146 sit
817 1108 936 1144 non
956 1089 1256 1144 Phalereus
1270 1130 1289 1162 ,
1310 1087 1409 1143 sed
1441 1090 1651 1142 Deme-

108 1177 235 1230 trius
267 1177 313 1231 is
358 1179 461 1250 qni
512 1174 840 1231 Judaeorum
886 1176 1174 1230 historiam
1200 1165 1462 1247 'sci-ipsit,
1514 1177 1655 1229 Pto-

107 1263 271 1318 lemaei
307 1262 385 1320 lv
409 1264 504 1319 vel
527 1266 574 1319 V
597 1282 816 1319 coaevus
850 1262 941 1337 (V.
964 1261 1139 1319 Clem.
1165 1262 1326 1320 Alex.
1361 1259 1569 1319 Strom.
1594 1263 1652 1329 1,

106 1367 163 1422 p.
202 1348 307 1415 146
324 1351 368 1421 ).

180 1438 307 1492 Haec
332 1454 364 1491 e
389 1437 673 1492 Demetrii
696 1435 945 1509 reliquiis
977 1433 1220 1490 attulisse
1246 1431 1500 1489 sufficiat.
1541 1435 1653 1488 Re·

111 1514 252 1586 liqna
272 1513 345 1569 ad
367 1515 564 1569 literas
590 1524 647 1570 et
670 1513 1086 1588 philosophiam
1106 1523 1215 1567 etc.
1247 1512 1553 1585 spectantia
1584 1511 1655 1565 de

110 1599 367 1656 industria
395 1602 630 1657 omitto.

435 1871 726 1938 STRATO
776 1880 1314 1937 LAMPSACENUS.

182 2043 359 2099 Strato
410 2043 689 2100 Arcesilai
747 2037 947 2115 filius‚'
978 2049 1403 2121 Lampsacenus,
1462 2048 1650 2102 Theo-

114 2127 337 2200 phrasti,
369 2130 546 2184 sicuti
584 2132 899 2186 Demetrius
940 2133 1266 2200 Phalereus,
1310 2131 1649 2206 discipulus,

117 2211 326 2287 ejusque
351 2216 412 2270 in
447 2216 647 2271 schola
690 2235 976 2273 successor
1013 2217 1157 2294 (²37
1188 2238 1238 2277 a.
1277 2216 1409 2295 C.)‚
1453 2231 1657 2293 praeter

116 2299 528 2375 philosophica,
575 2320 821 2375 quorum
850 2305 1042 2360 titulos
1079 2315 1333 2362 recenset
1374 2307 1658 2381 Diogenes

113 2389 282 2444 Laert.
306 2390 381 2459 V,
414 2388 519 2459 28,
567 2407 711 2463 opus
733 2392 951 2464 scripsit
988 2390 1121 2469 Περὶ
1148 2388 1484 2468 εὑρημάτων,
1509 2395 1654 2462 sive,

116 2484 172 2527 ut
200 2475 475 2549 Diogenes
509 2477 624 2544 ait,
666 2474 996 2553 Εὑρημάτων
1036 2474 1278 2556 ἐλέγχους
1318 2475 1408 2535 δύο
1453 2499 1468 2535 2
1501 2480 1657 2552 quod

118 2561 241 2633 quid
260 2564 361 2618 sibi
386 2565 533 2619 velit
550 2603 567 2632 ‚
590 2563 768 2637 liquet
790 2582 859 2619 ex
879 2565 1063 2621 Plinio
1077 2606 1094 2634 ,
1120 2567 1219 2638 qui
1237 2567 1386 2622 inter
1402 2577 1658 2622 auctores

116 2644 182 2701 ad
212 2649 670 2705 concinnandum
692 2650 837 2704 Hist.
861 2651 989 2708 Nat.
1011 2651 1220 2706 librum
1239 2653 1346 2708 vn
1372 2652 1654 2709 adhibitos

118 2735 262 2806 ponit
299 2735 624 2793 Stratonem
671 2742 766 2810 qui
819 2749 1011 2792 contra
1052 2737 1266 2812 Ephori
1328 2735 1657 2816 εὑρήματα

118 2827 332 2894 scripsit.
368 2823 643 2879 Ceterum
669 2822 936 2896 Polybius
972 2821 1139 2900 (Exc.
1175 2825 1469 2900 vatican.)
1511 2827 1654 2895 xil,

123 2905 185 2959 25
208 2925 255 2964 c.
299 2908 389 2967 ed.
428 2907 679 2978 Didot„
713 2921 1011 2983 postquam
1049 2909 1121 2966 de
1166 2914 1375 2967 Timaeo
1417 2913 1657 2969 aliorum

119 2994 433 3067 scriptorum
473 2994 850 3070 objurgatore
881 2994 1132 3067 dixerat,
1172 2997 1397 3068 subjicit
1424 3014 1439 3054 :
1472 2997 1659 3074 Παρα-

122 3075 321 3146 πλήσιον
364 3079 652 3159 Στράτωνι
692 3083 767 3160 τῷ
807 3083 1009 3161 φυσικῷ
1055 3080 1385 3158 συμὸίὸηκι·
1432 3083 1522 3141 καὶ
1559 3082 1659 3165 γὰρ

124 3164 294 3232 ἐκεῖνος
317 3164 440 3226 ὅταν
469 3165 764 3247 ἐγχειρήσῃ
791 3165 884 3234 τὰς
910 3169 1013 3226 τῶν
1041 3167 1214 3227 ἄλλων
1247 3166 1395 3236 δόξας
1422 3169 1659 3228 διαστίλ-

124 3251 283 3309 >suom
314 3252 404 3312 καὶ
439 3253 801 3332 ψευδοποιεῖν,
837 3251 1121 3330 θαυμάσιός
1160 3256 1323 3312 ἐστιν·
1352 3252 1477 3313 ὅταν
1506 3256 1553 3312 δ’
1599 3253 1652 3323 ἐξ

3172 453 3284 503 369

1741 565 1986 643 ἕξηγῆται
2001 612 2017 639 ,
2047 567 2192 643 παρὰ
2209 567 2343 625 πολὺ
2366 567 2602 645 φαίνεται
2621 571 2723 633 τοῖς
2747 566 3085 643 ἰπιστήμοσιν
3106 568 3288 637 εὐηθέ-

1740 675 1916 728 στερος
1944 656 2098 710 αὑτοῦ
2128 652 2218 710 καὶ
2243 652 2563 732 νωθρότερος.

2161 792 2338 850 ΠΕΡΙ
2383 791 2875 850 ΕΥΡΗΜΑΤΩΝ.

1820 928 2074 983 Clemens
2117 929 2278 983 Alex.
2317 929 2524 984 strom.
2575 929 2630 995 1,
2674 946 2731 999 p.
2791 946 2930 999 129,
2964 946 3037 1000 29
3075 928 3230 999 Sylb.
3275 947 3288 980 t
3398 975 3406 982 .

1744 1011 1944 1071 Χίλωνι
1962 1014 2038 1091 τῷ
2062 1011 2460 1090 Λακεδαιμονίῳ
2480 1011 2790 1089 ἀναφέρουσι
2803 1010 2863 1067 τὸ
2884 1034 2966 1085 μη
2980 1011 3079 1068 δὲν
3105 1010 3226 1086 ἄγα
3241 1036 3289 1070 ν.

1745 1096 1995 1176 Στράτων
2031 1097 2088 1156 δὲ
2110 1101 2163 1156 ἐν
2191 1101 2266 1176 τῷ
2299 1097 2432 1175 Περὶ
2473 1096 2779 1174 εὑρημάτων
2822 1095 3182 1176 Στρατοδήμῳ
3219 1100 3294 1176 τῷ

1743 1185 1982 1263 Τεγεάτῃ
2007 1185 2294 1264 προσάπτει
2317 1185 2377 1242 τὸ
2396 1185 2706 1263 ἀπόφθεγμα
2725 1227 2741 1255 ,
2770 1183 2995 1258 Δίδυμος
3018 1184 3072 1241 δὲ
3093 1185 3294 1243 Σόλωνι

1745 1271 1871 1330 αὐτὸ
1885 1273 2206 1344 ἀνατίθησιν.
2229 1277 2341 1329 Pro
2363 1269 2722 1351 Στρατοδήμῳ
2745 1273 2944 1345 procul
2966 1271 3141 1326 dubio
3164 1276 3294 1327 scri·

1743 1358 1995 1414 bendum
2018 1357 2396 1435 Ἀριστοδήμῳ,
2421 1377 2742 1431 quanquam
2767 1359 2916 1412 hunc
2944 1377 3061 1412 non
3083 1360 3290 1430 Tegea·

1745 1456 1856 1500 tarn
1876 1488 1892 1515 ‚
1941 1445 2039 1500 sed
2097 1447 2367 1519 Argivum
2411 1447 2498 1500 vel
2562 1444 3050 1500 Lacedaemonium
3093 1446 3294 1517 reliqui

1745 1530 1963 1588 dicunt.

1824 1617 1984 1673 Idem
2007 1617 2144 1673 ibid.
2167 1637 2227 1692 p.
2265 1615 2393 1685 133,
2419 1628 2714 1693 postquam
2737 1617 2886 1669 varia
2903 1618 3185 1670 variorum
3211 1620 3295 1671 in-

1746 1715 1912 1759 venta
1939 1716 2293 1760 recensuerat
2308 1745 2324 1772 ,
2351 1706 2499 1758 inter
2533 1702 2714 1757 fontes
2739 1721 2866 1756 suos
2889 1714 3091 1776 praeter
3109 1705 3294 1757 Scam-

1745 1811 1970 1848 monem
1992 1793 2242 1864 aliosque
2266 1792 2427 1846 etiam
2448 1790 2764 1846 Stratonem
2787 1790 3212 1862 Peripateticum
3244 1790 3297 1843 ἐν

1744 1885 1848 1944 τοῖς
1878 1877 2011 1955 Περὶ
2047 1876 2353 1955 εὑρημάτων
2393 1878 2662 1932 nominat.
2715 1876 2808 1950 (V.
2864 1877 3058 1950 fragm.
3104 1879 3294 1932 Scam-

1746 1963 1977 2042 monis.)

2049 2177 2517 2235 THEODECTES
2575 2177 2995 2232 PHASELITA.

1824 2308 2022 2364 Suidas
2067 2327 2079 2361 :
2121 2304 2413 2375 Θεοδέκτης
2454 2304 2755 2374 Φασελίτης
2771 2291 2812 2382 ,’
2833 2303 3023 2383 ῥήτωρ,
3068 2304 3172 2370 υἱὸς
3203 2310 3294 2363 τοῦ

1743 2392 1994 2473 προτέρου
2024 2394 2130 2470 (sc.
2156 2395 2489 2450 Theodectis
2511 2395 2753 2448 rhetoris
2775 2405 2832 2449 et
2859 2394 3103 2468 tragici),
3136 2391 3297 2470 ἔγρα-

1743 2483 1836 2558 ψεν
1860 2477 2115 2556 ἐγκώμιον
2146 2477 2474 2554 Ἀλεξάνδρου
2496 2476 2819 2555 Ἠπειρώτου
2835 2521 2851 2548 ,
2882 2476 3143 2555 Ἱστορικὰ
3166 2481 3295 2534 ὑπο-

1746 2565 2025 2642 μνήματα,
2064 2564 2285 2640 Νόμιμα
2313 2562 2607 2642 βαρὸαρικὰ
2626 2605 2641 2632 ,
2666 2563 2911 2641 [Τέχνην
2946 2563 3217 2643 ῥητορικὴν
3248 2567 3298 2621 ἐν

1748 2652 1965 2731 βιόλίοις
1986 2646 2100 2731 ζ’,]
2127 2651 2217 2709 καὶ
2245 2650 2382 2708 ἄλλα
2414 2649 2584 2709 πολλὰ
2609 2649 3018 2725 Ὑπομνήματα.

1824 2743 1909 2796 De
1927 2738 2248 2795 Theodecte
2275 2740 2521 2808 seniore,
2545 2740 2801 2793 Isocratis
2812 2749 2871 2794 et
2886 2737 3130 2793 Platonis
3147 2737 3303 2793 disci·

1746 2824 1914 2898 pulo,
1957 2828 2056 2899 qui
2081 2836 2243 2881 natus
2269 2827 2417 2880 circa
2440 2826 2527 2882 01.
2566 2844 2701 2893 1oo,
2732 2825 2848 2895 jam
2875 2835 3133 2881 mortuus
3174 2836 3294 2879 erat

1747 2912 1836 2967 Ol.
1872 2930 1894 2965 1
1912 2930 1934 2965 1
1952 2930 1973 2966 1
1995 2952 2012 2980 ,
2032 2918 2087 2976 l..
2114 2910 2224 2966 333
2250 2910 2560 2982 (Plutarch.
2579 2912 2737 2968 Alex.
2766 2929 2830 2980 17
2851 2906 2889 2984 )‚
2908 2909 3039 2965 vide
3056 2912 3296 2966 Wester-

1746 3015 1935 3053 mann.
1969 2998 2030 3052 in
2060 2999 2257 3053 Gesch.
2283 2993 2340 3054 d.
2364 3015 2451 3069 gr.
2477 2998 2706 3052 Ber-eds.
2747 2995 2852 3064 50,
2887 2997 2951 3065 6;
2977 2995 3085 3064 68,
3117 3015 3211 3064 21,
3240 3008 3297 3051 et

1747 3086 2015 3158 Wagner.
2058 3086 2119 3140 in
2156 3087 2378 3159 Fragm.
2413 3078 2594 3158 uagg.
2642 3102 2702 3157 p.
2755 3102 2777 3137 ι
2794 3083 2861 3138 13
2905 3101 3028 3156 sqq.
3069 3085 3152 3138 De
3179 3082 3298 3138 filio

1749 3170 2070 3227 Theodecte
2091 3212 2107 3239 ,
2152 3173 2251 3244 qui
2277 3171 2381 3226 sub
2420 3170 2719 3227 Ptolemaeo
2746 3172 2773 3225 1
2813 3167 3066 3225 floruisse
3098 3169 3299 3236 debet,

1749 3256 1976 3312 aliunde
2011 3275 2128 3312 non
2167 3268 2416 3325 constat3
2456 3275 2640 3328 neque
2665 3275 2902 3328 opernm
2932 3257 3301 3328 frag-rnenmm
3391 3315 3400 3328 ⁸

123 3338 261 3395 αὑτοῦ
286 3361 336 3398 τι
372 3338 710 3420 προφέρηται
749 3338 839 3398 καί
874 3363 926 3399 τι
970 3344 1072 3400 τῶν
1113 3339 1255 3400 ἰδίων
1300 3341 1658 3418 ἐπινοημάτων
1752 3345 1994 3419 aliquod
2025 3348 2188 3420 potui
2203 3346 2496 3422 indagare.

627 3531 731 3592 DE
768 3531 1151 3595 INVENTlS.

178 3656 288 3708 Illud
317 3679 329 3709 ι
354 3662 425 3710 Ne
452 3658 590 3724 quid
609 3662 765 3711 usmis
792 3661 980 3712 Chiloni
1000 3663 1357 3715 Lacedaemonio
1387 3665 1649 3715 ascribunt.

311 5253 595 5290 ΠΑΕΙΕΝΊἌ
620 5251 743 5289 ΙΙΙΒΤ.
766 5250 847 5285 GR·
875 5261 927 5271 -
944 5249 1046 5282 VOL·
1072 5248 1119 5282 n·

1753 3510 1946 3558 straton
1975 3519 2090 3558 vero
2117 3509 2166 3558 in
2192 3509 2318 3560 libro
2341 3513 2412 3560 De
2436 3510 2640 3559 inventis
2673 3507 2857 3558 dietum
2887 3509 2979 3558 hoc
3004 3508 3302 3559 stratodemo

1756 3587 2131 3716 §mmmm
2169 3590 2388 3649 Tegeatae
2426 3588 2619 3648 tribum
2651 3586 2881 3648 Didymus
2907 3585 3111 3648 denique
3140 3588 3302 3637 soloni
