3900 6042
524 526 547 575 τ
563 527 596 572 0
1695 499 1977 560 CRlTlAE
2023 490 2535 555 A'ffiENfflNsts

858 664 1272 741 [ΑΘΗΝΑΙΩΝ
1323 663 1733 737 ΠΟΛΙΤΕΙΑ.]

1262 829 1320 885 8.

600 991 804 1058 AElian.
828 991 890 1043 V.
923 988 993 1042 H.
1022 987 1111 1050 X,
1145 1002 1209 1052 ¹7
1243 1002 1255 1036 :
1288 976 1441 1056 Λέγει
1473 977 1687 1057 Κριτίας
1712 978 2073 1053 Θεμιστοκλέα

522 1076 606 1133 τὸν
641 1070 957 1147 Νεοκλέους,
997 1070 1117 1148 πρὶν
1158 1092 1196 1138 η
1235 1066 1489 1146 ἄρξασθαι
1529 1065 1914 1136 πολιτεύεσθαι,
1958 1067 2075 1145 τρία

520 1163 750 1220 τάλαντα
778 1158 916 1237 ἔχειν
953 1156 1049 1228 τὴν
1077 1155 1254 1213 οὐσίαν
1283 1153 1377 1225 τὴν
1416 1152 1692 1233 πατρῴαν·
1721 1153 1836 1210 ἐπεὶ
1878 1152 1933 1209 δὲ
1973 1157 2074 1211 τῶν

523 1252 703 1308 κοινῶν
730 1245 987 1326 προέστη,
1017 1235 1178 1301 εἶτα”
1151 1266 1307 1322 εςρυγε
1336 1241 1425 1299 και
1445 1238 1704 1318 ἐδημεύθη
1732 1244 1890 1299 αὐτοῦ
1914 1245 1948 1311 ἡ
1981 1243 2075 1298 οὗ·

524 1337 610 1394 σία
626 1380 643 1412 ,
671 1332 1015 1413 κατεφωράθη
1037 1329 1220 1390 ἕκατον
1240 1329 1510 1388 ταλάντων
1535 1329 1698 1386 πλείω
1716 1328 1897 1387 οὐσίαν
1891 1316 2071 1406 ἔχων.

524 1421 752 1500 Ὁμοίως
778 1418 831 1477 δὲ
852 1419 941 1477 καὶ
963 1417 1183 1478 Κλέωνα
1211 1417 1311 1495 πρὸ
1328 1421 1417 1475 τοῦ
1435 1417 1711 1495 παρελθειν
1727 1414 1816 1474 ἐπὶ
1840 1413 1905 1472 τὰ
1929 1414 2076 1473 κοινὰ

526 1509 685 1586 μηδὲν
711 1532 813 1566 των
833 1506 1033 1565 οἰκείων
1060 1503 1319 1582 ἐλεύθερον
1350 1494 1498 1561 εἶναι·
1526 1502 1660 1580 μετὰ
1684 1501 1738 1598 δὲ
1758 1500 2077 1572 πεντήκοντα

523 1596 788 1655 ταλάντων
820 1593 905 1652 τὸν
928 1585 1067 1652 οικον
1095 1589 1365 1652 ἀπέλιπεν.

1264 1769 1322 1822 9.

603 1908 880 1966 Plutarch.
900 1909 1119 1962 Cimon.
1151 1925 1200 1962 c.
1235 1905 1301 1959 16
1332 1923 1344 1956 :
1369 1903 1779 1959 Lacedaemonii
1809 1902 1880 1957 ab
1907 1902 2082 1957 Helo-

526 1998 670 2052 tibus
698 2007 754 2052 et
769 1994 1050 2050 Messeniis
1067 1994 1238 2065 pressi
1255 2032 1271 2058 ,
1294 1992 1456 2044 misso
1481 1989 1752 2044 Periclida
1775 1990 2082 2060 Athenien-

524 2086 664 2139 sium
681 2082 950 2137 auxilium
971 2081 1292 2153 implorant.
1316 2075 1597 2156 Ἐφιάλτου
1619 2073 1673 2131 δὲ
1690 2073 1975 2140 κωλύοντος
1992 2074 2082 2131 καὶ

526 2165 1000 2246 διαμαρτυρομένου
1051 2163 1127 2239 μὴ
1177 2162 1399 2241 βοηθεῖν,
1448 2163 1571 2237 μηδ’
1619 2162 1890 2219 ἀνιστάναι
1930 2161 2082 2219 πόλιν

527 2255 808 2311 ἀντίπαλον
837 2252 922 2310 ἐπὶ
949 2250 1040 2317 τὰς
1067 2250 1309 2321 Ἀθήνας,
1337 2252 1452 2307 ἀλλ’
1501 2251 1591 2306 ἐᾶν
1619 2249 1821 2306 κεῖσθαι
1853 2248 1943 2305 καὶ
1972 2271 2079 2305 πα-

525 2347 743 2413 τηθῆναι
773 2341 831 2398 τὸ
857 2339 1093 2421 φρόνημα
1119 2342 1210 2409 τῆς
1236 2335 1518 2416 Σπάρτης,
1555 2335 1775 2411 Κίμωνά
1795 2358 1920 2414 φησι
1949 2339 2083 2415 Κρι-

528 2431 638 2496 τίας
674 2429 767 2499 τὴν
796 2432 887 2498 τῆς
913 2427 1159 2505 πατρίδος
1188 2424 1404 2495 αὔξησιν
1444 2427 1497 2483 έν
1525 2422 1725 2503 ὑστέρῳ
1753 2423 1965 2499 θέμενον
1992 2429 2081 2481 τοῦ

527 2514 954 2588 Λακεδαιμονίων
995 2511 1375 2593 συμφέροντος,
1405 2510 1761 2569 ἀναπείσαντα
1800 2510 1889 2568 τὸν
1917 2512 2080 2584 δῆμον

527 2602 744 2671 ἐξελθεῖν
797 2606 1077 2680 βοηθοῦντα
1112 2599 1245 2676 μετὰ
1295 2600 1498 2656 πολλῶν
1541 2600 1787 2657 ὁπλιτῶν.
1818 2601 1902 2659 Cf.
1953 2604 2079 2655 Ion.

527 2695 722 2758 tragus.
760 2702 812 2752 7.

605 2801 689 2852 De
728 2799 959 2851 Cimone
1004 2796 1241 2850 verbum
1271 2794 1457 2849 Critiae
1489 2791 1648 2848 affert
1674 2794 1822 2848 Plut.
1870 2794 1906 2848 l.
1950 2795 1990 2846 1.
2029 2815 2078 2848 c.

537 2903 606 2937 ιι)
636 2903 647 2937 :
685 2880 900 2957 Κριτίας
922 2881 974 2938 ἐν
999 2882 1103 2945 τοῖς
1127 2877 1409 2955 Ἐλεγείοις
1439 2875 1667 2955 εὔχεται·

653 3036 861 3082 Πλοῦτον
880 3034 963 3095 μὲν
991 3033 1267 3091 Σκοπαδῶν,
1297 3032 1702 3094 μεγαλοφροσύνην
1717 3034 1766 3080 δὲ
1788 3033 2022 3095 Κίμωνος,

651 3122 781 3176 νίκας
799 3122 839 3168 δ’
859 3121 1066 3181 Ἀγεσίλα
1084 3125 1167 3167 τοῦ
1189 3119 1574 3180 Λακεδαιμονίου.

610 3273 911 3343 Sequentia
936 3288 1002 3324 ex
1035 3270 1183 3323 libro
1219 3265 1366 3345 περὶ
1402 3270 1682 3336 ποιητῶν
1711 3269 1818 3326 καὶ
1860 3274 2086 3349 σοφῶν,

533 3358 754 3432 qualem
778 3357 946 3411 etiam
964 3357 1254 3430 Antiphon
1280 3357 1884 3430 scripsisse.ferebatur,
1909 3363 2085 3431 petita

532 3462 645 3498 esse
672 3442 955 3497 videntur.

1273 3595 1361 3634 10.

615 3713 1170 3768 Mallius'l‘heodorus
1179 3714 1264 3768 De
1275 3715 1435 3768 Metr.
1452 3733 1507 3788 p.
1537 3734 1555 3768 1
1568 3735 1605 3788 9
1618 3716 1709 3772 ed.
1723 3718 2021 3789 Heusingen
2038 3759 2050 3771 .
2072 3736 2084 3770 z

693 3928 1321 4006 [ATHENIENSIUM
1380 3930 1879 3991 RESPUBLICA.
1909 3932 1930 4006 1

1287 4056 1339 4104 8.

600 4157 773 4205 Critias
789 4155 907 4205 dicit
921 4155 1289 4204 Themistoclem
1303 4155 1491 4204 Neoclis
1509 4156 1679 4217 tilium,
1696 4161 1954 4219 antequam
1976 4173 2092 4207 rem·

539 4244 777 4305 publicam
800 4242 1131 4292 administrare
1171 4242 1416 4303 coepisset,
1446 4243 1591 4291 trium
1620 4245 1775 4293 solum
1809 4246 2094 4294 talentorum

540 4346 641 4380 rem
658 4369 672 4391 ,
707 4330 1031 4380 haereditatem
1060 4331 1311 4392 paternam
1333 4368 1347 4390 ‚
1384 4330 1622 4380 habuisse.
1692 4335 1947 4395 Postquam
1983 4348 2096 4382 vero

541 4418 812 4481 reipublicae
830 4417 1120 4480 praefuisset,
1140 4420 1188 4466 et
1211 4417 1320 4466 dein
1341 4417 1584 4479 exularet,
1603 4433 1659 4466 ac
1678 4419 1802 4469 bona
1827 4420 1930 4481 ejus
1948 4422 2098 4482 puhli-

541 4509 784 4564 carentur,
807 4507 1022 4566 repertus
1054 4505 1127 4553 est
1146 4504 1352 4582 amplius
1378 4505 1571 4554 centum
1594 4508 1884 4556 talentorum
1904 4507 2096 4557 faculta-

543 4595 613 4639 tes
632 4590 824 4640 habere.
888 4590 1115 4640 Similiter
1135 4591 1279 4639 etiam
1301 4589 1361 4638 de
1380 4592 1557 4640 Cleone
1570 4628 1584 4652 ,
1603 4597 1860 4655 antequam
1888 4594 1949 4643 ad
1969 4609 2098 4644 rem·

544 4681 782 4741 publicam
812 4679 1087 4740 accederet,
1125 4678 1244 4728 nihil
1281 4693 1440 4728 rerum
1477 4681 1580 4742 ejus
1621 4682 1924 4732 familiarium
1959 4685 2101 4734 fuisse

545 4769 749 4817 liberum
773 4789 785 4818 ε
809 4773 916 4831 post
938 4783 1054 4820 vero
1080 4769 1423 4832 quinquaginta
1447 4771 1739 4819 talentorum
1761 4784 1862 4819 rem
1891 4771 2097 4834 reliquit.

1291 4879 1343 4928 9.

609 4977 828 5038 Ephialte
860 4980 1152 5039 repugnante
1187 4978 1552 5039 obtestanteque
1591 4991 1651 5026 ne
1687 4977 1743 5026 iis
1768 4982 2104 5028 succurrerent

551 5064 873 5122 Athenienses,
898 5077 1054 5126 neque
1080 5065 1251 5114 urbem
1271 5065 1467 5113 Athenis
1492 5064 1719 5113 aemulam
1737 5066 2000 5127 erigerent,
2020 5068 2104 5114 sed

547 5151 705 5211 jacere
723 5163 828 5198 eam
852 5150 1122 5213 fastumque
1147 5153 1434 5212 Spartanum
1468 5152 1642 5199 calcari
1672 5152 1909 5212 sinerent,
1939 5153 2103 5202 Cimo-

511 5279 517 5290 ,
553 5250 661 5284 uem
681 5235 746 5284 ait
770 5236 965 5297 Critias,
987 5237 1155 5297 patriae
1173 5237 1465 5286 incremento
1485 5238 1678 5288 utilitati
1716 5239 2102 5288 Lacedaemonio-

2164 621 2404 676 Metrum
2436 621 2587 690 dact)
2602 622 2766 672 licum
2802 617 3184 671 hexametrum
3224 620 3502 670 inventum
3513 619 3707 687 primi
3712 644 3731 654 ·

2162 721 2246 762 tus
2281 705 2356 761 ab
2392 706 2615 781 Orpheo
2647 706 2848 761 Crinas
2874 709 3089 772 asserit,
3127 705 3473 759 Democritus
3509 722 3549 755 a
3589 703 3731 756 Mu·

2160 818 2291 852 soeo.

2903 944 2990 981 11.

2244 1082 2558 1137 Philostrat.
2592 1083 2655 1136 V.
2704 1080 2881 1153 Soph.
2925 1099 2986 1153 p.
3025 1080 3135 1145 480
3174 1100 3187 1132 :
3225 1067 3364 1135 Οἶδα
3399 1075 3503 1154 γὰρ
3550 1074 3621 1144 δὴ
3652 1077 3743 1132 καὶ

2169 1164 2386 1243 Κριτίαν
2423 1164 2509 1222 τὸν
2547 1163 2796 1244 σοφιστὴν
2824 1166 2916 1221 οὐκ
2944 1166 3003 1222 ἐκ
3030 1162 3294 1244 πατέρων,
3332 1166 3453 1220 ἀλλ’
3481 1163 3738 1240 Ὁμήρου

2165 1252 2227 1322 δὴ
2253 1251 2408 1327 μόνον
2432 1250 2832 1328 ἐπιμνησθέντα,
2856 1250 3035 1321 ἐπειδὴ
3057 1257 3232 1328 θαῦμα
3258 1250 3514 1322 δηλώσειν
3538 1248 3737 1324 ἔμελλε

2164 1342 2367 1419 πατέρα
2394 1340 2633 1418 Ὁμήρου
2658 1338 2892 1415 ποταμὸν
2918 1330 3070 1398 εἶναι.

2245 1429 2338 1485 οὐκ
2371 1429 2431 1485 ἐκ
2456 1433 2606 1497 πατ.]
2646 1427 2703 1484 οὗ
2744 1430 2846 1483 τῶν
2876 1426 3062 1505 ἐτέρων
3087 1423 3364 1502 πατέρωνὲ
3394 1459 3466 1469 -
3493 1427 3739 1482 Weber.

2166 1521 2473 1574 Comment.
2523 1516 2595 1570 de
2633 1517 2804 1571 Critia
2840 1535 2899 1589 p.
2933 1516 3004 1570 23
3049 1536 3063 1569 ι
3102 1539 3126 1564 κ
3172 1516 3547 1569 Philostratus
3594 1515 3741 1569 dicit

2167 1622 2413 1678 quorum
2433 1604 2575 1656 vitas
2595 1601 2988 1668 delineaverit,
3013 1620 3109 1656 eos
3130 1620 3248 1656 non
3270 1601 3479 1655 additis
3506 1612 3739 1673 patrum

2167 1691 2490 1747 nominibus
2522 1689 2832 1756 induxisse,
2863 1690 2967 1742 nisi
2996 1691 3335 1756 Homerum,
3367 1688 3531 1759 quod
3558 1690 3743 1742 mira-

2169 1780 2296 1834 culo
2321 1778 2443 1833 sore
2466 1776 2725 1844 duceret,
2751 1786 2970 1848 patrem
2994 1777 3228 1830 Homeri
3246 1773 3481 1829 fluvium
3506 1794 3661 1841 esse3
3687 1777 3744 1827 in

2171 1885 2286 1938 quo
2315 1864 2475 1919 facile
2514 1862 2671 1917 vides
2712 1863 2972 1918 deridere
3004 1864 3242 1917 voluisse
3269 1864 3501 1918 Critiam
3529 1881 3739 1915 eorum

2170 1951 2469 2008 absurdam
2511 1950 2889 2018 sedulitatem,
2932 1952 3029 2024 qui
3064 1949 3501 2022 uniuscujusque
3540 1951 3741 2022 magni

2169 2040 2410 2105 hominis
2436 2039 2603 2093 etiam
2625 2038 3049 2093 memorabilem
3073 2037 3355 2110 quendam
3382 2048 3612 2111 patrem
3626 2039 3743 2090 vel-

2173 2127 2304 2181 lent.
2345 2151 2369 2175 »
2402 2155 2483 2167 —-
2510 2128 2595 2179 De
2617 2125 2819 2180 Melete
2847 2122 3023 2179 fluvio
3052 2124 3285 2179 Homeri
3320 2135 3478 2196 patre
3514 2142 3575 2179 v.
3603 2123 3745 2178 Plu-

2173 2214 2556 2347 ΜΝΞ-3110111.
2592 2213 2701 2269 Vit.
2732 2230 2790 2279 2,
2832 2222 2890 2266 et
2928 2214 3089 2286 plura
3128 2230 3217 2284 ap.
3252 2211 3533 2266 Welcker.
3583 2210 3743 2281 Cycl.

2170 2311 2226 2364 p.
2266 2312 2287 2348 1
2379 2335 2390 2346 .

2907 2438 2996 2473 12.

2254 2586 2447 2644 AElian.
2481 2589 2551 2645 V.
2582 2592 2651 2644 H.
2690 2591 2779 2662 X,
2824 2587 2890 2642 13
2934 2603 2949 2639 τ
2981 2584 3222 2642 Αίτιᾶται
3255 2581 3466 2662 Κριτίας
3497 2580 3746 2661 Ἀρχίλο-

2173 2696 2285 2751 χον,
2313 2673 2392 2731 ὅτι
2418 2673 2641 2732 κάκιστα
2670 2671 2850 2730 ἑαυτὸν
2875 2663 3035 2730 εἶπεν.
3129 2696 3152 2720 «
3188 2671 3252 2730 Et
3278 2669 3378 2749 γὰρ
3408 2667 3521 2744 μὴ,
3558 2670 3747 2748 φησὶν,

2175 2763 2364 2825 ἐκεῖνος
2396 2759 2637 2831 τοιαύτην
2666 2758 2820 2827 δόξαν
2846 2754 2977 2836 ὑπὲρ
3006 2761 3190 2815 ἑαυτοῦ
3218 2760 3287 2823 εἷς
3319 2755 3434 2823 τοὺς
3466 2755 3747 2828 Ἕλληνας

2176 2847 2460 2922 ἐξήνεγκεν,
2484 2850 2578 2906 οὐκ
2606 2846 2669 2905 ἂν
2707 2846 3000 2922 ἐπυθόμεθα
3033 2851 3208 2921 ἡμεῖς,
3236 2844 3351 2903 οὔτε
3378 2845 3456 2902 ὅτι
3484 2846 3742 2910 'Eumae

2175 2936 2280 3001 υἱὸς
2309 2927 2370 3007 ἦν
2401 2940 2492 3008 τῆς
2520 2933 2731 3006 δούλης,
2760 2932 2866 2992 οὗθ’
2890 2933 2970 2991 ὅτι
2993 2932 3297 2992 καταλιπὼν
3322 2933 3500 3011 Πάρον
3527 2931 3620 2991 διὰ
3644 2957 3743 2991 πε-

2176 3022 2289 3080 νίαν
2318 3023 2408 3080 καὶ
2442 3020 2664 3100 ἀπορίαν
2703 3016 2856 3093 ἦλθεν
2879 3024 2951 3088 εἷς
2986 3020 3187 3091 Θάσον,
3209 3019 3316 3079 οὔθ’
3341 3020 3418 3078 ὅτι
3442 3019 3605 3079 ἐλθὼν
3640 3023 3745 3085 τοῖς

2179 3112 2394 3167 ἐνταῦθα
2410 3111 2590 3188 ἐχθρὸς
2606 3107 2839 3215 ἐγένετο,
2849 3107 2963 3168 οὐδὲ
2988 3107 3091 3184 μὴν
3112 3109 3191 3166 ὅτι
3211 3108 3399 3184 ὁμοίως
3421 3132 3540 3174 τους
3560 3108 3744 3187 φίλους

2179 3196 2269 3254 καὶ
2298 3196 2414 3262 τους
2457 3196 2668 3276 ἐχθρους
2695 3201 2870 3264 κακῶς
2908 3196 3071 3273 ἔλεγε.
3182 3197 3324 3276 Προς
3357 3197 3409 3254 δὲ
3436 3196 3642 3262 τούτοις
3681 3189 3742 3277 (η

2175 3282 2218 3340 δ’
2248 3282 2332 3360 ὃς)
2356 3281 2473 3341 οὔτε
2492 3283 2572 3342 ὅτι
2596 3285 2775 3363 μοιχὸς
2797 3290 2883 3356 ἠν,
2909 3282 3175 3363 ᾔδειμεν
3150 3308 3231 3354 αν,
3256 3285 3300 3340 εἶ
3323 3282 3395 3360 μὴ
3423 3285 3552 3361 παρ’
3577 3285 3742 3341 αὐτοῦ

2176 3369 2449 3447 μαθόντες,
2489 3369 2606 3430 οὔτε
2645 3371 2725 3429 ὅτι
2751 3370 2942 3448 λάγνος
2976 3371 3067 3430 καὶ
3108 3368 3377 3449 υὸριστὴς,
3405 3371 3524 3440 και,
3554 3392 3616 3427 το
3660 3370 3735 3428 ἔτι

2172 3456 2365 3514 τούτων
2386 3457 2673 3536 αἴσχιστον,
2689 3457 2767 3516 ὅτι
2782 3457 2876 3529 τὴν
2896 3458 3090 3516 ἀσπίδα
3106 3456 3390 3517 ἀπέὸαλεν.
3416 3484 3438 3507 n
3459 3458 3576 3515 Οὖκ
3597 3459 3739 3533 ἀγα-

2175 3546 2257 3607 θὸς
2286 3542 2388 3622 ἄρα
2417 3537 2479 3616 ἦν
2508 3549 2536 3602 ὁ
2564 3544 2867 3625 Ἀρχίλοχος
2890 3544 3086 3623 μάρτυς
3109 3547 3309 3623 ἑαυτῷ,
3336 3548 3564 3602 τοιοῦτον
3592 3543 3743 3608 κλέος

2177 3629 2467 3705 ἀπολιπὼν,
2498 3631 2587 3688 καὶ
2606 3631 2848 3703 τοιαύτην
2878 3635 3047 3710 ἑαυτῷ
3075 3629 3274 3711 φήμην.
3303 3633 3486 3689 Ταῦτα
3513 3631 3610 3687 οὐκ
3637 3626 3745 3707 ἐγὼ

2178 3715 2479 3796 Ἀρχίλοχον
2509 3722 2790 3794 αἰτιῶμαι,
2820 3717 2954 3775 ἀλλὰ
2984 3716 3216 3797 Κριτίας.

2182 3894 2287 3930 rum
2314 3883 2615 3944 posthabito,
2641 3883 2820 3944 populo
2851 3883 3093 3932 diversum
3126 3883 3437 3944 persuasisse,
3471 3881 3742 3943 multisque

2134 4037 2140 4059 Ι
2180 3981 2293 4018 curn
2311 3971 2508 4019 armatis
2529 3971 2590 4019 ad
2611 3984 2751 4032 opem
2772 3970 3016 4020 lei-endam
3034 3970 3250 4020 exivisse.

2916 4096 3004 4144 11.

2244 4210 2443 4258 critiam
2461 4223 2655 4270 quoque
2674 4210 2933 4271 sophistam
2946 4208 3140 4258 memini
3152 4209 3335 4269 patrem
3356 4206 3535 4255 nullius
3552 4220 3744 4256 memo·

2184 4309 2290 4345 rare
2304 4333 2317 4356 ,
2339 4299 2513 4358 praeter
2528 4296 2669 4345 unius
2689 4297 2909 4357 Homeri,
2929 4299 2980 4345 et
2993 4296 3084 4343 hoc
3101 4294 3298 4356 quidem
3317 4295 3570 4356 propterea
3582 4331 3597 4354 ,
3614 4294 3746 4355 quod

2186 4397 2286 4432 rem
2311 4384 2481 4432 miram
2494 4420 2508 4442 ,
2530 4397 2700 4446 nempe
2719 4383 2921 4432 fluvium
2940 4386 3149 4434 Homero
3166 4385 3351 4444 patrem
3371 4381 3543 4438 fuisse,
3566 4395 3749 4430 nunio-

2186 4472 2271 4520 τίω
2293 4471 2481 4520 tradere
2500 4471 2670 4520 voluit.

2925 4593 3005 4642 12.

2248 4711 2423 4760 critias
2441 4709 2739 4773 reprehendit
2757 4709 3094 4759 Archilochum
3107 4746 3123 4771 ,
3143 4709 3273 4772 quod
3288 4709 3387 4771 ipse
3400 4709 3461 4758 de
3476 4722 3529 4758 se
3547 4709 3749 4770 pessime

2187 4799 2249 4848 sit
2276 4799 2480 4847 locutus.
2507 4818 2530 4838 «
2553 4798 2652 4847 Nisi
2666 4797 2814 4857 enim,
2834 4797 2991 4858 inquit
3007 4834 3021 4858 ,
3051 4797 3153 4859 ipse
3170 4797 3232 4846 (le
3254 4810 3307 4845 se
3324 4797 3470 4845 talem
3503 4797 3678 4845 tamam
3698 4797 3745 4842 in

2188 4889 2384 4936 Graecos
2402 4885 2675 4945 extulisset,
2696 4898 2946 4946 nunquam
2967 4886 3133 4947 utique
3152 4898 3240 4934 nos
3256 4884 3561 4934 scivissemus
3591 4897 3749 4946 neque

2178 4990 2300 5030 ,eum
2324 4977 2499 5038 Enipus
2516 4989 2667 5024 servm
2686 4975 2839 5023 filiurn
2858 4977 3018 5036 fuisse,
3038 4989 3215 5037 neque,
3231 4975 3398 5025 relicta
3416 4979 3538 5024 Paro
3554 4977 3747 5037 propter

2190 5067 2518 5127 paupertatem
2534 5077 2790 5125 rerumque
2804 5063 3067 5126 penuriam,
3081 5063 3130 5112 in
3146 5064 3356 5112 Thasum
3369 5062 3573 5123 venisse,
3586 5074 3742 5124 neque

2190 5151 2335 5200 etiam
2345 5151 2493 5213 quod,
2504 5165 2562 5200 eo
2574 5164 2725 5213 quum
2748 5151 2970 5212 venisset,
2986 5151 3236 5199 hominum
3257 5150 3395 5199 istius
3413 5149 3508 5199 loci
3525 5149 3748 5198 inimicus

2191 5240 2411 5298 evaserit,
2425 5251 2579 5300 neque
2594 5251 2705 5286 vero
2716 5238 2845 5300 quod
2860 5238 3111 5300 aqualiter
3130 5240 3228 5287 tam
3245 5237 3410 5286 amicis
3427 5250 3577 5300 quarn
3597 5234 3746 5285 inimi-
