3900 6042
530 466 639 515 150

497 586 609 645 τεία
655 584 792 644 κατὰ
833 584 1036 663 μόριον·
1068 582 1198 641 ,ἀντὶ
1240 581 1343 662 γὰρ
1383 586 1484 641 τῶν
1529 582 1807 660 φυλάρχων
1848 579 2040 657 βουὶὴν

497 673 771 742 ἐποίησαν·
792 674 862 737 εἰς
890 670 945 728 δὲ
973 669 1067 741 τὴν
1090 669 1336 730 Ἡλιαίαν
1374 668 1662 745 ἐπάναγκές
1685 672 1820 726 ἐστιν
1846 667 1923 726 ἔτι
1944 672 2047 725 τῶν

1534 452 2041 513 ARISTOTELIS
2084 452 2579 512 FRAGMENTA.

2217 670 2384 725 Phot.
2423 672 2561 727 Lex.
2593 687 2655 742 p.
2686 666 2823 737 594,
2852 584 3052 743 ἑήεῧΤο
3081 668 3426 739 Μηλιακον
3449 673 3686 732 πλοῖον·

499 762 553 818 ἐν
589 762 663 816 τῶ
688 756 1030 833 πολιτεύματι
1060 757 1285 835 βαδίζειν
1306 755 1399 823 τὰς
1427 756 1620 835 ἀρχὰς,
1643 754 1768 813 ὅταν
1806 754 2047 833 ἐπιζηφί-
2138 758 2290 811 τοῦτο
2317 753 2526 812 ἐπὶτῶν
2555 753 2826 830 (παλαιῶν
2855 752 2946 811 καὶ
2972 755 3104 814 add.
3130 754 3424 831 Suidas)''
3389 778 3517 835 αγαν
3547 759 3688 838 ῥεόν·

500 818 653 916 ζηται
676 841 817 922 ἀρχή
845 865 940 908 τις·
979 844 1313 921 ὀλιγαρχικὸν
1343 841 1398 901 δὲ
1440 843 1530 901 καὶ
1556 846 1585 900 ὁ
1621 841 1796 921 ἅρχων
1822 845 1851 899 ὁ
1889 831 1960 906 εἷς
1987 832 2052 911 ἦν

501 935 554 991 ἑν
582 955 647 1006 τῃ
673 928 912 1005 πολιτείᾳ
939 928 1138 1008 ταύτῃ·
1162 951 1436 1007 πανταχου
1459 927 1559 1007 γὰρ
1584 928 1671 985 διὰ
1705 928 1769 986 τὸ
1811 927 1988 986 ἄνισον
2017 931 2051 997 ἡ

501 1018 698 1084 στάσις.
726 1020 910 1075 Verba
941 1015 1197 1093 ἐπάναγκ.
1228 1014 1424 1075 ἐστιν
1395 1038 1470 1073 ετι
1498 1018 1601 1072 τῶν
1636 1016 1681 1076 ἐ.
1711 1038 1762 1071 τ.
1793 1038 1852 1073 π.
1879 1018 1931 1092 β.
1958 1034 2054 1072 va·

499 1109 590 1162 rio
644 1106 818 1161 modo
857 1106 1213 1178 interpretati
1252 1116 1384 1160 sunt
1430 1105 1540 1158 viri
1583 1104 1646 1159 d.
1690 1103 1819 1158 vid.
1850 1114 2057 1176 praeter

501 1195 733 1250 Aristot.
755 1195 1086 1266 intrepretes
1101 1192 1524 1259 Schneiderum,
1546 1191 1782 1259 Coraen,
1802 1190 2057 1247 Goettlin·

501 1283 686 1355 gium,
710 1282 1015 1348 Hilarium,
1044 1281 1322 1335 Stahrium
1345 1320 1360 1345 ,
1388 1281 1635 1333 Kortiim
1666 1284 1684 1345 (
1716 1279 1832 1331 Ζιυ·
1856 1276 2056 1332 Gescla.

501 1368 636 1423 hell.
660 1364 980 1437 Staatsoetf
1013 1386 1072 1440 p.
1110 1365 1282 1442 118),
1312 1366 1533 1422 Miiller..
1557 1366 1692 1422 Dor.
1716 1366 1802 1431 11,
1831 1382 1889 1436 p.
1923 1362 2053 1431 156,

504 1455 640 1513 coll.
666 1454 1053 1511 Wachsmuth.
1081 1456 1312 1527 Antiqq.
1344 1454 1400 1519 1,
1438 1470 1495 1520 2,
1527 1469 1586 1524 p.
1617 1450 1730 1525 93,
1713 1471 1725 1483 ·
1755 1452 2056 1505 Titunann.

503 1537 826 1610 Smaesverf
857 1559 916 1613 p.
947 1545 1085 1614 492.

583 1624 671 1696 11,
701 1635 768 1697 4,
803 1628 914 1683 13:
942 1624 1079 1683 ”Αλλ
1109 1625 1255 1705 εἴπερ
1278 1625 1356 1682 δεῖ
1379 1623 1657 1700 δημοσίους
1684 1613 1817 1680 εἶναι
1848 1619 1968 1687 τοὺς
1988 1619 2055 1677 τὰ

503 1708 650 1770 κοινὰ
675 1711 1070 1789 ἐργαζομένους,
1097 1713 1172 1770 δεῖ
1192 1710 1429 1788 καθάπερ
1457 1713 1510 1769 ἐν
1541 1709 1853 1788 Ἐπιδάμνῳ
1879 1730 1937 1765 τε
1968 1706 2057 1764 καὶ

511 1801 581 1864 ὡς
626 1798 909 1879 Διόφαντός
956 1821 1082 1858 ποτε
1125 1795 1499 1864 κατεσκεύαζεν
1550 1794 1825 1868 Ἀθήνησι,
1876 1799 2056 1853 τοῦτον

505 1883 641 1962 ἔχειν
670 1884 758 1943 τὸν
779 1885 989 1963 τρόπον.
1018 1890 1084 1943 V.
1113 1888 1338 1944 Mulier.
1359 1887 1399 1941 l.
1426 1887 1466 1941 l.
1497 1905 1558 1959 p.
1588 1905 1685 1956 27.

921 2012 945 2090 [
964 2010 1588 2072 ΑΠΟΛΛΩΝΙΑΤΩΝ.
1608 2010 1633 2087 ]

1217 2147 1345 2207 141.

595 2254 1148 2330 [Aristot.Pol.1V,
1182 2139 1248 2332 ΖΞ,
1295 2139 1514 2314 8]:’Ev
1558 2250 1877 2332 Ἀπολλωνία
1910 2254 2059 2331 ϋῇἐν

392 2404 403 2418 .
506 2342 581 2420 τῷ
608 2340 771 2418 Ἰονίῳ
799 2341 888 2398 καὶ
911 2342 964 2397 ἐν
987 2340 1211 2421 Θήρα...
1244 2342 1297 2398 ἐν
1319 2344 1433 2406 ταῖς
1452 2344 1628 2417 τιμαῖς
1655 2330 1789 2409 ἦσαν
1813 2341 1860 2396 οἱ
1881 2338 2060 2416 διαφέ-

511 2449 680 2505 ροντες
725 2425 844 2485 κατ’
888 2426 1145 2504 εὐγένειαν
1194 2426 1285 2485 καὶ
1333 2449 1530 2507 πρωτοι
1568 2425 1919 2505 κατασχόντες
1963 2424 2058 2493 τὰς

506 2514 779 2660 ἀποιέἓκς,
806 2514 1026 2591 ὀλίγοι”
997 2538 1137 2581 οντες
1158 2515 1426 2592 πολλῶν.]
1451 2518 1521 2573 V.
1545 2517 1767 2574 Mulier.
1799 2517 1935 2570 Dor.
1966 2516 2057 2585 11,

507 2623 565 2677 p.
600 2625 622 2660 1
717 2646 730 2660 .

1094 2701 1464 2761 ΜΗΛΙΕΩΝ.

1219 2821 1348 2881 142.

584 2937 786 2990 Steidas
816 2955 860 2991 s,
894 2956 944 2990 v.
991 2936 1113 2993 Τῶν
1159 2933 1418 3013 φιλτάτων
1464 2931 1531 2990 τὰ
1581 2932 1802 3013 φίλτατα
1830 2952 1847 2993 :
1879 2930 2060 3002 Φησὶν

510 3019 864 3099 Ἀριστοτέλης
919 3022 971 3077 ἐν
1024 3024 1090 3098 τῇ
1135 3020 1382 3090 Μηλιέων
1428 3018 1664 3100 πολιτεία
1709 3019 1825 3086 τοὺς
1871 3022 2061 3085 παῖδας

506 3107 729 3182 γυμνοὺς
763 3105 991 3185 ἐκφέρειν
1023 3107 1090 3182 (l.
1130 3104 1454 3185 περιφέρειν)
1494 3105 1680 3186 μέχρις
1708 3107 1834 3163 ἐτῶν
1870 3106 1940 3171 ις’
1972 3105 2060 3163 καὶ

507 3194 809 3270 καταφιλεῖν
829 3192 1011 3258 αὐτοὺς
1033 3195 1085 3250 ἐν
1113 3200 1218 3258 τοῖς
1244 3191 1568 3269 συμποσίοις.

591 3282 672 3338 Cf.
695 3284 864 3341 Prov.
890 3284 1142 3338 Vatican.
1168 3282 1430 3355 Append.
1451 3283 1550 3350 IV,
1583 3280 1663 3340 5.
1682 3278 1952 3351 Μηλίοις
1922 3286 2059 3337 ανεῖ-

510 3368 594 3422 λεν
624 3369 651 3422 ὁ
689 3365 827 3436 θεος,
871 3368 1035 3447 φιλεῖν
1062 3370 1165 3425 τῶν
1200 3366 1460 3447 φιλτάτων
1489 3365 1557 3423 τὰ
1583 3363 1834 3446 φίλτατα·
1877 3363 2061 3444 μέχρις

509 3443 596 3509 ουν
622 3455 749 3511 ἐτῶν
778 3454 903 3511 δέκα
935 3451 985 3521 ἕξ
1020 3453 1099 3531 (δ’
1134 3451 1169 3523 ἢ
1206 3477 1241 3518 ς
1242 3452 1325 3532 Ῥ)
1357 3450 1580 3529 γυμνοὺς
1605 3451 1903 3533 περιέφερον
1942 3451 2060 3518 τους

508 3540 722 3612 παῖδας,
748 3541 836 3597 καὶ
864 3540 1169 3621 κατεφίλουν
1189 3541 1241 3597 ἐν
1271 3539 1541 3619 Ὀλυμπία
1581 3539 1665 3618 (⁰2³).

586 3631 698 3685 Res
757 3630 1026 3686 obscurae.
1108 3626 1407 3698 Μηλιέων
1477 3626 1814 3698 πολιτεία,
1879 3630 2059 3703 glossa

508 3716 691 3771 Suidae
716 3737 772 3791 p.
807 3716 920 3772 828
950 3717 1043 3772 ed.
1072 3716 1424 3790 Bernhardy.

570 3884 631 3930 Et
652 3881 897 3943 Epidamni
910 3884 1097 3930 mutata
1119 3884 1192 3931 est
1206 3881 1483 3942 reipublicae
1501 3879 1892 3930 administrandae
1907 3883 2061 3929 torma

507 3972 565 4007 ex
587 3961 721 4020 parte
746 3957 974 4020 quadam.
994 3961 1115 4006 Nam
1137 3970 1223 4019 pro
1245 3957 1518 4020 phylarchis
1535 3961 1754 4005 senatum
1770 3956 1839 4005 sic
1857 3957 2058 4018 popula·

508 4048 611 4085 rem
632 4036 857 4084 fecerant.
885 4037 941 4083 ln
959 4034 1188 4083 Reliaeam
1212 4042 1326 4083 vero
1347 4035 1408 4095 (i.
1430 4046 1474 4083 e.
1510 4037 1567 4082 in
1587 4034 1755 4095 βουλῆς
1775 4035 1928 4082 iscius
1946 4045 2058 4081 con·

506 4118 701 4173 cinnes,
721 4115 801 4161 uti
825 4111 1058 4173 videtur)
1085 4124 1275 4161 necesse
1299 4112 1458 4161 adhuc
1479 4114 1609 4168 erat,
1642 4113 1698 4159 ut
1715 4123 1777 4159 ex
1812 4109 2060 4159 nobiliori-

508 4192 600 4241 bus
624 4190 811 4240 civibus
829 4189 1005 4251 ii‚.qui
1027 4190 1307 4250 magisnatu
1336 4188 1676 4250 fungebantur,
1694 4200 1746 4237 se
1761 4186 2059 4247 conferrent,

504 4268 700 4330 quando
717 4267 888 4330 aliquis
905 4266 1210 4328 magistratus
1224 4265 1273 4314 in
1288 4264 1530 4314 demortui
1544 4265 1704 4313 iocum
1727 4263 1954 4326 sinffragio
1969 4264 2062 4314 suf·

504 4345 737 4396 ficiendus
758 4348 877 4396 erat.
897 4344 1182 4407 Oligarchiae
1205 4345 1368 4393 autem
1382 4342 1699 4392 conveniebat
1721 4342 1866 4392 etiam
1885 4345 2061 4404 proetor

505 4435 590 4471 seu
623 4422 803 4471 archon
835 4434 960 4470 unus
983 4420 1032 4469 in
1061 4421 1151 4468 hac
1179 4419 1423 4483 republica
1459 4433 1473 4467 τ
1506 4418 1684 4481 ubique
1715 4420 1841 4468 enim
1870 4421 2060 4481 propter

505 4500 882 4564 inaequaiitatem
897 4500 1066 4550 seditio
1087 4501 1257 4549 oritur.

566 4580 745 4637 Quodsi
776 4580 992 4643 publicos
1013 4590 1177 4628 servos
1201 4591 1305 4628 esse
1340 4579 1528 4640 oportet
1545 4590 1653 4640 ees,
1681 4578 1764 4639 qui
1786 4578 2060 4627 communia

506 4658 705 4707 artificia
722 4658 945 4707 exercent
957 4693 971 4715 ‚
993 4655 1139 4705 debet
1157 4656 1248 4705 boc
1266 4655 1335 4705 ita
1354 4668 1407 4705 se
1424 4655 1599 4705 habere
1621 4658 1679 4705 ut
1706 4656 1987 4718 Dyrrhachii
2010 4659 2060 4705 et

505 4736 561 4782 ut
594 4734 852 4797 aliquando
866 4733 1165 4796 Diophantus
1181 4732 1379 4782 Athenis
1394 4732 1621 4782 instituit.

875 4829 1643 4906 [APOLLONIATARUM.
1662 4830 1684 4907 ]

567 5026 650 5089 [iu
677 5024 920 5086 Apollonia
942 5025 1003 5073 ad
1044 5037 1176 5099 madre
1198 4943 1411 5073 3318111111
1437 5023 1528 5072 sita
1545 5028 1594 5072 et
1618 5025 1666 5072 in
1690 5024 1844 5074 Thera
1872 5025 2057 5073 honori-

508 5103 600 5150 bus
619 5101 858 5162 ponebant
876 5100 961 5162 qui
986 5102 1275 5162 praeshbant
1296 5098 1547 5148 nobilitate
1563 5135 1576 5158 ,
1604 5101 1783 5162 quique
1809 5101 1950 5162 primi
1974 5115 2056 5149 co-

506 5177 660 5227 lonias
682 5180 999 5237 occuparant,
1021 5178 1158 5239 pauci
1179 5178 1247 5225 itu
1272 5177 1393 5226 inter
1412 5177 1643 5241 inuitos.]

2141 862 2244 897 των
2297 839 2489 898 πλοίων
2536 839 2641 898 ἀπο
2685 838 2915 918 ἱστορίας
2954 863 3089 906 τινος
3144 839 3375 916 εἴρηται·
3419 844 3545 919 φησὶ
3583 868 3694 925 γαρ

2141 925 2494 1004 Ἀριστοτέλης
2555 925 2809 998 Ἱππότην
2867 928 2938 993 εἰς
3000 926 3245 986 ἀποικίαν
3298 931 3318 1005 (
3346 930 3511 987 οἰκίαν
3560 938 3692 992 vat.

2143 1017 2310 1075 prov.
2328 1012 2700 1090 )στελλόμενον
2719 1015 2822 1080 τοῖς
2842 1013 2916 1088 μὴ
2939 1014 3259 1092 βουληθεῖσιν
3276 1018 3421 1096 αὐτῷ
3440 1022 3694 1094 συμπλεῖν

2143 1102 2557 1179 καταράσασθαι·
2588 1098 2765 1171 ἐπειδὴ
2793 1100 2896 1180 γὰρ
2913 1101 3380 1181 προφασιζόμενοι,
3407 1107 3457 1163 οἱ
3481 1104 3572 1180 μὲν
3596 1110 3696 1173 τὰς

2143 1191 2391 1263 γυναῖκας
2414 1189 2585 1255 αὐτοῖς
2614 1190 2931 1267 ἀρρωστεῖν,
2970 1191 3020 1247 οἱ
3056 1187 3111 1246 δὲ
3139 1186 3206 1245 τὰ
3232 1191 3394 1248 πλοῖα
3425 1194 3555 1272 ῥεῖν,
3585 1216 3696 1251 κα-

2144 1275 2385 1349 τέμενον,
2415 1274 2755 1355 κατηράσατο
2784 1274 2918 1350 μήτε
2954 1276 3115 1333 πλοῖα
3144 1277 3376 1354 στεγανᾶ
3401 1281 3569 1345 αὐτοῖς
3601 1302 3693 1356 γε,-

2145 1361 2321 1420 νέσθαι
2345 1361 2470 1420 ποτὲ
2499 1363 2591 1419 καὶ
2617 1362 2718 1419 ὑπὸ
2766 1366 2868 1420 τῶν
2891 1365 3149 1438 γυναικῶν
3175 1369 3479 1443 κρατεῖσθαι
3506 1367 3606 1427 ἀεί.

2225 1451 2439 1507 Eadem
2485 1452 2740 1519 brevius,
2785 1453 2950 1507 missa
3007 1453 3328 1509 Aristotelis
3377 1459 3694 1526 mentione,

2146 1539 2343 1595 Suidas
2380 1554 2436 1596 v.
2485 1535 2789 1608 Μηλιακόν,
2831 1539 3091 1612 Apostol.
3135 1541 3311 1598 Prov.
3363 1542 3537 1613 xlx,
3585 1544 3694 1617 895

2146 1627 2313 1683 Prov.
2333 1628 2454 1681 Vat.
2475 1625 2736 1699 Append.
2764 1627 2840 1682 lv
2855 1664 2872 1694 ,
2900 1631 2951 1689 4.
2977 1626 3155 1681 Aliter
3179 1628 3518 1703 Diogenian.
3543 1632 3695 1700 vm,

2150 1713 2317 1787 31,p.
2339 1712 2452 1767 310
2476 1712 2608 1770 edd.
2633 1716 2704 1769 L.
2727 1722 2784 1768 et
2800 1713 2969 1770 Schn.
2993 1729 3009 1770 :
3030 1709 3110 1770 Τὸ
3128 1713 3206 1770 Μ.
3228 1713 3322 1771 πλ.
3338 1712 3424 1770 ἐπὶ
3441 1718 3544 1772 τῶν
3565 1713 3699 1792 ἄγαν

2148 1795 2362 1879 ῥεόντων
2391 1795 2607 1858 πλοίων.
2639 1796 3025 1876 Κατηρήσαντο
3047 1796 3146 1876 γὰρ
3173 1798 3578 1874 Λακεδαιμόνιοι
3601 1826 3701 1877 μη-

2150 1883 2332 1943 δέποτε
2358 1883 2548 1962 στεγνὰ
2573 1883 2640 1941 τὰ
2669 1886 2826 1942 πλοῖα
2853 1882 3078 1955 Μηλίων
3102 1882 3368 1960 γενέσθαι·
3390 1886 3701 1966 παραὸἄται

2147 1970 2270 2051 γάρ.
2303 1974 2629 2030 Leutschius
2650 1974 2688 2031 l.
2712 1974 2754 2031 l.
2775 1973 2967 2031 laudat
2984 1973 3243 2047 Ksiegkii
3264 1972 3483 2033 dissert.
3505 1995 3698 2051 gengr,

2146 2062 2232 2116 De
2255 2061 2569 2118 Maliensib.
2597 2079 2655 2134 p.
2693 2060 2780 2119 16.
2815 2063 2901 2117 De
2925 2062 3212 2134 Hippote,
3236 2063 3414 2117 Aletae
3441 2064 3702 2119 Corinthi

2148 2148 2463 2203 conditoris
2500 2159 2662 2221 patre
2679 2188 2695 2216 ,
2740 2167 2854 2203 una
2897 2166 3026 2205 cum
3067 2149 3382 2205 Heraclidis
3423 2152 3484 2205 in
3533 2152 3700 2207 Peio-

2145 2253 2460 2308 ponnesum
2481 2234 2812 2306 trajiciente,
2835 2253 2893 2293 v.
2917 2235 3259 2307 Apollodor.
3282 2232 3360 2305 Π,
3395 2236 3460 2307 8,
3491 2238 3525 2294 3
3547 2259 3565 2308 ;
3594 2237 3704 2294 Co·

2147 2341 2286 2379 non.
2339 2321 2450 2397 263
2496 2325 2730 2377 Pausan.
2773 2324 2858 2391 Π,
2908 2327 2979 2394 4,
3014 2321 3068 2381 3.
3096 2325 3216 2394 111,
3266 2322 3370 2393 13,
3405 2322 3470 2394 33
3521 2327 3702 2382 schol.

2148 2411 2430 2469 Theocrit.
2460 2411 2538 2479 V,
2569 2408 2920 2479 833Miiller.
2958 2411 3097 2468 Dor.
3136 2412 3195 2480 1,
3237 2430 3302 2484 p.
3335 2409 3432 2479 84,
3471 2420 3708 2479 124.-

2148 2498 2462 2569 Quamnam
2482 2497 2762 2552 coloniam
2780 2497 3105 2553 Aristoteles
3120 2496 3478 2566 intellexerit,
3498 2501 3704 2556 obseu-

2147 2602 2312 2655 rum3
2338 2584 2411 2639 de
2429 2582 2613 2640 Cnido
2637 2585 3030 2659 cogitaverim,
3063 2583 3182 2656 ejus
3208 2585 3358 2640 enim
3384 2586 3546 2642 urbis
3565 2607 3706 2643 con-

2150 2669 2304 2726 ditor
2331 2667 2582 2740 Ἱππότης
2616 2672 2643 2727 ὀ
2667 2669 2860 2740 ἀλήτης
2884 2672 3199 2745 appellatur
3235 2690 3329 2745 ap.
3367 2675 3610 2729 Tzetzen
3632 2675 3707 2732 ad

2149 2754 2284 2832 Lyc.
2314 2756 2494 2833 1388,
2524 2758 2657 2815 coll.
2686 2758 2950 2814 Diodoro
2982 2762 3055 2827 V,
3088 2777 3159 2834 9,
3191 2779 3246 2814 2.
3271 2760 3457 2834 Vulgo
3491 2762 3706 2819 Cnidus

2149 2844 2703 2902 Lacedaemoniorum
2728 2847 2950 2901 colonia
2973 2845 3208 2915 dicitur3
3238 2847 3708 2906 Lacedaemonios

2150 2952 2289 2989 vero
2335 2936 2599 3007 Hippotae
2637 2934 2768 2987 loco
2806 2933 2960 3006 apud
3001 2934 3412 3007 Diogenianum
3443 2955 3703 2993 comme-

2148 3023 2361 3077 morari
2388 3020 2658 3076 videmuS.
2687 3021 3007 3093 'Utrumque
3035 3021 3208 3095 igitur
3240 3023 3319 3077 ita
3355 3022 3705 3099 conjungere

2150 3110 2309 3178 licet,
2356 3119 2420 3164 ut
2466 3108 2750 3163 coloniam
2792 3107 2863 3162 ab
2909 3108 2976 3161 iis
3012 3110 3253 3163 maxime
3290 3110 3542 3166 Doribus
3590 3112 3708 3168 de-

2149 3194 2377 3252 ductam
2401 3206 2736 3264 statuamus,
2783 3196 2880 3268 qui
2908 3193 3011 3249 sub
3054 3196 3309 3268 Hippota
3346 3196 3408 3251 in
3443 3200 3704 3273 regioni-

2147 3281 2253 3337 hus
2274 3283 2424 3337 circa
2457 3282 2756 3337 Maliacum
2789 3281 2973 3335 sinum
3008 3281 3145 3335 olim
3181 3281 3573 3340 habitaverant
3609 3289 3706 3343 vel

2149 3370 2316 3425 etiam
2342 3388 2412 3425 ex
2452 3370 2517 3424 iis
2555 3370 2616 3423 in
2656 3369 2977 3423 societatem
3013 3370 3249 3424 coloniae
3294 3370 3646 3429 deducendae
3674 3393 3706 3430 a

2148 3455 2584 3512 Lacedaemoniis
2632 3454 2891 3511 advocati
2934 3466 3080 3512 sunt.
3125 3457 3194 3510 In
3233 3458 3581 3514 Maliensium
3613 3481 3708 3517 re·-

2148 3545 2374 3618 gionem
2392 3545 2705 3619 migrarunt
2722 3543 3016 3612 AEnianes;
3041 3542 3101 3596 hi
3124 3541 3322 3599 infensi
3348 3556 3506 3599 erant
3527 3546 3706 3601 Lace·

2150 3629 2466 3697 daemoniis3
2491 3639 2643 3685 certe
2665 3625 2895 3683 παλαιὰν
2923 3624 3114 3704 ἔχθραν
3139 3630 3703 3688 Lacedaemoniorum

2149 3726 2324 3787 atque
2353 3716 2457 3771 τῶν
2498 3710 2585 3769 ἐπὶ
2612 3716 2704 3770 τοῦ
2733 3714 2951 3784 Μηλιῶς
2980 3714 3175 3772 κόλπου
3214 3715 3447 3773 Οἰταίων
3481 3737 3705 3774 memo-

2676 3881 3174 3942 MALIENsssJM.

2858 4018 2980 4069 142.

2211 4136 2492 4186 Aristoteles
2511 4134 2561 4184 in
2583 4135 2883 4184 Maliensium
2914 4148 3018 4198 rep.
3041 4135 3110 4185 ait
3134 4136 3385 4189 Malienscs
3410 4144 3600 4203 (quum
3618 4144 3706 4194 dei

2146 4214 2345 4263 oraculo
2364 4213 2719 4263 carissimorum
2749 4213 2992 4263 carissima
3009 4213 3203 4277 diligere
3231 4215 3350 4277 iussi
3378 4222 3558 4281 essent)
3583 4221 3704 4273 iibe-

2149 4304 2227 4340 ros
2245 4303 2395 4353 usque
2413 4289 2474 4338 ad
2490 4288 2646 4339 aetatis
2662 4302 2843 4339 annum
2861 4290 3102 4341 decimum
3115 4294 3310 4343 sextum
3319 4293 3477 4345 nudos
3492 4296 3703 4349 circum·

2148 4370 2299 4429 ferre,
2326 4372 2376 4419 et
2391 4367 2656 4418 deosculari
2683 4367 2736 4418 in
2752 4366 3001 4418 conviviis.

2851 4459 2973 4509 143.

2211 4561 2496 4610 Maliacum
2537 4562 2808 4622 naviyium
2841 4559 3022 4608 dicitur
3051 4559 3117 4610 de
3149 4564 3344 4612 vetusto
3371 4566 3425 4613 et
3455 4565 3698 4618 rimarum

2147 4638 2288 4699 pleno
2317 4639 2505 4701 navigio
2524 4638 2587 4688 ab
2602 4638 2800 4687 historie
2825 4637 3051 4700 quadum.
3078 4639 3356 4691 Aristoteles
3384 4642 3514 4691 euim
3539 4644 3702 4697 refert

2150 4717 2409 4779 Hippoten,
2434 4731 2590 4780 quum
2618 4718 2860 4775 coloniam
2885 4717 3185 4770 deducturus
3208 4724 3355 4780 esset,
3380 4721 3704 4785 imprecatum

2146 4806 2247 4841 esse
2281 4793 2338 4842 iis
2367 4793 2452 4855 qui
2477 4807 2640 4843 secum
2678 4795 2904 4857 navigare
2929 4799 3238 4845 recusassent.
3275 4800 3394 4847 Nam
3428 4812 3581 4861 quum
3619 4805 3710 4854 aiii

2148 4866 2353 4920 uxoru'm
2385 4872 2740 4934 infirmitatem,
2769 4873 2848 4922 alii
2882 4872 3027 4921 rimas
3055 4873 3353 4935 navigiorum
3385 4881 3713 4939 praetexentes

2145 4947 2275 4996 domi
2311 4951 2584 5007 manerent,
2622 4949 2912 5012 imprecatus
2953 4949 3011 4999 iis
3041 4952 3141 5012 est,
3169 4952 3225 4999 ut
3265 4964 3513 5014 nunquam
3549 4956 3708 5006 firmis

2148 5026 2394 5073 uterentur
2413 5026 2611 5089 navigiis
2626 5027 3051 5088 „feminarumque
3072 5025 3272 5088 imperio
3289 5040 3476 5091 semper
3497 5032 3710 5094 subjecti

2146 5105 2324 5152 essent.
