3900 6042
578 461 651 511 ⁴0
1657 444 2048 505 llERODOlll
2096 443 2663 505 RERACLEENSls

556 584 568 595 '
679 587 815 636 Ἔστι
842 587 893 635 δέ
908 603 976 642 τις
996 585 1151 646 Νύση,
1166 586 1344 635 ὕπατον
1358 584 1494 648 κέρας
1515 584 1675 634 ἀνθέον
1688 585 1803 646 ύλη,

677 658 819 715 τηλοῦ
851 653 1094 718 Φοινίκης,
1112 656 1284 718 σχεδὸν
1305 654 1562 717 Αἰγύπτοιο
1577 653 1749 717 ῥοάων.

554 794 624 856 ‘0
654 795 708 854 δὲ
738 793 1015 858 Καύκασος
1055 791 1222 864 διήκει
1262 791 1370 851 ἀπὸ
1392 795 1484 864 τῆς
1511 790 1793 872 Ἀρμενίων
1814 792 1992 871 χώρας
2018 788 2114 857 ἕως

553 882 800 961 Κόλχων·
832 885 866 952 ἡ
897 878 952 938 δὲ
991 880 1255 959 Σερὸωνὶς
1280 878 1440 957 λίμνη
1474 877 1727 938 διάκειται
1749 878 1868 958 περὶ
1902 878 1964 936 τὸ
1988 880 2094 1013 Πη-

516 980 519 983 ’
553 969 757 1027 λούσιον
784 973 875 1040 τῆς
901 965 1192 1045 Αἰγύπτου.

631 1060 765 1114 Haec
803 1068 933 1113 sunt
977 1057 1327 1130 excerptoris
1377 1056 1525 1111 male
1564 1056 1977 1125 contrahentis,
2019 1065 2115 1110 aut

551 1146 747 1203 scribae
771 1146 871 1218 qui
897 1161 1107 1199 nomen
1132 1142 1344 1198 laudati
1380 1153 1566 1217 poetae
1589 1145 1927 1216 corruperit.
1976 1143 2113 1196 Eos-

554 1233 685 1288 dem
711 1249 901 1287 versus
928 1249 997 1286 ex
1017 1229 1230 1304 hymno
1258 1229 1320 1283 in
1336 1230 1617 1285 Bacchum
1644 1231 1851 1302 petitos
1881 1240 1966 1285 ter
1988 1229 2112 1284 lau-

558 1319 655 1374 dat
684 1318 974 1375 Diodorus
1013 1315 1112 1391 (1,
1146 1314 1238 1384 15,
1272 1318 1477 1386 73111,
1508 1315 1607 1386 66,
1640 1316 1699 1387 33
1728 1317 1831 1384 IV,
1856 1335 1924 1384 α,
1955 1323 2008 1384 43
2037 1314 2109 1369 cf.

557 1406 889 1478 wesseling.
923 1417 1060 1459 tom.
1092 1406 1173 1474 11,
1194 1422 1254 1477 p.
1289 1402 1401 1458 556
1438 1402 1531 1458 ed.
1556 1405 1682 1477 Bip.
1712 1403 1729 1477 )
1754 1422 1823 1458 ex
1840 1404 2114 1475 Dionysio

552 1492 761 1546 scilicet
787 1490 1102 1562 Mytilenaeo
1120 1529 1137 1559 ,
1164 1506 1333 1562 quem
1363 1489 1652 1561 Apollonii
1683 1489 1982 1545 scholiasta
2009 1505 2110 1542 sae·

553 1578 679 1651 pius
704 1578 926 1645 excitat,
950 1576 1216 1648 cujusque
1233 1578 1577 1632 mentionem
1603 1575 1871 1631 excidisse
1898 1585 2113 1648 putem.

552 1663 649 1718 Sin
672 1679 860 1717 versus
897 1660 1227 1717 Herodorus
1249 1661 1468 1730 attulit,
1494 1662 1768 1734 quaeritur
1795 1679 1867 1715 an
1895 1679 2014 1715 non
2044 1661 2115 1713 sit

557 1758 757 1802 auctor
783 1746 917 1802 libri
940 1746 1060 1824 περὶ
1091 1743 1345 1825 Ὀρφέως.
1382 1749 1642 1803 Ceterum
1680 1746 1753 1800 cf.
1798 1747 2109 1801 Weichert.

554 1832 595 1888 l.
628 1833 744 1907 Lp.
787 1833 892 1889 165
917 1851 1003 1906 sq.

1290 1942 1386 1997 53.

634 2099 824 2155 Schol.
857 2096 1051 2173 Apoll.
1081 2098 1195 2152 nh.
1226 2098 1336 2167 IV,
1379 2096 1451 2168 87
1492 2115 1515 2169 5
1547 2092 1615 2155 Ὀ
1653 2093 1747 2171 μὲν
1774 2093 2112 2161 Ἀπολλώνιος

557 2172 691 2260 μετᾶ
720 2182 777 2241 τὸ
807 2185 986 2263 φυγεῖν
1021 2179 1118 2253 τὴν
1148 2180 1392 2253 Μήδειαν
1417 2183 1477 2238 ἐκ
1504 2185 1596 2238 τοῦ
1624 2179 1823 2250 Αἰήτου
1846 2180 1990 2240 οἴκου
2012 2204 2114 2239 πε-

554 2270 742 2342 ποίηκε
786 2267 1201 2349 δπισχνουμένην
1249 2266 1309 2326 τὸ
1357 2271 1498 2336 κῶας
1537 2271 1613 2348 τῷ
1657 2267 1875 2328 Ἰάσονι·
1900 2272 1930 2327 ό
1966 2267 2021 2326 δὲ
2045 2268 2111 2326 τὰ

558 2355 914 2416 Ναυπακτικὰ
957 2355 1163 2436 γράψας
1202 2352 1615 2435 συνεκφέρουσαν
1661 2352 1826 2423 αὐτὴν
1870 2357 2011 2412 ποιεῖ
2048 2353 2110 2412 τὸ

555 2447 697 2511 κῶας
713 2441 851 2503 κατὰ
878 2441 974 2515 τὴν
1001 2441 1188 2524 φυγὴν,
1215 2444 1269 2500 ἐν
1289 2446 1366 2522 τῷ
1384 2441 1512 2522 οἴκῳ
1526 2441 1761 2518 κείμενον
1773 2446 1864 2500 τοῦ
1883 2441 2108 2514 Αἰήτου·
2131 2481 2145 2505 ι

554 2536 584 2591 ό
608 2531 663 2591 δὲ
692 2530 1012 2612 Ἡρόδωρος,
1044 2529 1178 2607 μετὰ
1208 2528 1305 2601 τὴν
1338 2528 1600 2598 ἀνάζευξιν
1625 2532 1730 2588 τῶν
1758 2529 2111 2609 Ἀργοναυτῶν

555 2623 915 2691 ἀποσταλῆναι
933 2617 1020 2677 τὸν
1050 2616 1263 2679 Ἰάσονα
1289 2615 1389 2675 ὕπὸ
1415 2622 1507 2676 τοῦ
1533 2616 1734 2689 Αἰήτου
1750 2615 1834 2676 ἐπὶ
1861 2616 1921 2676 τὸ
1943 2620 2111 2685 κῶας·

554 2707 641 2766 τὸν
686 2706 741 2765 δὲ
767 2707 1079 2789 πορευθέντα
1136 2704 1385 2786 φονεῦσαί
1423 2727 1481 2763 τε
1507 2703 1594 2762 τὸν
1638 2703 1893 2783 δράκοντα
1923 2703 2015 2763 καί
2052 2704 2112 2764 τὸ

554 2798 695 2861 κῶας
735 2796 1039 2871 ἀπενεγκεῖν
1065 2792 1192 2875 πρὸς
1219 2790 1453 2863 Αἰήτην·
1505 2789 1593 2848 τὸν
1621 2789 1677 2848 δὲ
1707 2791 1842 2872 δόλῳ
1889 2791 2111 2851 καλέσαι

556 2879 742 2945 αὐτοὺς
756 2880 842 2940 ἐπὶ
873 2882 1100 2940 δεῖπνον.

633 2971 719 3024 De
764 2968 1012 3025 dracone
1057 2987 1089 3022 a
1118 2969 1315 3023 Iasone
1360 2966 1656 3022 interfecto
1691 2966 1764 3021 cf.
1795 2967 2108 3040 Pherecyd.

556 3054 627 3108 sr.
658 3071 752 3123 72.
777 3081 840 3093 -
867 3049 1021 3111 Μετὰ
1050 3074 1101 3111 τ.
1139 3052 1223 3108 ἀν.
1267 3055 1369 3109 τῶν
1399 3049 1799 3129 Ἀργοναυτῶν]
1828 3054 1922 3108 vix
1949 3072 2110 3123 sana3

556 3141 806 3213 suspicor
831 3160 891 3213 μ.
926 3159 979 3196 τ.
1011 3140 1096 3197 ἅν.
1122 3160 1171 3196 τ.
1199 3136 1392 3215 ἀγρίων
1410 3137 1639 3216 ταύρων,
1668 3151 1960 3215 postquam
1983 3151 2114 3196 tau-

506 3268 515 3276 .
558 3246 651 3282 ros
678 3228 810 3282 istos
820 3226 960 3302 jugo
988 3226 1340 3283 submiserat.

1283 3385 1382 3448 54.

640 3539 800 3595 Idem
818 3541 919 3607 IV,
964 3538 1037 3593 86
1070 3557 1083 3592 ε
1116 3534 1187 3595 ‘0
1232 3534 1328 3613 μὲν
1378 3535 1720 3603 Ἀπολλώνιος
1771 3534 1953 3604 νυκτός
1984 3559 2113 3618 φησι

558 3622 873 3703 πεφευγέναι
894 3620 991 3694 τὴν
1018 3621 1260 3693 Μήδειαν
1292 3622 1380 3680 ἐπὶ
1409 3620 1508 3693 τὴν
1533 3627 1685 3695 ναῦν,
1727 3622 1926 3695 Αἰήτου
1955 3623 2110 3681 συνέ-

2201 596 2298 645 την
2327 578 2808 652 κατακοιμηθῆναι,
2843 570 3238 648 ἐπιθυμήσαντα
3266 595 3330 648 τῃ
3365 572 3517 629 αὗτου
3547 592 3763 679 γυναικι

2205 662 2558 742 [Εὗρυλύτη]
2606 659 2974 739 συγγενέσθαι,
3004 637 3414 730 δεδειπνηκότων
3452 657 3582 737 παρ’
3615 659 3764 737 αὐτῷ

2199 751 2303 807 τῶν
2333 747 2557 828 Κόλχων
2584 771 2676 807 και
2702 745 3071 824 κοιμωμένων·
3095 745 3181 804 διὰ
3207 744 3267 805 τὸ
3298 743 3577 825 βούλεσθαι
3605 744 3764 803 αὐτὸν

2200 858 2325 894 ναυν
2354 837 2649 915 ἐμπρῆσαι·

2327 971 2519 1029 Δὴτότ·
2540 971 2615 1033 ἄρ’
2640 968 3218 1033 Αιήτῃπόθονιμδαλεδΐ
3242 967 3476 1032 Ἀφροδίτη

2323 1039 2587 1103 Εύρυλύτης
2599 1038 2805 1102 φιλότητι
2828 1039 3095 1102 μιγήμεναι,
3113 1039 3169 1099 ἧς
3192 1039 3406 1101 ἀλόχοιο,

2323 1110 2554 1170 κηδομένη
2576 1109 2731 1172 φρεσὶν
2757 1108 2889 1170 ᾖσιν,
2912 1109 3039 1163 ὅπως
3063 1110 3162 1170 μετ’
3179 1108 3338 1157 ἄεθλον
3361 1106 3536 1165 Ἰήσων

2328 1180 2536 1242 νοστήσῃ
2553 1178 2734 1227 οἶκόνδε
2755 1180 2843 1227 σὺν
2865 1178 3158 1241 ἀγχεμάχοις
3172 1177 3425 1240 ἑτάροισιν.

2203 1294 2273 1357 ‘O
2298 1296 2353 1354 δὲ
2380 1293 2580 1372 Ἴδμων
2610 1300 2800 1367 συνῆκε
2823 1295 2883 1353 τὸ
2909 1294 3149 1374 γεγονὸς,
3181 1294 3271 1353 καί
3299 1316 3452 1375 φησι·

2325 1408 2613 1471 Φευγέμεναι
2638 1407 2857 1472 μεγάροιο
2879 1410 2990 1465 θοὴν
3012 1408 3090 1457 διὰ
3107 1408 3254 1457 νύκτα
3268 1408 3508 1470 μέλαιναν·

2203 1503 2297 1574 τὴν
2324 1503 2380 1563 δὲ
2419 1503 2655 1575 Μήδειαν
2679 1503 2776 1575 τὴν
2808 1504 3129 1585 ποδοψοφίαν
3159 1501 3483 1574 ἀκούσασαν,
3533 1504 3764 1561 ἀναστᾶ-

2203 1614 2301 1649 σαν
2324 1589 2628 1670 ἐξορμῆσαι.
2665 1590 2828 1668 Λέγει
2853 1589 3015 1650 δὲκαὶ
3039 1590 3330 1669 Ἡρόδωρος
3349 1594 3539 1649 ταῦτα.

2937 1737 3030 1797 55.

2282 1887 2440 1943 Idem
2467 1890 2542 1943 IV
2560 1887 2767 1992 ,259τ
2801 1883 3178 1964 Ἡρόδωρος
3217 1886 3313 1962 (ἐν
3340 1886 3445 1950 τοῖς
3483 1883 3764 1964 Ἀργοναύ-

2201 1974 2351 2050 ταις)
2389 1976 2517 2053 φησὶ
2539 1970 2625 2030 διὰ
2658 1996 2750 2043 της
2778 1973 2938 2043 αὐτῆς
2961 1972 3227 2044 θαλάσσης
3261 1974 3587 2044 ἐπανελθειν,
3611 1973 3678 2029 δι’
3705 1964 3764 2042 ἧς

2200 2082 2289 2119 και
2314 2060 2663 2139 ἐπορεύθησαν
2687 2062 2758 2126 εἷς
2789 2058 3042 2138 Κόλχους.

2278 2151 2418 2205 Cum
2435 2146 2740 2203 Her-odoro
2752 2148 2963 2203 faciunt
2979 2146 3302 2222 Sophole
3317 2146 3696 2205 Callimachus
3710 2155 3764 2203 et

2198 2235 2487 2291 Diodorus
2512 2236 2612 2293 lib.
2641 2238 2740 2304 lv,
2763 2237 2856 2290 vel
2875 2237 3067 2311 potius
3085 2237 3402 2309 Dionysius·
3432 2238 3505 2292 V.
3536 2236 3760 2291 Miiller.

2201 2323 2351 2379 Min.
2378 2340 2437 2396 P.
2473 2320 2608 2396 295.

2218 2555 2252 2585 '·
2279 2555 2438 2611 Idem
2467 2557 2545 2624 11,
2574 2553 2736 2611 815.
2723 2574 2736 2588 ·
2766 2551 2899 2632 Περὶ
2927 2558 3017 2612 τοῦ
3041 2555 3094 2611 ἐν
3117 2553 3504 2634 Μαριανδυνοῖς
3534 2555 3755 2633 γενομέ-

2201 2664 2290 2700 νου
2333 2638 2557 2699 θανάτου
2585 2662 2676 2698 του
2703 2635 2950 2719 Ἴδμονος
2987 2639 3080 2699 καὶ
3120 2640 3417 2722 Ἡρόδωρος
3469 2642 3675 2723 ἱστορεῖ
3710 2644 3762 2699 ἐν

2207 2729 2313 2794 τοῖς
2336 2727 2455 2805 περὶ
2482 2725 2801 2806 Ἡρακλείας
2817 2772 2837 2803 ,
2861 2732 2931 2794 ὣς
2959 2728 3305 2808 Προμαθίδας
3330 2729 3459 2805 (vg.
3491 2729 3762 2809 Προμηθί·

2200 2816 2293 2881 δας
2314 2817 2332 2892 )
2365 2805 2504 2886 εἶπε,
2531 2815 2622 2872 καὶ
2646 2813 2925 2895 Νύμφιςὲν
2950 2819 3027 2894 τῷ
3055 2818 3283 2892 (malim
3309 2818 3435 2885 τοῖς,
3463 2821 3612 2873 utin
3629 2817 3758 2875 cod.

2200 2896 2419 2976 Paris.)
2449 2901 2797 2980 Ἡρακλείας,
2821 2905 2892 2969 ὡς
2910 2873 3107 2978 Ἴδμων
3125 2902 3229 2960 ὑπὸ
3252 2901 3372 2969 συὸς
3397 2902 3636 2979 ἐπλήγη.

2282 2987 2417 3068 Περὶ
2446 2986 2768 3067 Ἡρακλέους
2794 2992 2902 3065 legi
2925 2994 3044 3047 vult
3063 2990 3314 3066 Heynius
3330 2992 3405 3063 ad
3420 2991 3757 3066 Apollodor.

2202 3089 2342 3133 tom.
2374 3080 2449 3148 11,
2482 3097 2541 3151 p.
2570 3077 2706 3148 357.
2737 3078 2909 3149 Quod
2953 3097 3072 3135 non
3100 3090 3181 3134 est
3211 3081 3609 3135 necessarium.
3657 3081 3763 3134 Ra

2200 3175 2422 3221 narrata
2435 3166 2693 3238 proxime
2704 3175 2916 3240 spectat
2926 3165 3000 3219 ad
3014 3161 3340 3221 Heracleam
3353 3166 3582 3240 urbem,
3597 3176 3761 3239 atque
3879 3136 3880 3163 ³

2203 3262 2388 3307 totum
2433 3252 2585 3306 hunc
2634 3253 2824 3306 locum
2867 3251 3039 3306 fusius
3077 3254 3196 3308 sine
3222 3253 3400 3308 dubio
3429 3253 3762 3309 Herodorus
3877 3300 3878 3309 ,

2203 3339 2480 3412 exposuit.
2522 3338 2607 3394 Cf.
2626 3338 2895 3412 Apollod.
2915 3341 2966 3408 1,
2993 3359 3050 3414 9,
3076 3340 3178 3409 23,
3210 3358 3260 3394 1.

2935 3482 3031 3555 57.

2282 3623 2442 3679 Idem
2466 3625 2544 3692 11,
2576 3622 2691 3689 848
2724 3642 2737 3678 ε
2766 3620 2899 3700 Περὶ
2926 3621 2981 3679 δὲ
3012 3620 3101 3680 τὸν
3139 3620 3432 3703 ἀγριέλαιον
3458 3622 3551 3681 τὸν
3579 3626 3757 3682 ἐπιπε-
3873 3580 3874 3603 ί

558 3714 695 3790 δριον
716 3710 921 3789 ἔχοντος
952 3709 1170 3788 Κόλχων
1194 3707 1313 3789 περὶ
1343 3710 1618 3789 διαφθορᾶς
1640 3713 1745 3768 τῶν
1772 3709 1983 3789 ἡρώων·
2003 3714 2032 3768 ὁ
2052 3709 2107 3768 δὲ
2204 3705 2402 3789 φυκότα
2424 3711 2499 3788 τῷ
2520 3704 2762 3783 Ἴδμονος
2787 3708 2937 3789 τάφῳ
2961 3707 3230 3767 ἐθέσπισεν
3259 3713 3287 3767 ὃ
3314 3709 3425 3775 θεὸς
3441 3711 3553 3777 τοῖς
3577 3715 3755 3788 Μεγα·
3871 3682 3872 3691 ¹

559 3797 622 3855 τὰ
639 3796 990 3858 Ναυπακτικὰ
1001 3793 1299 3866 πεποιηκὼς
1315 3795 1415 3854 ὑπὸ
1428 3795 1727 3876 Ἀφροδίτης
1741 3796 1866 3877 φησί
1880 3795 1970 3855 τὸν
1983 3795 2114 3868 Λίή-
2209 3801 2354 3877 ρεῦσι
2370 3795 2461 3854 καὶ
2475 3796 2718 3863 Βοιωτοῖς
2743 3794 2839 3868 τὴν
2862 3796 3014 3856 πόλιν
3033 3796 3224 3857 κτίσαι·
3249 3796 3390 3877 λέγει
3404 3797 3460 3856 δὲ
3473 3797 3574 3871 τὴν
3594 3799 3755 3879 Ἡρά·

617 3963 705 4011 Est
722 3964 846 4023 Nysa
862 3959 1087 4023 quoednm
1098 3995 1113 4021 ,
1142 3972 1282 4009 mons
1303 3959 1587 4021 altissimus,
1610 3960 1808 4010 floridus
1821 3961 1941 4010 silva
1956 3997 1972 4023 ,

617 4040 840 4089 Phoenioe
859 4039 1024 4101 procul
1038 4075 1054 4100 ‚
1073 4052 1221 4102 prope
1237 4039 1416 4090 fluenta
1439 4042 1628 4104 AEgypti
1647 4041 1784 4105 (Ναί
1802 4043 1841 4104 )·
2068 4083 2082 4096 .

556 4122 796 4168 caucasus
811 4131 929 4167 vero
954 4118 1160 4180 pertinet
1176 4118 1240 4167 ab
1251 4121 1588 4169 Armeniorum
1603 4123 1731 4170 terra
1746 4119 1982 4187 usquead
1998 4120 2111 4170 Col·

556 4196 672 4246 elios
682 4211 700 4256 3
725 4194 951 4246 Serbonis
967 4196 1131 4245 autem
1152 4195 1286 4245 lacus
1296 4195 1420 4245 situs
1437 4198 1511 4246 est
1529 4195 1592 4246 ad
1610 4198 1851 4248 Pelusium
1870 4197 2084 4260 Egypti.

619 4376 895 4428 Herodorus
926 4380 1092 4427 narrat
1124 4379 1233 4440 post
1271 4380 1440 4428 tauros
1471 4379 1570 4440 (ab
1600 4380 1914 4444 Argonautis)
1950 4382 2113 4430 aratro

550 4457 744 4518 junctos
760 4460 977 4507 Iasonem
996 4455 1226 4507 adveuus
1249 4457 1314 4507 ab
1331 4459 1468 4508 AEete
1497 4458 1697 4510 missum
1715 4473 1842 4521 esse;
1865 4472 1925 4509 ac
1948 4462 2110 4522 prose-

557 4539 695 4585 etum
719 4535 951 4585 occidisse
979 4535 1240 4585 draconem
1265 4538 1315 4585 et
1338 4536 1493 4585 vellus
1523 4540 1798 4600 apportasse
1827 4536 1890 4587 ad
1913 4539 2110 4600 AEeten3

553 4627 712 4674 regem
735 4627 849 4663 vero
865 4613 1033 4663 dolum
1056 4614 1372 4664 meditantem
1392 4617 1694 4678 Argonautas
1707 4629 1904 4666 vocasse
1921 4616 1985 4667 ad
2005 4630 2114 4667 oon·

554 4692 756 4739 νινίιιω.

1274 4772 1361 4822 64.

614 4861 1016 4923 Naupactieorum
1057 4864 1227 4913 auctor
1254 4875 1295 4924 a,
1318 4866 1506 4913 Venere
1534 4864 1603 4912 ait
1628 4867 1796 4914 AEeten
1821 4877 1933 4914 cum
1955 4869 2108 4928 Eury-

554 4939 652 5000 lyte
675 4952 827 4987 uxore
846 4938 975 4987 coire
998 4941 1271 5001 cupientem
1300 4939 1443 4990 suine
1460 4941 1763 5003 consopitum
1781 4978 1796 5002 ,
1815 4942 2009 4991 colchis
2026 4943 2110 5005 qui

554 5008 683 5070 apud
701 5022 812 5057 eum
824 5011 1126 5058 coenaverunt
1144 5008 1259 5058 item
1268 5021 1439 5059 somno
1456 5011 1703 5072 oppressis.
1728 5012 1917 5061 Etenim
1936 5026 2108 5063 navem

556 5087 936 5145 Argonautarum
964 5086 1122 5134 Μαι
1139 5085 1390 5134 incendere
1407 5085 1615 5134 volebat.

617 5191 740 5237 Tum
761 5189 900 5251 igitur
920 5192 1066 5240 AEeloe
1093 5190 1381 5241 desiderium
1402 5192 1561 5250 injecit
1582 5196 1744 5243 Venus
1761 5194 1920 5244 divina

2261 3959 2526 4022 Eurylyten
2550 3960 2810 4010 concubitu
2826 3961 3143 4023 amplectandi
3172 3975 3378 4012 uxorem
3394 3976 3563 4027 suam,

2260 4052 2436 4089 curans
2451 4039 2614 4088 animo
2629 4052 2719 4088 suo
2733 4075 2750 4101 ,
2775 4042 2831 4089 nt
2851 4043 2960 4102 post
2974 4043 3215 4091 certamen
3229 4044 3369 4091 lason

2261 4118 2586 4166 reverteretur
2602 4114 2802 4165 domum
2817 4129 2931 4166 cum
2947 4117 3168 4167 cominus
3190 4117 3514 4181 pugnantibus
3537 4120 3697 4170 uocis.

2201 4207 2372 4258 Idmon
2397 4221 2514 4257 vero
2536 4208 2915 4271 remintellexit,
2936 4208 3172 4272 iussitque

2261 4303 2421 4366 mgere
2434 4303 2580 4353 domo
2597 4304 2799 4353 celerem
2816 4316 2903 4366 per
2914 4307 3107 4355 noctem
3125 4308 3175 4356 et
3192 4308 3364 4357 atram.

2199 4401 2326 4449 Tum
2357 4398 2571 4450 Medeam
2602 4398 2780 4461 pedum
2805 4400 3004 4463 strepitu
3029 4402 3195 4452 audito
3210 4439 3226 4465 ,
3245 4404 3509 4454 surrexisse
3526 4407 3580 4455 ct
3599 4418 3752 4468 egres-

2199 4488 2300 4523 sam
2319 4488 2438 4525 esse.
2467 4475 2649 4526 Eadem
2669 4476 2944 4527 Herodorus
2960 4482 3139 4529 namt.

2917 4559 3005 4608 55.

2261 4639 2536 4690 Herodorus
2551 4641 2600 4688 in
2619 4641 3040 4702 Argonautisdicit
3061 4643 3257 4695 rediisse
3271 4658 3356 4695 ωε
3371 4659 3400 4695 e
3418 4646 3654 4697 Colchide
3665 4661 3746 4712 per

2199 4715 2329 4765 idem
2348 4730 2480 4765 mare
2492 4752 2507 4777 ‚
2526 4729 2625 4779 quo
2643 4717 2877 4767 venerint.

2919 4803 3007 4853 56.

2271 4885 2340 4932 De
2364 4881 2561 4931 Idmone
2588 4881 2650 4930 ab
2669 4893 2787 4944 apro
2804 4883 2933 4945 apud
2966 4885 3300 4948 Mariandynos
3326 4887 3583 4937 interfecto
3613 4888 3749 4937 etiam

2201 4960 2475 5009 liet-odorus
2504 4962 2668 5009 narrat
2702 4974 2802 5023 quo
2834 4963 2941 5011 loco
2972 4964 3034 5013 de
3069 4965 3297 5013 Heraclea
3335 4966 3485 5014 verba
3522 4966 3663 5027 facit,
3699 4969 3746 5012 nt

2198 5036 2529 5087 Promathidas
2545 5038 2640 5098 ait,
2666 5042 2717 5088 et
2739 5040 2971 5101 Nymphis
2986 5041 3034 5089 in
3053 5054 3196 5103 opere
3214 5041 3276 5090 de
3291 5043 3534 5093 Heraclea.

2918 5122 3007 5171 57.

2260 5199 2396 5249 Circa
2423 5199 2682 5251 oleastrum
2702 5202 2750 5251 in
2773 5202 2979 5252 ldmonis
3005 5204 3193 5254 tumulo
3217 5207 3384 5255 natum
3413 5205 3746 5257 deus‘oraculo
