3900 6042
480 387 594 476 iss

1646 401 2086 462 fflERONYMt
2123 398 2491 459 CARDIANI

480 539 786 600 dammodo
809 579 824 607 ,
863 538 909 592 si
936 533 1087 609 apud
1124 535 1533 604 Hieronymum
1576 531 1805 588 traditas
1831 548 1921 586 res
1946 531 2025 585 ita
2115 530 2255 585 σθαι.
2290 528 2529 586 Diodor.
2553 529 2770 596 xvm,
2797 528 2871 584 58
2903 549 2918 582 ε
2959 525 3052 586 Ἐν
3088 516 3170 592 αἶς
3196 518 3258 597 ἦν
3279 530 3688 606 γεγραμμένον,

478 632 641 687 fuisse
667 634 956 693 statuatur,
983 634 1047 677 ut
1076 624 1350 677 Eumenes
1366 659 1381 685 ,
1410 628 1708 692 postquam
1734 617 2027 672 consilium

480 716 637 789 quod
649 714 877 786 cepisset
886 712 943 763 in
953 707 1271 763 Armeniam
1282 702 1661 777 confugiendi,
1670 704 1881 758 elusum
1892 712 2031 757 esset

480 802 796 857 defectione
814 796 1121 853 multorum
1139 794 1379 847 militum
1405 809 1656 859 suorum,
1684 808 1859 863 quum
1878 789 2030 846 Nora

481 889 702 943 nonnisi
720 902 930 959 paucos
951 900 1014 936 ac
1032 880 1323 935 fidissimos
1342 895 1595 950 quosque
1616 895 1805 932 secum
1824 876 2032 931 ducere

480 984 698 1047 posset,
744 973 896 1026 ultro
933 970 1049 1041 ipse
1076 967 1353 1038 reliquos,
1379 974 1445 1017 ut
1470 963 1544 1019 ad
1588 965 1935 1038 Antigonum
1974 980 2032 1017 se

483 1060 836 1125 conferrent,
887 1054 1193 1127 impulerit.
1247 1050 1613 1106 Memorabile
1665 1051 1834 1104 etiam
1879 1048 2033 1104 idem

481 1158 785 1217 utrumque
804 1143 1135 1215 scriptorem
1156 1138 1464 1215 (Plutarch.
1488 1139 1653 1191 Eum.
1682 1155 1732 1194 c.
1762 1155 1783 1191 1
1801 1153 1823 1190 1
1848 1153 1865 1205 ;
1887 1137 2030 1191 Dio·

484 1233 615 1291 dor.
660 1231 889 1296 XVIII,
937 1226 1047 1300 41)
1091 1224 1314 1280 tradere
1355 1224 1428 1278 de
1467 1223 1708 1278 circuitu
1745 1223 2034 1278 Nororum

481 1319 709 1376 castelli.

570 1429 598 1455 ι
631 1405 721 1460 Ad
758 1399 999 1457 eundem
1026 1416 1201 1473 porro
1237 1408 1527 1452 auctorem
1561 1393 1881 1451 revocanda
1906 1404 2039 1449 sunt

486 1511 610 1564 quae
637 1509 669 1546 a
698 1487 955 1545 Diodoro
986 1486 1209 1553 XVIII,
1248 1490 1356 1553 42,
1394 1484 1612 1555 Nepote
1654 1501 1705 1537 c.
1741 1479 1774 1535 5
1804 1491 1861 1536 et
1899 1479 2036 1537 Plu·

488 1579 684 1633 tarcho
709 1595 762 1631 c.
804 1593 868 1630 11
897 1574 968 1629 de
998 1589 1312 1645 equorum,
1356 1587 1526 1643 quam
1561 1569 1728 1625 Noris
1762 1567 2039 1624 Eumenes

488 1666 751 1735 instituit,
794 1661 1192 1716 exercitatione
1234 1656 1555 1723 traduntur,
1601 1657 1662 1710 in
1707 1672 1823 1728 quo
1865 1655 2040 1709 verba

490 1749 821 1823 Hieronymi
851 1747 1163 1820 religiosius
1203 1744 1431 1799 fortasse
1465 1744 1727 1816 expressit
1752 1740 2040 1799 Diodorus

488 1856 659 1909 quam
686 1834 1043 1900 Plutarchus,
1072 1832 1171 1905 qui
1200 1832 1442 1885 orationi
1476 1831 1604 1903 plus
1625 1829 1907 1903 elegantiae
1936 1828 2037 1882 tri·

490 1924 673 1978 buisse
699 1922 943 1975 videtur.

573 2034 598 2058 ι
624 2012 707 2063 De
738 2009 1086 2078 Hieronymo
1114 2004 1185 2059 ab
1210 2006 1461 2059 Eumene
1490 2003 1657 2057 misso
1692 2000 1766 2056 ad
1797 2002 2038 2074 Antipa—

492 2107 642 2151 trum
664 2094 804 2148 nihil
824 2091 977 2165 apud
1003 2091 1364 2146 Plutarchum
1387 2107 1569 2162 neque
1589 2091 1888 2161 Nepotem.
1912 2090 1944 2143 J
1948 2107 2039 2143 us-

489 2184 639 2236 tinus
659 2192 842 2236 autem
864 2181 948 2234 his
969 2180 1099 2252 ipsis
1113 2219 1130 2248 ,
1150 2196 1273 2250 quae
1298 2176 1369 2232 de
1389 2177 1665 2250 legatione
1692 2177 1818 2243 ista,
1837 2177 2041 2230 omisso

493 2279 679 2324 tamen
700 2265 1032 2338 Hieronymi
1056 2265 1290 2334 nomine
1306 2304 1321 2332 ,
1343 2262 1591 2316 narravit
1620 2259 1807 2335 (XIV,
1831 2260 1898 2334 α)
1929 2261 2041 2315 alio

490 2374 550 2411 se
587 2355 742 2410 sonte
782 2371 943 2408 usum
981 2369 1096 2407 esse
1136 2348 1429 2425 significat.
1466 2348 1673 2405 Contra
1718 2348 2046 2403 Plutarchus

493 2439 971 2517 quemadmodum
1012 2439 1145 2511 ipsis
1181 2436 1327 2492 adeo
1354 2435 1539 2490 verbis
1576 2436 1887 2490 consentiat
1913 2453 2043 2490 cum

495 2540 724 2584 auctore
763 2527 1005 2582 Diodori
1022 2568 1043 2599 ,
1081 2543 1293 2581 novum
1332 2533 1723 2597 argumentum
1762 2521 1980 2577 accedit
2013 2540 2046 2576 e

496 2635 621 2689 cap.
651 2635 717 2671 12
738 2658 755 2687 ,
784 2615 885 2669 ubi
912 2615 1226 2688 Antigonus
1244 2623 1374 2686 post
1393 2621 1634 2668 mortem
1652 2610 1931 2684 Antipatri
1960 2608 2048 2665 di·-

497 2704 643 2758 citur
676 2704 743 2777 τῇ
785 2697 967 2778 γνώμῃ
993 2699 1088 2768 τὴν
1115 2697 1239 2769 ὅλην
1274 2694 1709 2775 περιὸαλλόμενος
1740 2692 2044 2772 ἡγεμονίαν,

497 2792 544 2843 si
597 2786 850 2845 conferas
904 2787 1222 2846 Diodorum
1279 2788 1503 2855 XVIII,
1560 2784 1633 2841 50
1652 2827 1667 2855 ,
1720 2786 1821 2840 ubi
1876 2785 2050 2840 verba

499 2888 628 2933 sunt
645 2895 659 2934 ε
679 2872 1115 2952 περιὸαλλόμενος
1136 2872 1250 2938 ταῖς
1264 2872 1440 2929 ἐλπίσι
1463 2871 1557 2941 τὴν
1580 2875 1683 2929 τῶν
1702 2870 1835 2929 ὅλων
1861 2875 2053 2949 ἡγεμο-

500 2962 631 3020 νίαν.
671 2966 945 3018 Praeterea
976 2962 1049 3017 de
1077 2962 1371 3028 EumeniS‚
1410 2971 1707 3033 postquam
1728 2963 1883 3017 Nora
1913 2965 2052 3018 reli-

501 3053 658 3124 quit,
685 3050 816 3123 fuga
835 3051 957 3104 haec
982 3059 1110 3103 sunt
1132 3048 1286 3121 apud
1320 3047 1637 3102 Diodorum
1672 3049 1862 3103 XVIII
1880 3089 1897 3117 ,
1930 3047 2003 3105 53
2034 3069 2049 3105 t

502 3133 908 3210 Ἀναλαμὸάνων
929 3131 1043 3198 τοὺς
1070 3130 1445 3211 προγεγονότας
1471 3130 1647 3211 φίλους
1668 3130 1805 3188 κατὰ
1829 3130 1923 3202 τὴν
1940 3136 2052 3212 χώ-

504 3244 598 3302 ραν
625 3218 994 3294 πλανωμένους
1020 3222 1122 3277 τῶν
1147 3217 1656 3297 συνεστρατευκότων
1682 3220 1826 3298 αὐτῷ
1863 3222 2047 3300 πρότι-

507 3331 594 3389 ρον
620 3309 765 3381 κτλ.,
790 3309 944 3383 apud
969 3308 1349 3364 Plutarchum.
1378 3326 1429 3363 c.
1468 3326 1535 3362 ια
1566 3324 1581 3364 :
1606 3303 1716 3363 Καὶ
1742 3310 1930 3384 συνῆγε
1953 3313 2056 3368 τῶν

501 3396 832 3474 στρατιωτῶν
876 3391 986 3451 ὅσοι
1056 3390 1423 3472 διασπαρέντες
1459 3389 1564 3449 ἀπὸ
1585 3396 1679 3463 τῆς
1710 3396 1870 3471 φυγῆς
1891 3395 2055 3452 ἐπλα-

500 3486 663 3541 νῶντο
693 3478 830 3540 κατὰ
855 3478 951 3549 τὴν
982 3478 1184 3558 χώραν.
1224 3482 1337 3538 κτλ.
1375 3483 1577 3555 Elapso
1614 3483 1783 3537 Noris
1823 3484 2060 3539 Eumeni

503 3573 679 3627 literae
712 3570 1023 3625 afferuntur
1071 3569 1416 3642 Olympiadis
1445 3580 1504 3625 et
1539 3570 2057 3643 PolysperchontiS,

502 3678 535 3714 e
579 3659 782 3730 quibus
836 3666 962 3729 quae
1008 3655 1308 3711 laudantur
1352 3655 1508 3729 apud
1554 3657 1800 3712 Diodor.
1836 3659 2057 3728 XVIII,

501 3742 600 3815 57.
624 3742 698 3799 58
722 3754 779 3798 et
801 3743 1162 3798 Plutarchum
1184 3761 1236 3797 c.
1271 3742 1338 3797 13
1356 3783 1376 3816 ‚
1408 3754 1528 3797 tum
1548 3744 1698 3799 miro
1723 3743 1897 3798 modo
1917 3744 2063 3800 inter

502 3850 562 3887 se
589 3832 946 3904 conspirant,
976 3840 1098 3885 tum
1134 3831 1358 3885 nonnisi
1385 3831 1456 3886 ab
1485 3849 1554 3887 eo
1589 3831 1739 3886 tradi
1765 3841 2060 3904 poterant,

503 3921 601 3992 qui
622 3937 810 3974 rerum
833 3919 950 3992 ipse
968 3919 1330 3991 peritissimus
1351 3928 1509 3976 esset.
1538 3918 1706 3973 Unde
1727 3919 1787 3971 in
1808 3919 1893 3972 his
1911 3937 2061 3991 quo·

500 4024 612 4079 que
651 4015 941 4062 auctorem
983 4006 1314 4078 primarium
1361 4006 1624 4059 exstitisse
1655 4006 2063 4078 Hieronymum

502 4094 804 4149 verisimile
828 4102 927 4147 est.
965 4093 1303 4165 Comparare
1341 4089 1502 4162 juvat
1528 4092 1810 4148 Plutarch.
1849 4112 1900 4150 c.
1941 4094 2010 4148 13
2044 4113 2058 4149 :

505 4176 868 4252 Ὀλυμπιάδος
910 4174 1005 4252 μὶν
1032 4174 1440 4254 παρακαλούσης
1476 4173 1687 4234 ἰλθόντα
1725 4174 1784 4233 τὸ
1821 4176 2063 4245 Ἀλεξάν-

503 4266 623 4341 δρου
645 4264 847 4323 παιδίον
866 4261 1193 4340 παραλαὸεῑν
1218 4260 1311 4320 καὶ
1336 4261 1587 4341 τρίφειν“
1559 4286 1629 4327 ως
1657 4261 2063 4343 ἐπιδουλευόμε-

503 4352 1143 4421 vov.Diodor.XV111,
1177 4347 1591 4423 58εΔεομένης
1615 4348 1707 4406 καὶ
1745 4351 2065 4429 λιπαρούσης

506 4439 710 4515 βοηθεῖν
735 4440 840 4501 τοῖς
873 4437 1142 4513 βασιλεῦσι
1180 4458 1270 4493 και
1319 4438 1513 4514 ἑαυτῇ,
1548 4434 1700 4510 μόνον
1725 4435 1827 4515 γὰρ
1870 4441 2062 4498 ἐκεῖνον

510 4521 820 4580 πιστότατον
868 4525 1237 4598 ἀπολελεῖφθαι
1278 4524 1381 4579 τῶν
1430 4523 1590 4602 φίλων
1645 4522 1736 4581 καὶ
1785 4524 2064 4601 δυνάμενον

505 4608 885 4689 διορθώσασθαι
912 4607 1005 4679 τὴν
1035 4608 1255 4688 ἐρημίαν
1276 4612 1368 4680 τῆς
1399 4612 1672 4689 βασιλικῆς
1689 4611 1876 4678 οἰκίας·
1921 4626 1978 4671 et
1996 4635 2065 4671 ex

507 4700 742 4773 epistola
766 4700 1254 4772 Polysperchontis
1276 4718 1341 4754 ac
1366 4698 1612 4773 Philippi
1630 4702 1776 4774 regis
1802 4712 1920 4755 tum
1942 4720 2065 4775 quae

509 4785 582 4840 de
606 4786 759 4840 hello
783 4786 1070 4853 dicuntur,
1102 4786 1173 4840 ab
1201 4786 1450 4841 Eumene
1487 4805 1616 4841 cum
1638 4789 1925 4862 Antigono
1955 4807 2058 4862 ge-

510 4871 712 4940 rendo,
734 4883 853 4927 tum
871 4872 943 4927 de
963 4872 1184 4946 opibus,
1199 4871 1270 4927 de
1289 4872 1493 4945 quibus
1510 4883 1762 4946 sumptus
1780 4875 2068 4931 faciendus

511 4968 675 5028 esset,
698 4960 846 5013 Plut.
888 4978 936 5015 e.
973 4959 1040 5014 13
1072 4976 1087 5016 t
1121 4956 1227 5017 Καὶ
1256 4960 1359 5014 τῶν
1394 4959 1445 5014 ἐν
1484 4954 1751 5025 Κουΐνδοις
1780 4958 2066 5036 χρημάτων

512 5041 827 5103 πεντακόσια
858 5042 951 5119 μὲν
978 5044 1210 5103 τάλαντα
1233 5044 1412 5105 λαὸεἷν
1442 5044 1511 5112 εἰς
1526 5043 1622 5116 τὴν
1647 5050 1750 5103 τῶν
1779 5046 1917 5105 ἰδίων
1938 5052 2065 5106 ἐπα·

516 5130 779 5208 νόρθωσιν,
820 5133 890 5196 εἷς
932 5132 986 5188 δὲ
1017 5132 1103 5190 τὸν
1132 5132 1358 5209 πόλεμον
1395 5132 1603 5198 ὁπόσοις
1647 5133 1890 5212 βούλεται
1930 5140 2067 5213 χρῆ-

2118 612 2196 671 ὅτι
2221 612 2539 671 πεντακόσια
2575 610 2669 688 μὲν
2695 612 2929 672 τάλαντα
2964 615 3192 673 διδόασιν
3218 617 3369 697 αὐτῷ
3399 618 3611 696 δωρεὰν
3632 622 3686 678 οἱ

2124 700 2355 777 βασιλεῖς
2380 700 2450 765 εἷς
2495 698 2842 778 ἐπανόρθωσιν
2883 703 2987 758 τῶν
3026 700 3386 777 γεγενημένων
3427 704 3557 783 περὶ
3590 707 3694 761 αὖ·

2118 786 2205 844 τὸν
2233 788 2637 863 ἐλαττωμάτων,
2663 785 2754 844 καὶ
2798 787 2926 845 διότι
2963 787 3250 864 γράμματα
3287 788 3618 848 ἀπέστειλαν
3641 792 3695 848 οἱ

2125 874 2354 951 βασιλεῖς
2374 873 2502 950 πρὸς
2540 873 2657 939 τοὺς
2676 876 2729 932 ἐν
2759 878 2825 954 τῇ
2853 875 3064 953 Κιλικία
3089 874 3411 983 στρατηγοὺς
3443 878 3544 935 καὶ
3577 883 3694 949 θη-

2122 959 2550 1038 σαυροφύλακας,
2596 960 2736 1027 ὅπως
2777 963 2922 1042 αὐτῷ
2971 960 3038 1019 τὰ
3085 964 3402 1021 πεντακόσια
3445 965 3696 1023 τάλαντα

2123 1048 2251 1105 δῶσι
2282 1046 2374 1105 καὶ
2399 1071 2503 1106 των
2533 1048 2705 1106 ἄλλων
2723 1020 3009 1127 χρημάτων
3029 1047 3127 1107 ὅσα
3151 1048 3212 1107 ἂν
3241 1051 3436 1129 αἰτήσῃ
3470 1052 3609 1131 πρός
3633 1076 3695 1111 τε

2122 1130 2213 1198 τὰς
2233 1132 2518 1211 ξενολογίας
2528 1156 2620 1191 και
2634 1157 2726 1201 τας
2749 1134 2913 1201 ἄλλας
2935 1133 3030 1200 τὰς
3049 1134 3462 1211 κατεπειγούσας
3471 1137 3688 1215 χρείας.

2203 1223 2457 1278 «Similis
2481 1242 2777 1280 consensus
2794 1223 2866 1279 de
2891 1225 3137 1297 epistolis
3157 1224 3228 1279 ab
3255 1226 3698 1298 olympiaden!

2124 1310 2430 1364 Eumenem
2463 1320 2519 1364 et
2552 1311 2623 1365 ab
2655 1310 2766 1367 hoc
2800 1310 2875 1365 ad
2917 1311 3311 1384 Olympiadem
3353 1311 3507 1367 datis
3543 1315 3700 1368 inter

2121 1395 2444 1451 Diodorum
2469 1394 2549 1472 (c.
2585 1395 2689 1471 58)
2725 1408 2783 1453 et
2818 1399 3094 1471 Nepotem
3131 1417 3184 1453 c.
3222 1398 3282 1456 6.
3320 1399 3690 1455 Conse-end-

2125 1500 2302 1554 porro
2324 1502 2447 1555 quae
2468 1482 2542 1538 ad
2558 1483 2994 1557 praevertendam
3014 1483 3392 1539 Macedonum
3409 1486 3694 1541 invidiam

2127 1573 2401 1628 Eumenes
2429 1571 2776 1626 machinatus
2797 1581 2896 1626 est.
2923 1571 3205 1626 Plutarch.
3233 1589 3283 1628 e.
3313 1571 3389 1626 23
3414 1589 3429 1629 ε
3458 1572 3578 1629 Τὸν
3601 1570 3698 1645 μὲν

2128 1657 2311 1737 φθόνον
2360 1656 2466 1730 (cf.
2497 1657 2672 1712 Diod.
2715 1677 2766 1716 c.
2804 1656 2874 1712 61
2913 1677 2929 1712 :
2974 1654 3080 1715 Τὸν
3118 1657 3235 1714 καθ’
3264 1658 3451 1714 ἑαυτοῦ
3501 1657 3694 1735 φθόνον

2130 1742 2468 1822 ἀπετρίψατο.
2486 1746 2676 1817 Nepos
2698 1764 2748 1802 c.
2776 1763 2806 1814 7
2835 1763 2851 1799 ι
2883 1746 3150 1799 invidiam
3177 1741 3410 1819 ver-ens)
3441 1744 3700 1820 Εὐμένης

2128 1830 2405 1912 ἐθεράπευε
2427 1832 2502 1907 τῷ
2522 1828 2589 1886 τὰ
2607 1827 2859 1908 χρήματα
2878 1828 2953 1905 μὴ
2974 1829 3237 1895 λαὸεἴνὼς
3255 1831 3401 1888 οὐδὲν
3421 1830 3694 1907 δεόμενος.

2127 1918 2367 1974 Diodor.
2379 1918 2694 1986 XV111‚.60
2718 1936 2732 1971 ε
2761 1918 2979 1995 Πρῶτον
3001 1913 3095 1991 μὲν
3118 1915 3400 1992 διδομένων
3419 1919 3574 1994 αὐτῷ
3595 1923 3700 1977 τῶν

2129 2000 2485 2061 πεντακοσίων
2522 2000 2792 2059 ταλάντων
2824 1999 2961 2058 κατὰ
2991 1998 3084 2067 τὰς
3121 2004 3225 2058 τῶν
3257 2002 3521 2079 βασιλέων
3569 2006 3698 2061 ἐπι-

2137 2088 2324 2156 στολὰς
2346 2089 2417 2155 εἰς
2448 2088 2703 2167 ἀνάληψιν
2736 2087 2828 2146 καὶ
2854 2087 3183 2158 κατασκευὴν
3205 2091 3299 2147 οὐκ
3332 2088 3499 2169 ἔφησε
3527 2089 3698 2170 λήψε-

2132 2182 2281 2235 σθαι·
2312 2175 2385 2252 μὴ
2418 2173 2519 2254 γὰρ
2549 2175 2882 2255 προσδεῖσθαι
2910 2174 3226 2246 τηλικαύτης
3261 2177 3493 2256 δωρεᾶς,
3534 2181 3611 2243 ὣς
3637 2179 3700 2237 ἂν

2133 2265 2393 2342 μηδεμιᾶς
2417 2264 2572 2321 αὐτοῦ
2600 2260 2908 2329 σπεύδοντος
2940 2264 3116 2342 τυχεῖν
3141 2265 3443 2339 ἡγεμονίας.
3481 2268 3698 2325 &den

2132 2371 2269 2408 vero
2287 2353 2360 2407 de
2377 2352 2618 2420 somnio,
2640 2352 2799 2424 quod
2815 2353 3156 2407 simulaverit
3175 2354 3472 2424 Eumenes,
3487 2355 3701 2410 utrius·

2136 2457 2246 2511 que
2283 2439 2572 2512 scriptoris
2597 2438 2906 2494 consensio.
2941 2440 3221 2497 Plutarch.
3253 2459 3305 2498 c.
3341 2440 3412 2495 13
3448 2459 3464 2499 ε
3491 2439 3704 2517 ’Exin

2136 2522 2555 2599 δεισιδαιμονίαν.
2575 2525 2814 2582 Diodor.
2839 2544 2888 2583 c.
2907 2525 2975 2580 61
3013 2526 3161 2593 εΤῆς
3187 2523 3328 2582 κατὰ
3353 2524 3442 2583 τὸν
3475 2526 3702 2605 βασιλέα

2138 2611 2537 2689 δεισιδαιμονίας
2564 2608 2919 2688 ἐνισχυούσης.
2948 2614 3034 2668 De
3076 2615 3451 2670 conventibus
3485 2635 3519 2670 a
3547 2635 3702 2689 1³¹·ae—

2139 2700 2296 2755 sectis
2324 2702 2386 2754 in
2415 2700 2658 2754 tentorio
2689 2699 2997 2754 Alexandri
3032 2700 3238 2754 habitis
3271 2712 3330 2756 et
3363 2703 3702 2757 Plutarchus

2139 2797 2197 2842 et
2222 2787 2508 2843 Diodorus
2533 2804 2673 2841 voce
2699 2783 3012 2863 συνεδρεύειν
3034 2796 3293 2841 utuntur.

2233 2898 2257 2924 ιι
2287 2878 2358 2930 In
2381 2875 2741 2946 sequentibus
2766 2893 3104 2947 quamquam
3132 2876 3422 2948 copiosior
3448 2876 3696 2932 Diodori

2142 2964 2389 3018 narratio
2410 2971 2516 3031 est,
2544 2971 2610 3015 ut
2632 2962 2730 3033 qui
2752 2962 3015 3035 singulari
3037 2963 3296 3034 inprimis
3314 2962 3508 3018 studio
3527 3005 3543 3031 ,
3579 2983 3702 3036 qut

2145 3050 2218 3104 ad
2245 3051 2550 3104 Eumenem
2575 3050 2956 3121 pertinerent,
2991 3050 3270 3119 attulerit,
3311 3051 3475 3106 nulla
3511 3063 3698 3107 tamen

2145 3138 2292 3192 inter
2323 3137 2482 3190 illum
2514 3155 2578 3190 ac
2602 3136 2960 3190 Plutarchum
2986 3135 3361 3210 discrepantia
3382 3148 3496 3205 est,
3525 3140 3702 3193 immo

2146 3242 2214 3279 ex
2234 3223 2438 3279 eodem
2455 3234 2760 3295 utriunque
2781 3221 2937 3278 fonte
2956 3223 3217 3293 hausisse,
3243 3225 3302 3278 in
3322 3225 3557 3297 singulis
3577 3228 3700 3298 qui·

2146 3310 2383 3365 busdam
2420 3329 2543 3382 quae
2584 3311 2878 3367 consensio
2916 3321 2997 3364 est
3022 3310 3228 3366 iterum
3268 3310 3537 3366 declarat.
3573 3313 3700 3382 Quo

2147 3399 2436 3471 pertinent
2453 3394 2777 3470 δανείσματα
2803 3398 2922 3466 ista,
2943 3398 3147 3469 quibus
3172 3400 3232 3452 in
3257 3396 3374 3454 fide
3397 3398 3508 3453 sibi
3529 3397 3700 3455 Mace»

2150 3482 2326 3537 dones
2334 3501 2571 3538 servasse
2581 3483 2789 3538 dicitur
2799 3481 3173 3558 Eumenesssap.
3186 3484 3430 3541 Diodor.
3445 3486 3610 3553 xlx,
3626 3492 3694 3551 ak

2151 3579 2207 3625 et
2223 3571 2508 3627 Plutarch.
2534 3589 2585 3625 e.
2619 3568 2688 3625 13
2708 3582 2877 3645 extr.,
2895 3582 2950 3626 et
2970 3571 3144 3627 verba
3168 3570 3322 3644 apud
3335 3572 3580 3629 Diodor.
3607 3574 3646 3629 Ι.
3661 3574 3694 3628 l.

2153 3654 2302 3721 αὐτὸς
2321 3652 2376 3712 δὲ
2411 3654 2598 3735 φορείῳ
2624 3655 2954 3730 κομιζόμενος
2975 3668 3030 3712 et
3053 3659 3206 3731 apud
3228 3660 3515 3716 Plutarch.
3542 3679 3592 3716 c.
3631 3668 3692 3725 14

2153 3742 2205 3798 ἐν
2246 3742 2434 3821 φορείῳ
2474 3741 2826 3818 κομιζόμενος,
2867 3747 3085 3799 tametsi
3120 3765 3154 3800 a
3186 3745 3452 3801 Diodoro
3493 3746 3694 3823 (xlx,

2155 3826 2249 3887 25.
2276 3831 2350 3885 26
2370 3831 2387 3905 )
2410 3848 2530 3886 uon
2562 3832 2683 3885 solo
2711 3832 2917 3886 lecticae
2952 3831 3220 3905 adspectu
3255 3833 3605 3905 Antigonus,
3637 3844 3696 3887 ιιι

2153 3920 2458 3973 exercitum
2495 3917 2821 3989 reduceret,
2860 3932 3178 3975 commotus
3215 3937 3330 3974 esse
3384 3919 3582 3977 fertur.
3619 3950 3694 3963 -

2153 4006 2420 4061 Similiter
2470 4005 2577 4060 sibi
2624 4005 2967 4078 respondent
3009 4007 3129 4062 haec
3177 4005 3333 4079 apud
3383 4006 3694 4063 Diodorum

2152 4093 2330 4161 xlx,
2359 4092 2430 4163 37
2464 4110 2479 4146 ε
2502 4094 2730 4163 Θεωρῶν
2755 4092 3131 4167 (Antigonus)
3148 4089 3243 4161 τὴν
3273 4093 3460 4147 ἑαυτοῦ
3488 4090 3694 4165 δύναμιν

2155 4176 2521 4257 ἀσθενεστέραν
2550 4169 2709 4236 οὖσαν
2729 4182 2822 4247 τῆς
2842 4181 2946 4235 τῶν
2966 4177 3251 4253 πολεμίων,
3282 4176 3532 4234 ἔσπευδεν
3555 4179 3690 4233 ἐνελ-

2153 4264 2348 4331 πίστως
2366 4268 2537 4332 αὐτοῖς
2555 4266 2817 4324 ἐπιθέσθαι
2837 4264 2927 4323 καὶ
2944 4267 3464 4343 καταστρατηγῆσαι,
3479 4278 3535 4321 et
3552 4265 3692 4339 apud

2154 4357 2428 4428 Nepotem
2460 4374 2510 4411 c.
2535 4355 2572 4407 6
2601 4375 2614 4409 :
2650 4354 2898 4410 Hiberna
2922 4365 3272 4427 sumpserant
3289 4372 3399 4406 non
3427 4355 3510 4408 ad
3544 4372 3688 4407 usum

2155 4443 2306 4509 belli,
2347 4442 2447 4495 sed
2468 4442 2550 4494 ad
2583 4446 2817 4514 ipsorum
2854 4444 3138 4495 luxuriam
3175 4442 3442 4513 longeque
3473 4446 3613 4494 inter
3634 4458 3690 4494 se

2154 4529 2534 4583 discesserant.
2564 4529 2682 4581 Hoc
2708 4530 3017 4599 Antigonus
3038 4544 3202 4599 quum
3232 4534 3580 4600 comperisset
3610 4531 3689 4579 in-

2157 4617 2318 4669 tellio
2273 4627 2542 4688 geretque,
2552 4633 2613 4668 se
2625 4632 2824 4688 pamm
2844 4633 2952 4669 non
2972 4632 3088 4669 esse
3106 4619 3327 4687 paratis
3351 4616 3686 4679 adversariis,

2154 4708 2348 4757 statuit
2369 4703 2596 4775 aliquid
2610 4703 2713 4756 sibi
2724 4705 2941 4757 consilii
2958 4707 3081 4755 novi
3096 4719 3213 4755 esse
3230 4703 3573 4775 capiendum.
3593 4704 3688 4755 Ac-

2157 4789 2306 4844 cedit
2328 4790 2488 4861 quod
2508 4789 2797 4845 Diodorus
2821 4808 2958 4845 mox
2992 4789 3165 4845 refert
3190 4791 3563 4863 Antigonum,
3590 4790 3686 4842 iter

2155 4894 2315 4931 suum
2341 4877 2678 4949 ingressum,
2709 4873 3128 4952 παρεσκευάσθαι
3164 4873 3275 4950 δίχ’
3294 4875 3500 4948 ἡμερῶν
3523 4872 3683 4948 ἄπυρα

2158 4961 2328 5031 σιτία,
2363 4966 2552 5037 Nepos
2584 4966 2804 5019 cibat-ea
2838 4976 2994 5020 cocta
3035 4965 3242 5018 dierum
3276 4964 3479 5019 decem.
3503 4963 3684 5032 Neque

2160 5050 2476 5123 discrepare
2495 5051 2759 5106 videntur
2774 5061 3030 5106 auctores
3051 5052 3108 5104 in
3129 5069 3220 5118 eo,
3244 5048 3398 5121 quod
3412 5047 3682 5104 Diodorus

2162 5138 2361 5214 (XIX,
2391 5136 2460 5202 34
2484 5136 2656 5212 extr.)
2682 5137 3067 5212 intervallum,
3090 5154 3202 5211 quo
3221 5134 3476 5210 Antigoni
3500 5145 3552 5187 et
3575 5134 3676 5187 fin·
