3900 6042
582 510 695 561 220

1947 494 2427 557 HERACLIDES

578 628 901 709 [Ἐγένοντο]
944 617 1122 686 ἸἩσαν
1167 582 1220 683 δέ
1264 624 1353 682 καὶ
1394 622 1544 681 ἄλλοι
1581 622 1963 684 δυναστευτικοὶ
1990 623 2137 706 παρὰ
2220 636 2435 684 Fuerunt
2452 636 2615 685 autem
2638 636 2784 686 etiam
2801 636 2880 686 alii
2899 637 3025 700 apud
3056 637 3321 701 Rheginos,
3348 638 3432 701 qui
3455 638 3782 702 principatum

579 719 684 783 τοῖς
707 714 985 793 Ῥηγίνοις.

966 842 1169 905 XXVI.
1214 841 1735 903 TAPANTINQN.

658 983 794 1044 Ὅτε
819 982 873 1040 δὲ
892 980 1294 1056 Λακεδαιμόνιοι
1313 978 1626 1050 Μεσσηνίοις
1644 980 1952 1056 ἕπολέμουν,
1975 982 2031 1039 αἱ
2046 1004 2135 1059 γυ·

581 1078 781 1142 ναῖκες,
810 1068 1049 1127 ἀπόντων
1082 1066 1296 1139 τούτων,
1327 1067 1516 1133 παῖδάς
1550 1089 1693 1134 τινας
1727 1067 2028 1145 ἐγέννησαν,
2052 1067 2139 1136 οὒς

583 1159 636 1214 ἐν
666 1155 907 1235 ὑποψίαις
928 1147 1068 1233 εἶχον
1092 1158 1139 1213 οἳ
1166 1153 1388 1234 πατέρες
1414 1157 1485 1221 ὡς
1506 1155 1600 1213 οὐκ
1632 1154 1780 1221 ὄντας
1817 1157 2010 1233 αὐτῶν,
2047 1155 2136 1214 καὶ

583 1242 863 1322 παρθενίας
890 1242 1126 1301 ἐκάλουν·
1150 1243 1197 1299 οἳ
1220 1240 1269 1300 δ’
1287 1232 1614 1318 ἠγανάκτουν
1626 1241 1723 1276 *⁴*

954 1381 1196 1441 xxvn.
1243 1380 1765 1441 ΚΟΡΚΥΡΑΙΩΝ.

666 1524 982 1600 Κορκυραῖοι
1022 1518 1291 1596 Διομήδην
1330 1519 1742 1579 ἐπεκαλέσαντο·
1771 1521 1860 1579 καὶ
1893 1520 1981 1579 τὸν
2012 1520 2138 1601 παρ’

584 1610 758 1676 αὐτοῖς
785 1607 1039 1688 δράκοντα
1068 1607 1380 1666 ἀπέκτεινεν·
1404 1598 1479 1673 οἷς
1498 1606 1588 1665 καὶ
1610 1607 1944 1687 συνεμάχησε
1969 1607 2138 1684 στόλῳ

583 1697 762 1775 πολλῷ
799 1698 871 1763 εἷς
897 1692 1172 1770 Ἰαπυγίαν
1198 1693 1358 1752 ἐλθὼν
1397 1695 1710 1771 πολεμοῦσιν
1748 1695 1877 1775 πρὸς
1916 1698 2139 1776 Βρεντε-

584 1781 748 1849 σίους·
774 1781 864 1840 καὶ
888 1784 1054 1857 τιμῶν
1082 1780 1284 1858 ἔτυχεν.

1032 1916 1299 1978 xxvnl.
1340 1914 1683 2002 ΘΡᾼΚΩΝ.

664 2059 834 2132 Γαμεῖ
880 2053 1093 2123 ἕκαστος
1136 2056 1269 2135 τρεῖς
1309 2055 1399 2114 καὶ
1440 2053 1726 2133 τέσσαρας,
1757 2054 1858 2114 εἶσὶ
1885 2054 1940 2114 δὲ
1977 2055 2027 2115 οἳ
2051 2057 2140 2115 καὶ

583 2142 889 2222 τριάκοντα·
916 2144 1006 2201 καὶ
1051 2145 1120 2209 ὣς
1163 2143 1498 2224 θεραπαίναις
1539 2146 1791 2221 χρῶνται.
1827 2142 1936 2203 Καὶ
1962 2146 2020 2201 ἐκ
2046 2167 2142 2201 πε-

587 2228 814 2310 ριουσίας
855 2232 902 2288 οἱ
942 2230 1135 2308 γάμοι,
1165 2230 1255 2288 καὶ
1295 2232 1356 2288 ἐκ
1394 2229 1632 2309 περιόδου
1674 2227 1896 2288 σύνεισιν
1931 2231 2138 2298 αὖταῖς·

583 2315 677 2375 καὶ
699 2315 840 2375 λούει
860 2315 950 2375 καὶ
983 2318 1224 2378 διακονεῖ.
1260 2316 1367 2377 Καὶ
1395 2318 1638 2374 πλεῖσται
1666 2315 1801 2392 μετὰ
1825 2315 1921 2387 τὴν
1948 2322 2136 2398 χρῆσιν

582 2403 758 2484 χαμαὶ
788 2407 1089 2479 κοιμῶνται.
1124 2403 1239 2465 Κᾶν
1278 2402 1591 2483 δυσχεραίνῃ
1613 2426 1716 2475 τις,
1740 2405 1788 2462 οἱ
1815 2405 1978 2483 γονεῖς
2005 2407 2141 2464 ἀπο-

584 2490 754 2559 δόντες
794 2491 822 2549 ὃ
860 2490 1066 2565 ἔλαὸον,
1105 2492 1490 2570 ἀπεκομίσαντο
1530 2492 1626 2562 τὴν
1665 2490 1954 2570 θυγατέρα·
1982 2491 2139 2569 τιμὴν

582 2579 686 2658 γὰρ
708 2577 1063 2655 λαμὸάνοντες
1080 2579 1426 2639 συνάπτουσιν
1452 2578 1632 2646 αὐτάς.
1666 2578 1776 2639 Καὶ
1801 2579 2141 2647 ἀποθανόντος

584 2672 677 2724 τοῦ
704 2665 911 2745 ἀνδρὸς,
934 2666 1111 2748 ὥσπερ
1130 2668 1330 2747 τᾶλλα,
1350 2667 1485 2725 οὕτω
1511 2665 1602 2726 καὶ
1628 2667 1721 2735 τὰς
1742 2670 1991 2745 γυναῖκας
2017 2669 2140 2739 κλη·

586 2758 906 2832 ρονομοῧσιν.

1079 2882 1291 2942 XXIX.
1333 2882 1645 2943 ΜΙΝΩΩΝ.

664 3016 881 3079 Μινώαν
909 3019 1003 3089 τὴν
1042 3019 1097 3075 ἐν
1134 3019 1351 3099 Σικελία
1398 3019 1662 3101 Μακάραν
1694 3018 1910 3079 ἐκάλουν
1954 3018 2140 3099 πρότε-

586 3127 694 3186 ρον.
722 3102 949 3164 Ἔπειτα
978 3105 1179 3175 Μίνως,
1207 3105 1409 3163 ἀκούων
1437 3106 1697 3165 Δαίδαλον
1720 3109 1941 3165 ἐνταῦθα
1957 3150 1975 3184 ,
2004 3107 2138 3184 μετὰ

584 3272 689 3332 iao,
712 3269 794 3320 sed
818 3270 891 3333 ,de
913 3270 1012 3319 tilio
1037 3270 1143 3331 ejus
1170 3271 1448 3332 Leophrone
1468 3284 1570 3321 rem
1602 3275 1768 3322 narrat
1797 3274 2057 3323 Athenaeus
2086 3275 2139 3334 l,

564 3344 634 3404 Ἰ).
649 3346 699 3403 3,
716 3347 753 3390 Α
769 3359 783 3390 =
800 3341 895 3398 Τὴν
911 3341 1163 3403 πανήγυριν
1176 3345 1332 3389 πᾶσαν
1345 3342 1551 3391 εἱστίασε
1566 3344 1798 3407 Λεώφρων
1811 3344 2137 3409 Ὀλυμπίασιν,

583 3412 805 3460 ἐπινίκιον
827 3410 1084 3474 γράψαντος
1103 3415 1187 3459 τοῦ
1207 3412 1347 3460 Κείου
1369 3412 1645 3475 Σιμωνίδου.
1669 3415 1729 3462 V.
1749 3413 2142 3463 Schneidewinus

584 3480 839 3531 Simonidis
861 3479 1048 3541 Reliqq.
1079 3492 1127 3542 p.
1166 3483 1225 3529 24
1260 3493 1367 3543 sqq.
1391 3509 1452 3521 —
1476 3482 1713 3546 θύγατρες]
1737 3485 1974 3547 θυγατέρες
2005 3483 2140 3545 libri,

583 3551 675 3599 nisi
696 3548 827 3611 quod
857 3550 1114 3611 θυγατέρων
1136 3562 1177 3599 e.
1199 3580 1263 3592 —
1284 3551 1511 3614 ἐγένοντο]
1536 3554 1619 3601 AC
1631 3566 1652 3608 ,⁰
1675 3567 1774 3601 om.
1799 3553 1998 3615 reliqui;
2030 3566 2141 3615 quae

583 3618 756 3667 deinde
772 3619 1038 3679 sequuntur
1054 3618 1177 3679 ἦσαν
1194 3620 1244 3668 δὲ
1261 3636 1310 3668 κ.
1328 3620 1377 3669 ἆ.
1406 3622 1751 3671 δυναστευτικοὶ
1769 3622 2053 3685 (δυναστικοὶ
2070 3623 2139 3685 Α)

583 3705 636 3737 π.
657 3704 703 3737 τ.
729 3690 782 3736 Ρ.
802 3686 991 3736 nonnisi
1006 3688 1057 3736 in
1076 3691 1206 3738 ACP
1229 3690 1279 3737 et
1297 3702 1427 3738 man.
1447 3703 1543 3740 sec.
1564 3690 1613 3739 in
1624 3704 1675 3752 p.
1702 3691 1942 3753 leguntur,
1967 3691 2139 3753 reliqui

585 3757 703 3805 item
722 3755 968 3805 omittunt.
994 3757 1221 3812 Ceterum
1243 3757 1303 3807 de
1320 3760 1521 3808 victoria
1544 3760 1759 3810 Anaxilae
1777 3761 1840 3810 ct'.
1867 3761 2142 3810 Aristoteles

585 3827 727 3876 linet.
750 3827 843 3885 111,
865 3831 912 3885 2,
927 3838 976 3887 p.
1000 3831 1105 3887 117,
1123 3833 1177 3875 21
1200 3827 1343 3876 ssekk.
1370 3848 1383 3877 ι
1408 3829 1465 3878 Ὀ
1488 3831 1763 3893 Σιμωνίδης,
1787 3831 1865 3879 ὅτε
1884 3831 1968 3894 μὲν
1991 3832 2140 3881 ἐδίδου

585 3896 749 3959 μισθὸν
781 3894 936 3956 ὀλίγον
963 3895 1089 3958 αὐτῷ
1112 3898 1139 3945 ὁ
1163 3897 1357 3954 νικήσας
1373 3904 1468 3954 τοῖς
1494 3898 1692 3961 ὀρεῦσιν,
1713 3900 1800 3948 οὐκ
1821 3901 1954 3958 ἤθελε
1970 3906 2138 3962 ποιεῖν,

585 3970 649 4022 ὡς
674 3966 986 4029 δυσχεραίνων
1010 3968 1076 4023 εἰς
1110 3966 1328 4028 ἡμιόνους
1360 3972 1526 4016 ποιεῖν·
1562 3968 1659 4017 ἐπεὶ
1694 3968 1733 4016 δ’
1750 3970 1912 4029 ,ἱκανὸν
1945 3969 2138 4031 ἔδωκεν,

583 4036 793 4092 ἐποίησε·
820 4035 1067 4098 Χαίρετ’,
1092 4035 1466 4085 ἀελλοπόδων
1489 4037 1706 4099 θῦγατρ
1720 4053 1773 4093 ες
1795 4039 2014 4087 ἵππων·
2039 4040 2139 4089 καί·

582 4122 655 4154 τοι
676 4106 757 4153 καὶ
779 4110 873 4153 τῶν
905 4104 1024 4153 ὄνων
1048 4106 1288 4169 θυγατέρες
1320 4106 1459 4166 ἦσαν.
1489 4107 1560 4156 Ad
1584 4107 1688 4156 haec
1709 4108 2099 4158 Schneidewiuus
2124 4129 2137 4159 ε

587 4194 611 4216 ιι
645 4173 870 4237 Lepidam
892 4176 1303 4225 narratiunculam
1335 4176 1398 4224 ab
1425 4176 1704 4237 Aristotele,
1722 4179 1779 4226 ut
1804 4178 1883 4237 tit,
1913 4179 2059 4227 etiam
2091 4180 2140 4229 in

584 4247 698 4306 nep.
715 4244 1038 4307 Rheginorum
1064 4247 1311 4295 memorias
1340 4245 1577 4307 proditam
1601 4247 1771 4308 fuisse,
1794 4249 2013 4297 meliores
2030 4249 2140 4299 libri

583 4314 723 4363 nobis
755 4313 1066 4376 persuadent,
1095 4315 1178 4377 qui
1208 4328 1271 4364 ex
1296 4315 1479 4366 laciniis
1495 4316 1673 4366 codicis
1688 4317 1934 4379 archetypi
1956 4332 2052 4368 non
2074 4321 2138 4369 si·

584 4386 758 4432 verunt
772 4385 848 4433 vel
867 4385 1068 4434 verbum
1100 4387 1268 4446 perire.
1300 4389 1425 4436 Nam
1443 4384 1704 4436 deteriores
1732 4401 1885 4449 quum
1910 4389 1962 4437 in
1983 4390 2138 4441 ἵππων

582 4466 705 4502 voce
728 4451 976 4514 desiuunt,
1011 4455 1320 4517 religiosiores
1354 4455 1431 4504 vel
1472 4454 1681 4516 ἐγένοντο
1717 4457 2006 4518 pinxerunt,
2039 4474 2137 4521 quo

585 4524 842 4584 conspecto
859 4524 1022 4573 statim
1040 4525 1256 4575 divinare
1274 4525 1446 4586 subiit,
1474 4524 1591 4588 quid
1604 4524 1654 4573 id
1666 4528 1734 4575 rei
1750 4529 1887 4577 esset.
1904 4530 2139 4592 Namque,

584 4591 704 4640 mihi
733 4591 900 4651 crede,
926 4592 1084 4642 fraudi
1123 4595 1214 4643 suit
1240 4593 1444 4643 librariis
1473 4594 1878 4644 homoeoteleuton
1905 4615 1917 4645 ι
1942 4597 2140 4658 scripse·

583 4664 662 4710 rat
683 4662 956 4712 Aristoteles
988 4682 1001 4711 ε
1041 4664 1192 4713 καίτοι
1228 4665 1307 4712 καὶ
1344 4666 1581 4726 θυγατέρες
1604 4665 1723 4713 ὄνων
1758 4666 1994 4728 ἐγένοντο,
2026 4680 2137 4728 quae

585 4732 735 4782 verba
760 4734 952 4795 propter
981 4734 1219 4798 θυγατέρες
1245 4735 1402 4783 ἵππων
1438 4734 1611 4785 omissa
1637 4737 1767 4784 sunt.
1804 4737 1877 4785 lta
1910 4736 2138 4799 singulari

584 4803 791 4850 sortunoe
810 4801 972 4851 favore
992 4803 1227 4852 sententia
1245 4805 1408 4852 nostra
1422 4802 1483 4853 de
1504 4804 1778 4854 Aristotelia
1799 4804 1945 4855 libelli
1960 4806 2140 4868 origine

583 4872 939 4921 firmamentum
967 4871 1258 4921 nanciscitur
1281 4872 1407 4922 unde
1427 4887 1525 4923 non
1545 4876 1953 4937 exspectaveram.
1987 4895 2011 4919 n
2047 4874 2137 4925 Mi-

584 4954 679 4990 nus
690 4941 927 5002 ingeniose
945 4940 1027 4991 sed
1046 4941 1245 4991 sonasse
1262 4944 1437 4992 rectius
1453 4941 1702 5005 suspiceris
1718 4943 1928 5003 ἐγένοντο
1946 4957 2047 4994 esse
2063 4945 2137 4994 al-

583 5013 737 5061 teram
764 5010 1017 5059 lectionem
1037 5011 1168 5060 vocis
1188 5012 1427 5073 sequentis
1450 5011 1587 5071 ἦσαν.

647 5081 818 5129 XXVI.
852 5098 877 5121 «
912 5082 1015 5129 Boc
1036 5082 1147 5130 loco
1177 5081 1365 5131 codices
1382 5084 1568 5144 ponunt
1587 5095 1698 5144 quae
1716 5084 1767 5131 ln
1789 5082 1898 5133 edd.
1923 5083 2137 5146 legeban-

583 5150 667 5201 tur
688 5160 831 5211 supra
848 5148 897 5197 in
916 5148 1012 5198 flne
1035 5150 1500 5201 Lacedaemoniorum
1518 5152 1742 5201 civitatis.
1772 5156 1828 5202 ln
1862 5167 1902 5216 p
1929 5154 1990 5202 ad
2010 5167 2138 5203 mar·

584 5216 742 5280 ginem
777 5219 965 5283 signum
1001 5221 1183 5283 exstat,
1206 5234 1306 5284 quo
1335 5221 1646 5272 admoneatur
1680 5221 1741 5272 de
1775 5223 2139 5291 transpoduone

2222 721 2272 771 in
2294 721 2537 785 republica
2554 723 2645 773 sibi
2661 722 2980 774 vindicarunt.

2553 847 2763 908 xxvl.
2812 811 3445 910 Tanfiu‘rmosun.

2285 995 2660 1046 Lacedoemoniis
2683 996 2809 1047 bello
2827 997 3060 1049 adversus
3079 1000 3339 1050 Messenios
3354 1000 3616 1064 occupatis
3628 1037 3644 1060 ,
3667 1013 3781 1048 uxo-

2224 1095 2300 1131 res
2318 1095 2487 1133 eorum
2520 1083 2697 1133 liberos
2723 1088 3019 1147 genuerunt,
3051 1098 3176 1148 quos
3203 1089 3364 1149 patres
3397 1090 3456 1136 ut
3495 1087 3786 1136 adulterinus

2222 1172 2469 1231 suspectos
2490 1170 2730 1220 habebant
2752 1174 2802 1222 et
2826 1173 3105 1225 Parthenias
3134 1174 3388 1225 vocabant.
3434 1175 3589 1234 Quod
3619 1175 3688 1224 illi
3718 1175 3782 1223 in·

2223 1256 2364 1319 digne
2385 1260 2602 1310 tulerunt
2623 1260 2700 1287 *³⁹*

2550 1393 2785 1455 xxvu.
2808 1393 3451 1457 CORCYRAEORUM.

2286 1537 2526 1599 coi-cymi
2561 1540 2843 1590 Diomeden
2879 1541 3201 1604 advocarunt,
3237 1543 3322 1605 qui
3357 1542 3633 1593 draconem
3667 1543 3784 1605 apud

2225 1628 2308 1665 eos
2340 1618 2618 1669 saevientem
2642 1621 2848 1670 necavit.
2886 1623 3075 1679 Quibus
3100 1623 3247 1672 etiam
3285 1624 3556 1674 auxiliatus
3591 1626 3664 1674 est
3697 1638 3782 1673 non

2225 1701 2395 1763 exigua
2418 1702 2567 1752 classe
2584 1703 2825 1766 appellens
2841 1704 2890 1753 in
2910 1707 3152 1768 Iapygiam
3176 1708 3347 1756 contra
3368 1707 3677 1758 Brundusio}
3698 1708 3782 1757 bel·

2226 1787 2328 1836 lum
2347 1787 2643 1851 gerentibus,
2667 1801 2766 1850 quo
2783 1790 2977 1839 nomine
2992 1789 3198 1841 bonores
3217 1792 3261 1841 ei
3279 1791 3464 1843 decreti
3489 1796 3628 1844 sunt.

2667 1919 2938 1980 xxvlu.
2981 1920 3378 1982 THRACUM.

2287 2062 2499 2121 Quilibet
2532 2062 2775 2113 Thracum
2805 2066 2907 2115 tres
2942 2066 3232 2127 quattuorve
3263 2078 3443 2116 uxores
3473 2067 3672 2118 ducunt
3685 2102 3699 2128 ‚
3730 2081 3782 2118 ac

2226 2141 2444 2191 nonnulli
2468 2141 2614 2191 etiam
2637 2143 2860 2205 viginta,
2879 2143 3055 2205 quibus
3075 2145 3308 2206 tanquam
3329 2145 3526 2195 ancillis
3566 2148 3774 2195 utuntur.

2226 2218 2416 2280 Nuptiae
2433 2218 2634 2279 (coitus)
2649 2232 2711 2269 ex
2728 2219 3023 2269 abundantia
3034 2219 3176 2281 fiunt,
3186 2222 3237 2270 et
3247 2221 3647 2284 ordinequodam
3658 2226 3782 2285 qumi

2226 2309 2312 2358 per
2324 2297 2559 2353 circulum
2576 2310 2688 2346 cum
2706 2298 2765 2347 iis
2781 2297 3170 2361 congrediuntur.
3187 2300 3246 2349 Et
3264 2312 3375 2362 quae
3391 2303 3577 2350 marito
3594 2301 3782 2363 potitur,

2226 2373 2355 2422 lavat
2384 2385 2498 2422 eum
2521 2373 2662 2436 eique
2685 2374 2939 2424 ministrat.
2965 2374 3193 2434 Plurimoe
3216 2388 3384 2425 earum
3401 2412 3417 2435 ,
3441 2380 3707 2440 postquam
3729 2378 3780 2425 iis

2226 2450 2386 2500 mariti
2409 2451 2509 2513 usi,
2528 2451 2664 2500 humi
2685 2451 2894 2502 dormire
2911 2455 3165 2515 coguntur.
3192 2454 3375 2512 Quodsi
3398 2468 3504 2517 qua
3525 2455 3715 2518 indigne
3737 2456 3777 2503 id

2227 2525 2372 2587 serat,
2392 2527 2620 2588 poterunt
2640 2528 2860 2588 parentes
2887 2527 3143 2578 retundere
3164 2529 3388 2590 pretium
3398 2534 3710 2580 numeratum
3729 2544 3778 2579 ac

2225 2598 2426 2648 domum
2448 2598 2674 2648 reducere
2698 2598 2864 2648 filiam.
2901 2601 3059 2650 Pretio
3090 2601 3218 2651 enim
3239 2605 3436 2664 accepto
3465 2603 3681 2667 jungunt
3703 2616 3775 2653 eas

2225 2672 2548 2732 matrimonio,
2564 2673 2854 2734 mortuoque
2870 2673 2975 2722 viro
2987 2709 3001 2733 ,
3017 2675 3144 2724 sicut
3161 2686 3237 2725 res
3252 2677 3425 2726 ceterae
3436 2713 3452 2739 ‚
3467 2690 3656 2727 uxores
3667 2690 3777 2739 quo-

2226 2758 2322 2808 que
2342 2743 2553 2794 defuncti
2572 2743 2850 2794 hoereditate
2864 2745 3199 2807 acquiruntur.

2659 2876 2867 2961 xxix.
2912 2876 3358 2941 ΜιΝοοΒυΜ.

2289 3027 2503 3078 Minoam
2538 3027 2712 3078 Sieilioe
2746 3028 2917 3079 urbem
2955 3032 3090 3092 prius
3128 3033 3366 3081 Maean-am
3415 3035 3769 3096 nuncuparunt.

2225 3113 2383 3164 Minos
2407 3116 2568 3163 autem
2605 3127 2759 3176 quum
2793 3115 3104 3166 intellexisset
3135 3117 3388 3168 Daedalum
3419 3119 3486 3168 ibi
3526 3133 3651 3181 esse,
3673 3132 3771 3167 cuia

2231 3273 2508 3323 verborum.
2537 3276 2593 3322 ln
2619 3276 2691 3336 Cp
2713 3274 2942 3336 praecedit
2969 3278 3332 3338 corcyraeorum
3357 3291 3518 3340 rap„
3543 3291 3652 3341 quae
3669 3277 3715 3325 in
3739 3289 3771 3337 p

2227 3344 2384 3392 exstat
2397 3343 2446 3391 in
2456 3342 2675 3404 margine
2686 3343 2924 3393 inferiore.
2943 3361 2968 3388 n
2990 3345 3542 3397 &humetum—‘021
3557 3350 3605 3397 δὲ
3620 3346 3697 3409 Ab]
3711 3349 3767 3403 c,-

2227 3412 2298 3461 ὅτι
2316 3416 2376 3461 Α.
2397 3412 2488 3468 ἀεὶ
2506 3413 3766 3481 ὅτιοῑΛ.9;ὅτιότεΛ.τεΙίιιιιί.-αἱγυν.]0οι·εῐπε;

2226 3497 2328 3543 γυν.
2353 3481 2516 3542 codd-3
2534 3496 2645 3531 mox
2663 3487 2726 3540 ὡς
2744 3497 2843 3533 om.
2867 3483 3249 3546 0.-παρθενίας]
3271 3488 3447 3548 Coray.
3468 3489 3694 3549 παρθὲνας
3710 3490 3765 3544 A,

2226 3551 2473 3614 παρθένους
2499 3554 2562 3614 G,
2581 3554 2848 3616 παρθενίους
2862 3554 3055 3616 reliqui,
3071 3555 3126 3603 ut
3144 3554 3350 3605 videtur.
3366 3580 3430 3596 —-
3443 3556 3662 3606 Mancan'i
3674 3569 3765 3603 uar-

2227 3624 2460 3670 ratlonem
2475 3625 2534 3670 ex
2562 3622 2754 3683 Ephoro
2770 3635 2849 3685 ap.
2865 3623 3088 3673 strabon.
3109 3627 3175 3673 vl
3190 3659 3205 3683 ,
3225 3636 3274 3687 p.
3294 3630 3385 3675 280
3406 3626 3611 3689 aliisque
3621 3624 3766 3674 multis

2228 3691 2366 3740 facile
2380 3692 2598 3752 supplere
2613 3691 2743 3742 licet.
2777 3694 2853 3742 cf.
2878 3694 3160 3744 Lorentzius
3179 3696 3248 3745 De
3270 3695 3390 3758 orig.
3420 3698 3544 3746 vett.
3573 3694 3765 3746 Tarenti-

2227 3772 2419 3809 norum.
2440 3757 2647 3811 Berolin.
2673 3766 2808 3812 1887.

2289 3832 2484 3879 xxvu.
2518 3833 2858 3891 Fragmentum
2880 3831 2975 3880 hoc
2993 3831 3165 3893 legitur
3187 3832 3239 3882 in
3262 3835 3302 3882 A
3325 3835 3366 3883 G
3389 3836 3432 3884 Ρ
3453 3838 3507 3884 et
3531 3847 3673 3895 marg.
3694 3844 3728 3895 ρ
3742 3849 3758 3891 ς

2228 3898 2399 3960 reliqui
2415 3900 2664 3949 omittunt.
2683 3925 2745 3936 -
2763 3901 3053 3963 πολεμοῦσι]
3074 3904 3177 3963 ΑΟ,
3196 3904 3495 3964 πολεμοῦσαν
3517 3907 3608 3966 Pp
3629 3902 3707 3955 ab
3719 3904 3760 3949 ct

2228 3963 2425 4030 reliqui,
2462 3971 2519 4017 ut
2552 3967 2758 4019 videtur.
2779 3999 2839 4011 -—
2862 3969 3187 4033 Βρεντεσίους]
3217 3974 3262 4020 P
3287 3984 3353 4034 ρ,
3378 3974 3670 4035 βρεντησίως
3698 3976 3758 4031 Α,

2229 4038 2534 4102 βερτεισίους,
2558 4052 2682 4088 corr.
2721 4039 3024 4103 βρεντεισίους
3064 4043 3120 4090 G.
3153 4066 3218 4077 —·
3241 4045 3439 4092 thzae
3455 4043 3521 4092 ad
3543 4047 3653 4105 Lyn.
3679 4048 3760 4091 ⁶15

2226 4120 2290 4157 ex
2312 4105 2494 4157 Timlbo
2512 4111 2562 4158 et
2583 4112 2713 4170 Lyco
2726 4112 2890 4159 narrat
2911 4129 2923 4158 :
2946 4112 3230 4173 Παρεγὲνετο
3249 4110 3557 4174 (Διομήδης)
3581 4115 3639 4168 εἷς
3655 4112 3757 4162 Ἰτα·

2226 4177 2328 4225 λίαν
2344 4189 2358 4203 ·
2379 4179 2524 4237 εὑρὼν
2546 4178 2596 4227 δὲ
2619 4184 2874 4236 τηνικαῦτα
2893 4180 2979 4229 τὸν
3002 4181 3234 4242 Κολχικὸν
3254 4181 3486 4243 δράκοντα
3513 4182 3759 4247 λυμαινόμε-

2226 4263 2304 4295 νον
2325 4248 2409 4305 τὴν
2436 4248 2675 4297 Φαιακίδα
2694 4249 2884 4299 ἔκτεινε.
2918 4251 3176 4311 Propterea
3195 4262 3318 4312 quos
3347 4252 3478 4313 apud
3501 4254 3703 4302 Daunius
3717 4250 3759 4298 in

2229 4316 2365 4365 ltalia
2382 4318 2584 4367 honores
2599 4318 2886 4380 obtinuerit,
2904 4320 3017 4369 vide
3030 4319 3224 4368 ibidem.
3242 4322 3299 4370 ln
3315 4320 3390 4371 his
3407 4321 3557 4383 igitur
3572 4321 3757 4373 Daunio-

2227 4400 2336 4435 rum
2372 4387 2500 4448 regio
2526 4388 2737 4438 Phanacis
2774 4389 3058 4451 appellatur,
3080 4389 3208 4451 qnod
3229 4402 3320 4439 cur
3345 4393 3542 4442 Τισίεω
3569 4402 3755 4441 esrom

2225 4468 2328 4506 esse
2347 4457 2464 4506 nihil
2486 4458 2560 4507 est
2581 4470 2668 4506 cur
2683 4461 2925 4520 putemus.
2950 4461 3024 4509 De
3041 4459 3371 4521 Argonauticis
3390 4460 3571 4511 fabulis
3588 4462 3634 4510 in
3655 4462 3756 4509 Ocr-

2225 4539 2387 4588 cyram
2406 4528 2496 4577 ins.
2522 4527 2763 4578 translatis
2779 4542 2827 4578 v,
2868 4533 2930 4579 G.
2955 4529 3144 4579 muller.
3166 4531 3240 4578 De
3257 4532 3454 4592 con-cyr.
3484 4545 3586 4595 rep.
3611 4544 3656 4592 p.
3684 4533 3750 4578 57.

2224 4598 2296 4645 De
2330 4597 2697 4658 corcyraeorum
2726 4600 2894 4648 contra
2925 4597 3257 4649 Brundusinos
3286 4598 3414 4648 bello
3444 4600 3634 4650 aliunde
3671 4610 3753 4647 non

2224 4667 2428 4715 constat.
2457 4667 2617 4728 vulgo
2639 4668 2838 4718 Dauniis
2871 4668 3135 4741 qpitulatus
3159 4680 3264 4718 esse
3289 4670 3548 4720 Diomedes
3568 4668 3750 4725 dicium

2224 4734 2398 4784 horum
2424 4737 2541 4785 socii
2577 4738 2758 4787 suerint
2788 4738 3057 4801 commui,
3083 4738 3125 4788 si
3158 4750 3303 4788 sanus
3325 4741 3488 4789 noster
3518 4740 3650 4790 locus
3675 4742 3751 4785 est.

2225 4807 2279 4854 lu
2299 4806 2574 4855 universum
2593 4805 2654 4857 de
2668 4807 2911 4857 Diomedis
2927 4808 3100 4858 sabulis
3111 4807 3256 4857 variis
3269 4821 3321 4858 ν.
3340 4808 3566 4859 Οιευεω.
3582 4811 3752 4859 AEneas

2224 4886 2279 4924 u.
2312 4874 2395 4924 die
2417 4878 2649 4926 penaten
2677 4879 2754 4938 11,
2775 4890 2823 4938 p.
2853 4881 2968 4928 1188
2991 4891 3097 4940 sqq.

2286 4946 2501 4995 xxvln.
2535 4944 2657 4994 cod.
2686 4948 2740 4995 c.
2772 4945 2932 5007 iungit
2978 4946 3081 4996 liaec
3119 4946 3512 4997 antecedentibus
3546 4966 3560 4997 ε
3591 4948 3745 5008 ἔτυχεν.

2226 5017 2422 5078 θρᾳκῶν
2441 5022 2580 5078 γαμεῖ
2596 5016 2790 5073 ἕκαστος
2817 5019 2919 5066 κτλ.
2944 5020 3013 5067 De
3039 5018 3309 5080 polygamla
3331 5019 3575 5068 Thracum
3597 5015 3641 5065 V.
3667 5018 3747 5065 lle·

2226 5086 2406 5134 nander
2418 5098 2494 5147 ap.
2516 5085 2740 5135 strabon.
2758 5099 2802 5147 p.
2822 5087 2914 5137 297
2948 5086 3183 5147 (Meiuek.
3207 5091 3260 5138 P.
3292 5090 3434 5137 com.
3463 5091 3622 5152 Νη).
3648 5086 3746 5143 2³2»)

2226 5156 2274 5204 et
2293 5154 2562 5204 Herodotus
2584 5158 2655 5216 V,
2683 5160 2710 5204 5
2733 5155 2897 5217 ibique
2915 5157 3210 5218 interpretes.

2287 5226 2461 5276 xxix.
2494 5225 2708 5275 'situlum
2725 5229 2898 5301 praeter
2916 5229 2952 5277 A
2971 5236 3071 5279 om.
3093 5227 3566 5292 αὐτα-Μακέων]
3581 5228 3749 5278 sonasse
