3900 6042
1480 475 1968 538 FRAGMENTA.

284 614 328 653 ⁴.
352 594 433 652 κατ’
473 592 873 669 ‘Pontes-{mue
877 638 1389 663 .........
1416 623 1507 660 an.
1551 623 1606 662 2⁴

286 702 328 739 ο.
350 679 430 738 x6‘
474 678 890 756 Ῥαμισσαμίνω
893 724 1387 747 .........
1555 709 1606 749 ιο

283 766 427 841 sats
470 765 742 841 Ῥαμεσσῆ
786 766 1087 840 Ἰουὸασσῆ.
1130 812 1145 826 .
1184 811 1205 830 .
1245 816 1258 831 .
1305 818 1319 833 .
1370 819 1385 834 .
1550 795 1604 835 as

283 874 327 915 7.
352 852 430 910 κδ’
473 852 751 928 ‘Paneuei-2
801 855 1049 936 Οὐάφρου
1052 899 1384 918 ......
1548 882 1603 922 aa

279 962 323 999 a.
350 940 421 997 κε’
468 942 729 1018 Κόγχαρις
734 983 1373 1005 ...........
1575 972 1601 1007 s

1529 1076 1605 1116 19⁰

207 1139 393 1208 Itaque
406 1155 579 1208 quum
600 1135 750 1191 idem
762 1155 1027 1194 numerus
1040 1158 1238 1213 regum
1250 1143 1493 1198 eundem
1510 1148 1678 1200 etiam

138 1233 290 1293 atque
308 1225 426 1276 Vet.
453 1224 777 1277 chronicon
789 1241 1065 1280 annorum
1080 1245 1376 1283 numerum
1400 1232 1675 1299 exhibeat,

140 1308 197 1361 id
215 1307 363 1379 quod
389 1309 605 1380 primus
630 1307 774 1362 vidit
812 1311 1133 1381 Boeckhius,
1155 1324 1310 1385 patet
1341 1316 1619 1371 immerito
1644 1335 1675 1372 a

134 1396 368 1467 plurimis
392 1398 633 1451 incusari
670 1397 971 1452 Eusebium
990 1440 1005 1468 ‚
1028 1403 1183 1472 quasi
1208 1414 1408 1475 suopte
1448 1406 1673 1477 ingenio

135 1483 270 1536 hanc
313 1482 622 1555 dynastiam
667 1481 985 1540 effinxisset.
1040 1487 1210 1542 Aliud
1256 1502 1670 1563 argumentum,

134 1586 239 1639 quo
250 1567 413 1623 fidem
431 1568 651 1623 Eusebii
666 1579 935 1639 tueretur,
952 1573 1247 1628 Boeckhius
1259 1577 1454 1648 petivit
1466 1596 1533 1631 ex
1549 1580 1670 1632 Eus.

132 1658 269 1707 Arm.
290 1654 379 1710 ed.
404 1655 612 1710 Zorab.
633 1656 772 1709 serie
794 1674 989 1730 regum
1013 1662 1374 1733 Argivorum,
1398 1664 1497 1717 ubi
1517 1664 1667 1719 haec:

129 1740 405 1810 Regnante
418 1744 647 1795 Amesse
661 1745 918 1809 secundo,
949 1762 1080 1816 oege
1094 1749 1495 1820 AEgyptiorum,
1524 1769 1672 1805 anno

132 1826 315 1880 CLXI
349 1828 630 1899 dynastiae
672 1829 831 1883 XVI
862 1835 919 1883 in
954 1834 1187 1904 Argivos
1228 1846 1429 1905 regnat
1475 1840 1668 1910 Argus.

130 1911 274 1965 Idem
316 1912 387 1967 ad
434 1911 609 1968 finem
660 1913 916 1969 laterculi
969 1918 1260 1988 repetitur.
1299 1922 1480 1994 Igitur
1525 1923 1670 1979 bene

128 2000 273 2052 novit
294 1999 561 2054 Eusebius
586 2001 815 2055 nomina
832 2020 1027 2076 regum
1044 2002 1206 2075 hujus
1233 2006 1516 2079 dynastiae;
1537 2028 1669 2065 nam

126 2086 365 2140 Amen-ses
389 2087 487 2142 ille
510 2087 665 2142 haud
684 2087 857 2143 dubie
879 2099 958 2144 est
978 2091 1264 2147 Ramesses
1293 2095 1531 2167 Syncelli
1550 2138 1566 2166 ,
1600 2116 1667 2153 ex

125 2171 268 2241 cujus
309 2173 560 2228 numeris
594 2191 770 2228 annus
819 2175 1080 2247 dynastiae
1132 2179 1234 2234 161
1298 2182 1446 2237 foret
1494 2202 1668 2242 annus

124 2260 335 2329 quintus
383 2261 672 2315 Ramessis
715 2262 969 2335 Uaphru.
1016 2296 1096 2307 --
1136 2266 1436 2323 Suboritur
1483 2282 1668 2327 tamen

122 2344 404 2401 dubitatio.
424 2349 646 2420 Nempe
662 2348 720 2402 in
738 2347 866 2420 Maji
881 2351 1136 2407 versione
1149 2396 1165 2421 ,
1190 2372 1357 2426 quam
1373 2357 1667 2415 Boeckhius

119 2449 230 2487 non
249 2435 588 2489 consuluisse
613 2434 860 2504 videtur,
893 2437 1050 2493 locus
1081 2439 1337 2497 laudatus
1368 2440 1523 2499 ita‘se
1553 2447 1665 2502 ha-

119 2518 209 2573 bet
257 2536 272 2577 ε
327 2524 622 2595 Regnanoe
672 2524 914 2577 secundo
952 2528 1334 2603 <Effluet-um
1372 2532 1570 2584 Amasi
1605 2538 1665 2587 in

120 2608 491 2662 sextadecima
533 2608 797 2678 dynastia
815 2628 965 2664 anno
1007 2612 1205 2666 CLXI
1235 2620 1526 2686 imperavit
1556 2622 1664 2671 Ar-

117 2698 247 2764 givis
280 2694 555 2751 Inachus.
586 2694 759 2749 Nihili
804 2696 920 2751 haec
962 2695 1199 2753 facerem
1214 2739 1230 2766 ‚
1279 2719 1453 2772 quum
1492 2704 1665 2761 altera

116 2782 287 2834 versio
311 2782 495 2836 multo
517 2782 827 2835 accuratius
851 2786 1182 2840 Armeniaca
1200 2786 1440 2843 reddere
1456 2790 1629 2846 soleat
1644 2833 1660 2859 ‚

115 2868 211 2921 nisi
233 2870 438 2924 Amasis
460 2870 558 2925 vel
578 2871 795 2925 Amosis
813 2868 949 2942 dyu.
974 2873 1162 2928 XVIII
1184 2892 1282 2929 rex
1297 2878 1492 2949 saepius
1512 2880 1664 2951 apud

115 2954 358 3010 Ecclesiae
370 2958 569 3011 Patres
588 2966 872 3029 tamquam
899 2959 944 3013 is
959 2960 1347 3017 nominaretur
1369 2967 1467 3036 qui
1496 2964 1662 3039 Moy-

113 3042 181 3095 sis
217 3052 273 3097 et
306 3042 501 3100 Inachi
541 3044 889 3117 temporibus
924 3050 1238 3120 regnaverit
1283 3049 1524 3123 (Tatian.
1558 3056 1658 3112 Or.

114 3127 234 3186 adv.
263 3129 359 3188 Gr.
383 3142 440 3186 et
458 3129 707 3188 African.
728 3149 819 3203 ap.
835 3132 1037 3191 Euseb.
1058 3135 1122 3188 P.
1146 3137 1210 3190 E.
1230 3137 1305 3206 X,
1331 3156 1353 3191 1
1370 3157 1389 3191 1
1404 3179 1420 3207 ,
1437 3157 1492 3212 p.
1513 3146 1659 3217 4943

112 3214 277 3275 Clem.
310 3218 476 3272 Alex.
506 3218 716 3274 Strom.
748 3218 805 3285 1,
846 3236 914 3273 αι
935 3260 952 3289 ,
976 3237 1035 3292 p.
1077 3220 1207 3289 138,
1235 3221 1332 3278 23.
1357 3226 1423 3277 V.
1455 3227 1658 3299 Apion.

111 3302 174 3356 fr.
212 3321 267 3360 a.
319 3305 555 3360 Boeckh.
589 3304 631 3363 l.
670 3304 709 3362 l.
747 3303 903 3381 194).
938 3308 1220 3361 Secundus
1262 3328 1400 3365 vero
1444 3316 1662 3369 Amosis

111 3387 215 3443 dici
252 3392 478 3464 potuit,
516 3391 561 3444 si
583 3392 798 3463 primus
838 3410 937 3449 rex
963 3392 1098 3466 dyn.
1130 3396 1318 3451 XVIII
1344 3398 1660 3473 intelligen-

109 3473 209 3529 dus
230 3488 337 3545 est,
356 3476 522 3549 quod
543 3494 709 3531 avum
735 3475 983 3548 ejusdem
1008 3482 1251 3535 nominis
1275 3482 1500 3553 habuit3
1523 3505 1660 3558 pro-

110 3560 343 3617 babilius
364 3574 557 3619 tamen
591 3564 918 3638 cogitaverit
933 3579 1131 3622 auctor
1168 3556 1241 3623 de
1269 3571 1506 3642 septimo
1530 3592 1661 3648 rege

107 3646 237 3718 dyn.
266 3650 504 3719 XVIII,
549 3668 715 3723 quem
743 3652 1032 3724 saepissime
1068 3672 1196 3708 cum
1231 3657 1414 3727 primo
1460 3660 1659 3715 confu-

107 3751 225 3788 sum
251 3737 323 3791 ab
367 3737 766 3792 Ecclesiasticis
796 3755 909 3792 esse
942 3749 1178 3796 comtat.
1219 3742 1344 3795 Jam
1391 3760 1566 3815 quum
1599 3748 1663 3800 in

103 3812 304 3869 Graecis
321 3816 552 3870 Eusebii
574 3815 690 3869 haec
708 3833 828 3869 non
845 3817 1127 3891 legantur,
1152 3820 1213 3873 in
1231 3820 1455 3877 Canone
1474 3834 1657 3879 autem

104 3903 324 3959 Eusebii
354 3904 597 3960 Inachus
633 3915 860 3959 notetur
895 3905 964 3960 ad
999 3925 1208 3961 annum
1253 3909 1467 3968 Abrah.
1515 3914 1614 3968 161
1639 3958 1655 3984 ,

101 3990 488 4061 plurimivero
506 3992 772 4045 Inachum
795 4011 922 4047 cum
942 3994 1131 4048 Amosi
1157 4012 1291 4068 rege
1308 3994 1444 4068 dyn.
1468 3998 1657 4057 XVIII

101 4089 451 4151 componant
476 4098 489 4133 :
512 4080 750 4151 suspicio
774 4080 913 4133 oriri
930 4081 1102 4151 possit
1118 4081 1351 4153 glossam
1368 4083 1520 4139 illam
1541 4104 1658 4141 non

98 4165 171 4219 ab
212 4167 459 4222 Eusebio
505 4167 844 4239 profectam,
887 4167 986 4222 sed
1025 4167 1095 4222 ab
1131 4168 1242 4222 alio
1283 4169 1531 4241 quodam
1571 4173 1653 4228 di-

94 4271 255 4309 versa
273 4255 450 4327 plane
472 4255 531 4307 in
557 4271 737 4329 unum
760 4253 1132 4328 conjungente
1163 4272 1277 4310 esse
1303 4256 1657 4331 adscriptam.

96 4339 309 4394 Verum
352 4340 503 4395 bene
532 4341 712 4394 sentio
756 4340 896 4393 nihil
932 4341 1016 4394 his
1055 4340 1262 4395 dirimi.
1306 4344 1432 4416 Ipse
1485 4347 1660 4418 Majus

94 4430 337 4482 Amessis
357 4443 577 4481 nomen
596 4444 723 4480 cum
738 4427 1024 4482 notissimo
1042 4429 1147 4481 isto
1160 4430 1344 4485 Amasi
1362 4431 1451 4485 vel
1468 4435 1658 4489 Amosi

92 4515 534 4585 permutaverit3
549 4524 606 4567 et
618 4511 776 4567 firma
789 4515 1000 4568 steterit
1012 4517 1280 4570 sententia
1299 4517 1652 4576 Boeckhlana.

92 4629 172 4644 -
197 4602 327 4655 Jam
361 4618 542 4672 quum
564 4600 834 4655 Eusebius
855 4600 928 4655 ad
951 4619 1044 4657 an.
1076 4601 1285 4681 Abrah.
1335 4603 1436 4659 161
1470 4604 1654 4671 (1855

92 4704 144 4744 a.
173 4686 344 4759 Chr.)
371 4686 450 4741 de
476 4705 668 4761 regum
707 4689 1048 4761 Argivorum
1077 4690 1421 4761 temporibus
1465 4692 1657 4747 Casto-

91 4791 207 4827 rem
227 4772 462 4841 laudet,
490 4775 704 4847 primus
724 4793 856 4829 vero
893 4775 1086 4830 Inachi
1114 4793 1291 4830 annus
1328 4794 1394 4830 ex
1420 4778 1658 4833 Castoris

91 4871 377 4932 computo
422 4878 539 4915 non
566 4861 729 4916 cadat
781 4864 840 4915 in
878 4879 1086 4916 annum
1133 4861 1310 4931 1855,
1334 4863 1433 4918 sed
1461 4865 1520 4918 in
1560 4884 1650 4920 an.

95 4947 251 5017 1776
281 4948 378 5001 vel
432 4953 572 5017 1774
624 4946 715 5022 (v,
745 4939 956 5005 Castor.
986 4949 1059 5006 fr.
1115 4944 1243 5022 11);
1283 4968 1387 5004 nec
1431 4951 1656 5008 aliunde

93 5044 367 5107 appareat
391 5036 560 5108 ratio,
581 5054 684 5090 cur
700 5036 758 5090 in
781 5053 989 5091 annum
1019 5034 1163 5092 1855
1184 5038 1534 5109 potissimum
1553 5045 1655 5095 Ar-

93 5124 360 5193 givorum
390 5121 545 5177 initia
581 5132 894 5195 ponantur;
921 5125 1208 5196 suspiceris
1235 5125 1416 5196 ipsum
1450 5126 1653 5182 Casto-

93 5227 206 5279 rem
229 5207 434 5292 (quem
446 5208 766 5291 AEgyptiaca
778 5209 1049 5283 scripsisse
1067 5208 1370 5285 fragmenta
1391 5214 1651 5285 arguunt)

3189 506 3308 557 ⁵6⁹

1773 603 1967 664 Inachi
1987 628 2194 665 annum
2215 613 2460 685 primum
2485 619 2858 689 composuisse
2881 638 3008 674 cum
3035 640 3185 680 anno
3219 630 3319 685 161

1772 693 1908 767 dyn.
1940 699 2101 766 XVI,
2141 697 2313 770 idque
2347 701 2646 757 Eusebium
2673 705 2745 758 ad
2772 723 2934 759 suum
2965 707 3038 763 de
3065 708 3330 782 dynastiis

1771 782 2046 854 AEgyptiis
2067 796 2398 856 computum
2423 790 2772 845 transtulisse.
2804 793 2886 847 Ex
2912 807 3181 868 computo
3204 803 3325 860 Vct.

1769 867 2034 924 Chroniei
2052 889 2144 926 an.
2179 889 2200 924 1
2214 872 2325 941 776
2353 891 2406 930 a.
2428 876 2489 931 C.
2512 876 2735 933 caderet
2758 880 2816 934 in
2836 878 3144 951 dynastiam
3163 887 3328 947 XVII

1770 950 1787 1029 (
1817 954 2257 1031 1851-1749),
2284 976 2456 1030 quum
2487 961 2737 1033 dynastia
2758 1005 2774 1031 ,
2799 966 2929 1021 XVI
2956 971 3234 1039 pertineat
3251 974 3328 1030 ad

1768 1056 1945 1097 annos
1964 1050 2075 1109 ποί.
2089 1044 2373 1103 1-1852,
2401 1047 2533 1101 Haec
2571 1050 2741 1122 igitur
2767 1052 2946 1106 multo
2973 1056 3155 1111 minus
3181 1077 3326 1130 qua-

1768 1125 1952 1186 drant.
1979 1131 2185 1185 Mirum
2212 1142 2390 1186 tamen
2414 1144 2494 1188 est
2511 1152 2676 1190 aeram
2703 1136 3028 1209 Troianam,
3053 1160 3180 1214 quae
3207 1147 3318 1201 Ve-

1768 1216 1899 1268 teris
1930 1217 2196 1271 Chronici
2232 1220 2479 1273 numeris
2500 1220 2686 1275 subest
2703 1261 2719 1289 ,
2750 1222 2985 1279 eandem
3014 1228 3181 1299 plane
3207 1249 3320 1286 esse

1764 1312 1931 1373 atque
1975 1305 2212 1359 Castoris
2259 1304 2445 1379 (1208
2482 1324 2533 1364 a.
2563 1307 2695 1362 Chr.
2720 1306 2773 1381 )‚
2809 1314 3062 1384 quamvis
3098 1318 3350 1373 serioris*

1763 1389 1864 1441 nevi
1905 1392 2209 1462 scriptores
2247 1392 2657 1448 Alexandrinos
2704 1405 2759 1450 et
2798 1396 3023 1469 Judaeos
3066 1412 3122 1457 et
3158 1403 3321 1459 Chri-

1765 1475 1978 1530 stianos
2008 1488 2276 1548 quantum
2312 1481 2446 1533 novi
2474 1481 2549 1534 ad
2572 1499 2747 1535 unum
2775 1501 2969 1539 omnes
2994 1487 3321 1547 Eratosthe-

1761 1563 1885 1615 nica
1912 1580 2020 1617 aera
2054 1565 2136 1618 uti
2160 1564 2468 1623 videamus.
2488 1564 2674 1632 Quare
2700 1570 2888 1623 nescio
2914 1589 2985 1626 an
3009 1592 3127 1628 non
3147 1579 3315 1633 etiam

1762 1648 1820 1700 in
1878 1649 2108 1722 reliquis
2153 1651 2397 1707 Castorei
2454 1662 2752 1725 computus
2809 1659 3037 1731 vestigia
3085 1662 3317 1722 subsint.

1761 1733 2052 1790 Permittas
2087 1737 2478 1808 conjecturam.
2519 1740 2958 1797 Consentaneum
2994 1757 3074 1799 est
3113 1761 3320 1820 praeter

1760 1820 2183 1877 Eratosthenem
2233 1825 2398 1878 etiam
2447 1825 2583 1879 alios
2625 1828 2917 1898 exstitisse,
2976 1833 3073 1903 qui
3117 1836 3318 1889 seriem

1761 1906 2220 1983 chronologicam
2243 1928 2349 1983 per
2374 1913 2662 1966 Pastorum
2683 1924 2936 1987 tempora
2957 1921 3178 1974 nonnisi
3201 1940 3312 1979 sec.

1769 1992 2046 2066 dynastias
2092 2000 2413 2071 principum
2464 2002 2842 2074 AEgyptiorum
2893 2008 3313 2081 constituerint,

1757 2093 2044 2153 pastorum
2073 2087 2393 2141 nominibus
2410 2089 2677 2161 annisque
2695 2100 2791 2143 aut
2806 2092 3019 2147 omissis
3036 2094 3202 2166 plane
3218 2107 3316 2152 aut

1752 2167 1915 2238 juxta
1938 2173 2151 2244 positis.
2172 2173 2260 2227 Sic
2276 2172 2463 2228 fecisse
2486 2176 2650 2229 etiam
2685 2194 2814 2230 eum
2843 2177 3084 2249 conjicio
3109 2199 3177 2236 ex
3199 2201 3315 2254 quo

1755 2251 1919 2311 fluxit
1943 2269 2241 2332 computus
2258 2260 2521 2316 Chroniei
2548 2263 2769 2319 Veteris.
2797 2263 3091 2335 Ejiciamus
3120 2268 3312 2342 igitur,

1756 2357 1928 2415 quam
1968 2363 2138 2399 unam
2171 2346 2361 2401 intulit
2377 2348 2637 2418 Judaeus,
2664 2350 2956 2405 Pastorum
3001 2352 3310 2426 dynastiam

1753 2428 1913 2484 XVII
1936 2448 2214 2487 annorum
2254 2432 2382 2488 103.
2426 2436 2553 2505 Quo
2581 2434 2853 2505 admisso,
2897 2456 3075 2493 annus
3100 2442 3315 2512 primus

1756 2514 2017 2586 dynastiae
2040 2520 2172 2573 XVI
2196 2538 2315 2573 non
2337 2516 2574 2593 amplius
2607 2532 2686 2576 ωε
2725 2530 2836 2588 204
2852 2542 2873 2577 1
2894 2564 2909 2593 ‚
2952 2525 3052 2579 sed
3079 2525 3226 2600 1938
3253 2546 3305 2584 a.

1754 2601 1885 2657 Chr.
1912 2606 2092 2678 Igitur
2114 2624 2289 2660 annus
2319 2606 2418 2662 161
2455 2607 2587 2680 dyn.
2602 2609 2735 2665 XVI
2752 2650 2768 2677 ‚
2795 2612 2893 2681 qui
2915 2613 3129 2684 primus
3146 2614 3311 2670 filisse

1756 2688 1952 2743 Inachi
1982 2690 2208 2758 dicitur,
2240 2704 2321 2747 est
2351 2692 2519 2762 1778.
2558 2695 2675 2749 Nos
2700 2712 2769 2749 ex
2798 2696 3020 2754 Castore
3038 2710 3309 2772 supputa-

1751 2791 1873 2830 mus
1898 2793 1987 2831 an.
2019 2778 2186 2847 1776.
2208 2778 2540 2835 Differentia
2563 2781 2659 2835 vix
2680 2783 3009 2855 premenda.
3030 2814 3109 2826 —
3127 2786 3308 2842 Porro

1752 2863 2034 2919 Inachidis
2077 2866 2270 2921 Castor
2299 2867 2495 2922 tribuit
2513 2886 2689 2923 annos
2719 2867 2852 2936 380,
2881 2871 2979 2942 qui
3002 2875 3310 2932 accuratius

1750 2950 2053 3006 revocandi
2075 2964 2205 3007 sunt
2229 2953 2301 3025 ad
2323 2972 2498 3009 annos
2526 2953 2637 3024 378
2672 2953 2737 3028 (6
2755 2966 2804 3016 ><
2823 2954 2894 3011 63
2916 2955 2959 3031 ).
2985 2958 3310 3032 Sequuntur

1751 3034 1957 3092 deinde
1985 3039 2265 3095 Danaidae.
2303 3041 2560 3096 Danaum
2599 3059 2735 3096 vero
2764 3061 2875 3099 sec.
2905 3045 3304 3103 Manethonem

1750 3123 1978 3197 Josephi
2000 3125 2242 3200 AEgypto
2265 3126 2427 3198 ejecit
2451 3127 2648 3183 Sethos
2673 3130 2787 3184 sive
2808 3129 2977 3185 frater
3004 3134 3303 3207 AEgyptus,

1747 3211 1963 3281 primus
1988 3229 2087 3267 rex
2100 3212 2364 3286 dynastiae
2375 3214 2539 3269 XIX.
2554 3215 2587 3269 J
2589 3232 2676 3269 am
2690 3216 2952 3271 Chroniei
2967 3220 3085 3275 Vet.
3104 3232 3306 3277 auctor

1749 3306 1801 3351 et
1814 3298 2083 3354 Eusebius
2101 3299 2362 3373 dynastiae
2377 3301 2568 3356 XVIII
2593 3302 2846 3361 tribuunt
2856 3321 3031 3359 annos
3055 3304 3187 3375 348,
3206 3310 3305 3379 qui

1742 3381 1925 3452 juncti
1937 3386 2164 3461 triginta
2182 3388 2643 3461 annispostremis
2655 3387 2917 3460 dynastiae
2928 3392 3307 3475 antecedentis

1753 3468 2058 3547 (161·190)
2082 3492 2351 3530 summam
2398 3472 2649 3529 efficiunt
2680 3493 2957 3530 annorum
2987 3475 3099 3546 378
3119 3519 3135 3547 ,
3162 3482 3296 3552 qui-

1747 3557 1853 3613 bus
1879 3577 2134 3634 regnasse
2162 3560 2453 3616 Inachidas
2478 3561 2674 3617 Castor
2695 3564 2903 3621 statuit.
2954 3565 3081 3638 Ipse
3127 3566 3301 3621 Euse-

1747 3643 1874 3699 bius
1900 3647 1978 3700 ita
1999 3657 2238 3702 statuere
2287 3665 2404 3702 non
2450 3649 2664 3720 potuit,
2698 3666 2871 3721 quum
2919 3651 3304 3725 interpositam

1746 3731 1950 3787 habeat
1968 3734 2258 3788 Pastorum
2285 3733 2594 3806 dynastiam
2622 3753 2751 3789 cum
2769 3737 2929 3791 annis
2959 3737 3087 3795 103.
3114 3740 3304 3810 Quare

1747 3819 2004 3874 Danaum
2030 3819 2161 3875 facit
2185 3838 2375 3894 regem
2416 3820 2696 3875 decimum
2734 3835 2998 3895 quartum
3036 3825 3301 3899 dynastiae

1748 3903 1960 3964 XVIII.
1983 3903 2066 3961 Cf.
2085 3906 2230 3960 infra
2247 3905 2320 3961 ad
2339 3906 2471 3979 dyn.
2495 3909 2706 3966 XVIII.

1998 4041 2276 4099 DECIMA
2316 4043 2626 4099 SEPTIMA
2664 4042 3053 4102 DYNASTIA.

2482 4179 2577 4243 47·

2196 4298 2343 4356 sse.
2386 4298 2842 4356 Armcmtm,

1825 4431 2065 4503 Syncell.
2092 4446 2152 4503 p.
2170 4427 2267 4499 61,
2288 4430 2332 4486 C
2354 4449 2368 4485 ε
2401 4426 2860 4498 Ἕπτακαιδεκᾶτη
2886 4426 3158 4486 δυναστεία
3183 4450 3296 4486 ποι·

1747 4514 1894 4591 μένες
1929 4513 2081 4573 ἄλλοι
2114 4514 2341 4593 βασιλεῖς
2370 4515 2459 4592 μγ’
2486 4513 2576 4573 καὶ
2598 4514 2830 4587 Θηὸαἶοι
2847 4513 2931 4593 [ἢ]
2958 4515 3297 4573 Διοσπολῖται

1745 4600 1856 4679 μγῖ

1825 4688 1997 4766 Ὁμοῦ
2032 4691 2081 4747 οἱ
2103 4686 2344 4764 ποιμένες
2381 4686 2472 4746 καὶ
2493 4690 2542 4746 οἱ
2576 4687 2806 4760 Θηὸαῖοι
2838 4685 3179 4745 &aestiuum
3203 4685 3294 4760 ἔτη

1775 4773 1880 4835 να’.

1746 4797 1773 4854 ρ
1822 4867 2062 4921 Bunsen.
2101 4882 2114 4916 :
2144 4887 2169 4912 «ι
2200 4864 2332 4918 Haec
2359 4848 2626 4936 corrupta
2653 4881 2765 4918 esse
2791 4880 2959 4917 nemo
2988 4861 3293 4930 dubitabit,

1743 4952 1847 5006 nisi
1871 4952 1968 5024 qui
1987 4951 2418 5005 Manethoniana
2436 4968 2548 5006 esse
2573 4950 2877 5024 putaverit,
2897 4950 3029 5023 quia
3056 4948 3293 5005 absurda

1741 5040 1867 5094 sint.
1892 5037 2104 5094 Locum
2122 5039 2198 5092 sic
2218 5037 2333 5093 fere
2359 5037 2760 5093 restituendum
2791 5054 2903 5092 esse
2929 5037 2987 5090 in
3011 5036 3157 5090 libro
3177 5046 3293 5091 ter-

1742 5127 1824 5181 tio
1850 5124 2176 5179 docebimus
2205 5140 2220 5181 τ

1826 5208 2287 5281 Ἑπτακαιδεκάτη
2325 5209 2621 5268 δυναστιία.
2675 5205 2936 5285 ΙῙοιμὲνες
2953 5206 3101 5265 ἄλλοι
3133 5210 3288 5265 Βασι-
