3900 6042
545 441 617 490 50

1937 406 2142 468 10le
2185 406 2341 466 cun

534 564 595 620 οὗ
615 558 778 616 πλείω
801 557 949 632 τριῶν
965 573 1042 611 sc.
1060 549 1118 607 τὸ
1141 551 1333 616 πλῆθος
1351 546 1448 624 ἔφη
1463 533 1708 601 εἶναιτῶν
1724 540 1906 599 ὄντων.
1927 544 2093 615 Diog.
2190 537 2383 613 Καρῶν
2421 540 2527 597 τοῖς
2555 532 2781 589 οἷκοῧσῑν
2825 528 2877 585 ἓν
2906 531 2971 606 τῇ
3006 525 3173 604 νήσῳ,
3199 522 3290 581 καὶ
3319 520 3435 588 τοὺς
3477 519 3575 596 μὲν
3606 519 3757 578 ἇπὲ·

534 653 721 707 Laert.
748 647 880 702 vlu
896 685 912 713 ,
937 643 972 699 8
1007 661 1020 695 :
1053 634 1177 697 Ἴων
1207 635 1261 693 δὲ
1284 637 1314 692 6
1334 633 1457 698 Χῖος
1485 633 1539 688 ἐν
1567 638 1671 695 τοῖς
1691 631 1984 708 Τριαγμοῖς
2002 648 2098 706 φη-

539 735 621 794 σὶν
653 731 808 792 αὐτὸν
852 730 960 807 (sc.
1002 725 1089 784 τὸν
1139 720 1478 801 Πυθαγόραν)
1513 718 1622 776 ἔνια
1651 716 1945 785 ποιήσαντα
1977 717 2097 771 άνε-

540 828 738 897 νεγκεῖν
760 819 832 883 εἷς
854 810 1076 894 Ὀρφέα.
1100 811 1312 868 Eadem
1332 811 1506 866 clem.
1531 808 1688 863 Alex.
1716 807 1924 861 Strom.
1955 805 2012 873 1,
2036 818 2094 877 p.

543 911 653 967 333
669 952 685 979 ‚
705 913 775 965 A.
800 904 969 979 Apud
987 902 1214 958 Suidam
1228 911 1285 955 et
1306 897 1524 955 Eudoc.
1544 916 1601 950 v·
1623 889 1849 970 Ὀρφεὺς
1866 893 2019 947 hunc
2043 892 2100 944 in

544 998 782 1054 modum
806 1002 1078 1065 corrupta
1096 999 1225 1043 sunt
1248 1006 1262 1042 t
1297 981 1522 1062 Ὀρφεὺς
1550 980 1745 1060 ἔγραψε
1773 974 2098 1057 Τριαγμούς·

542 1085 782 1162 λέγονται
808 1080 862 1138 δὲ
884 1069 1016 1137 εἶναι
1040 1071 1218 1139 Ἴωνος
1237 1077 1326 1130 τοῦ
1346 1075 1615 1151 τραγικοῦ.
1644 1101 1724 1113 ——
1748 1069 1838 1124 Ad
1858 1067 2101 1123 eundem

543 1177 752 1230 librum
778 1166 1076 1227 referenda
1107 1175 1237 1220 sunt
1272 1182 1396 1235 quae
1423 1161 1495 1216 de
1524 1160 1695 1215 tribus
1714 1158 2002 1213 elementis
2030 1173 2100 1210 ex

540 1266 683 1319 Ione
709 1261 975 1333 leguntur
1004 1273 1094 1326 ap.
1137 1254 1232 1307 Jo.
1278 1251 1583 1322 Philopon.
1639 1249 1699 1300 in
1743 1246 1980 1301 Aristot.
2026 1242 2101 1299 Π.

543 1371 654 1425 γεν.
685 1344 775 1403 καὶ
799 1355 944 1425 φθορ.
970 1343 1078 1405 fol.
1114 1341 1207 1408 46,
1225 1339 1264 1394 b
1294 1359 1307 1392 ε
1341 1338 1460 1414 Πῦρ
1484 1332 1574 1391 καὶ
1600 1336 1697 1410 γῆν
1721 1334 1749 1389 6
1770 1327 2106 1409 Παρμενίδης

548 1433 790 1493 ὑπέθετο·
815 1435 979 1488 ταῦτα
1005 1425 1058 1485 δὲ
1088 1423 1221 1502 μετὰ
1244 1428 1335 1482 τοῦ
1364 1423 1510 1502 ἀέρος
1537 1419 1662 1479 Ἴων
1686 1419 1857 1484 ὁΧῖος
1873 1462 1889 1490 ,
1916 1421 1943 1475 6
1973 1438 2103 1494 τρα-

548 1518 849 1602 γῳδοποιός.
907 1550 982 1561 ——-
1031 1514 1202 1590 Apud
1243 1513 1528 1568 Stobaeum
1593 1506 1745 1588 (Ecl.
1813 1508 1978 1579 Phys.
2042 1506 2069 1560 1
2086 1545 2103 1574 ‚

548 1632 607 1686 p.
632 1610 743 1667 552
764 1606 958 1680 Beer.)
973 1607 1080 1659 lon
1096 1603 1304 1657 dicitur
1323 1601 1514 1654 lunam
1532 1597 1741 1653 habere
1756 1594 1989 1669 σῶμα-τῇ
2012 1588 2106 1666 μὲν

545 1695 823 1765 ὑαλοειδὲς,
853 1686 1083 1766 διαυγὲς,
1110 1691 1175 1764 τῇ
1205 1687 1248 1743 δ’
1283 1681 1524 1766 ἀφεγγές.
1551 1686 1683 1739 Haec
1714 1692 1845 1736 sunt
1880 1699 2005 1754 quae
2034 1696 2105 1735 ex

547 1781 950 1860 philosophicis
993 1778 1147 1833 Ionis
1173 1774 1396 1848 scriptis
1430 1773 1819 1825 innotuerunt.
1860 1765 1946 1822 cf.
1978 1765 2111 1820 Nie-

551 1872 810 1944 berding.
832 1889 893 1942 p.
920 1885 993 1940 9²
1024 1883 1152 1936 sqq.
1174 1884 1188 1930 3
1220 1859 1444 1933 Koepke
1464 1877 1524 1930 p.
1551 1876 1624 1930 79
1645 1874 1766 1928 sqq.

976 2005 992 2052 1
1159 1991 1518 2019 4....»-

1067 2092 1256 2152 xlm·
1311 2088 1593 2150 ΚΤΙΣΙΣ.

1293 2214 1379 2272 13.

636 2352 870 2405 Pausan.
907 2346 1041 2411 vn,
1083 2349 1113 2407 l.
1133 2383 1149 2410 ,
1192 2340 1226 2396 8
1257 2359 1270 2393 z
1302 2333 1452 2397 Ἴωνι
1480 2332 1535 2390 δὲ
1564 2335 1639 2411 τῷ
1667 2327 1945 2398 ποιήσαντι
1983 2349 2115 2406 τρα-

554 2434 748 2510 γωδίαν
778 2432 915 2490 ἐστὶν
931 2430 984 2486 ἐν
1014 2432 1080 2506 τῇ
1102 2427 1377 2504 συγγραφῇ
1405 2421 1579 2480 τοιάδε
1609 2417 1886 2496 εἰρημένα·
1924 2416 2112 2472 Ποσει-

559 2496 693 2580 &iim
718 2523 766 2586 ἐς
790 2516 885 2589 τὴν
914 2518 1068 2585 νῆσον
1090 2513 1284 2593 ἔρημον
1309 2500 1468 2567 οὖσαν
1490 2504 1800 2587 ἀφικέσθαι,
1825 2501 1917 2560 καὶ
1938 2502 2113 2581 νύμφῃ

557 2634 612 2668 τε
633 2612 852 2668 ἐνταῦθα
878 2600 1215 2681 συγγενέσθαι
1238 2597 1329 2656 καὶ
1354 2595 1453 2655 ὑπὸ
1471 2595 1566 2660 τὰς
1591 2593 1780 2660 ὠδῖνας
1797 2594 1890 2660 τῆς
1913 2588 2117 2669 νύμφης

558 2697 710 2778 χιόνα
733 2694 785 2763 ἐξ
807 2696 1022 2773 οὐρανοῦ
1048 2696 1223 2747 πεσεῖν
1247 2690 1297 2752 ἐς
1316 2683 1410 2755 τὴν
1435 2686 1558 2758 γῆν,
1588 2680 1679 2739 καὶ
1694 2677 1800 2736 ἀπὸ
1814 2676 1998 2734 τούτου
2015 2678 2119 2734 Πο-

554 2787 777 2845 σειδῶνα
797 2785 869 2862 τῷ
890 2781 1040 2838 παιδὶ
1049 2777 1219 2853 ὄνομα
1236 2773 1413 2832 θέσθαι
1428 2770 1576 2831 Χίον·
1595 2765 1933 2844 συγγενέσθαι
1949 2763 2004 2823 δὲ
2021 2766 2114 2820 αὖ·

557 2873 646 2931 τὸν
672 2870 762 2930 καὶ
785 2869 937 2947 ἑτέρα
953 2864 1132 2944 νύμφῃ
1163 2862 1257 2922 καὶ
1276 2859 1514 2938 γενέσθαι
1536 2860 1584 2915 οἱ
1607 2862 1798 2920 παῖδας
1825 2851 2039 2929 Ἄγελόν
2062 2875 2119 2910 τε

486 2986 502 3004 ·
565 2960 656 3020 καὶ
683 2957 906 3017 Μέλανα
922 2977 935 2991 ·
962 2951 1064 3010 ἀνὰ
1081 2951 1265 3032 χρόνον
1286 2948 1340 3005 δὲ
1363 2944 1450 3004 καὶ
1477 2942 1775 3003 Οἰνοπίωνα
1801 2943 1851 3006 ἐς
1869 2941 1964 3009 τὴν
1989 2938 2120 2998 Χίον

561 3054 793 3124 κατᾶραι
828 3040 1007 3099 ναυσὶν
1037 3042 1095 3096 ἐκ
1146 3033 1386 3114 Κρήτης,
1427 3030 1646 3089 ἕπεσθαι
1695 3027 1752 3086 δέ
1796 3031 1844 3087 οἳ
1873 3028 1964 3084 καὶ
2004 3026 2122 3093 τοὺς

569 3134 766 3198 παῖδας
805 3129 983 3190 Τάλον
1010 3126 1118 3185 ·κα“ι
1161 3122 1403 3190 Εὐάνθην
1431 3118 1523 3177 καὶ
1553 3115 1774 3177 Μέλανα
1805 3114 1897 3174 καὶ
1938 3114 2125 3174 Σάλα-

552 3222 655 3301 γόν
688 3219 750 3299 (P)
783 3241 842 3276 τε
869 3212 1286 3288 καὶἌθάμαντα
1325 3209 1411 3286 (ἲ).
1441 3204 1707 3286 Ἀφίκοντο
1748 3203 1800 3274 δὲ
1832 3202 1922 3261 καὶ
1952 3204 2125 3281 Κᾶρες

573 3314 624 3377 ἐς
650 3307 745 3379 τὴν
772 3311 931 3376 νῆσον
963 3303 1052 3362 ἰπὶ
1080 3305 1172 3371 τῆς
1196 3296 1516 3361 Οἰνοπίωνος
1535 3290 1803 3372 βασιλείας
1824 3290 1915 3349 καὶ
1938 3286 2126 3350 Ἄδαν-

514 3394 517 3397 ’
572 3422 652 3464 τες
676 3395 729 3463 ἐξ
756 3392 1004 3458 Εὖὸοίας.
1039 3386 1357 3451 Οἰνοπίωνος
1385 3381 1441 3442 δὲ
1467 3382 1560 3440 καὶ
1584 3383 1686 3438 τῶν
1711 3378 1912 3438 παίδων
1935 3377 2125 3437 ἔλαὸεν

568 3484 779 3564 ὕστερον
807 3477 1091 3560 Ἄμφικλος
1114 3473 1206 3546 τὴν
1244 3471 1439 3553 ἀρχήν·
1470 3468 1684 3550 ἀφίκετο
1708 3467 1763 3526 δὲ
1791 3466 1846 3535 ἐξ
1869 3465 2120 3533 Ἱστιαίας

567 3579 595 3630 ὗ
616 3570 902 3651 Ἄμφικλος
925 3570 1018 3636 τ’ῆς
1038 3566 1091 3622 ἐν
1115 3561 1315 3639 Εὒὸοία
1339 3558 1477 3617 κατὰ
1503 3556 1780 3634 μάντευμα
1803 3557 1862 3613 ἐκ
1884 3555 2122 3634 Δελφῶν.

567 3658 785 3736 Ἵζκτωρ
819 3656 872 3713 δὲ
904 3651 1008 3710 ἀπὸ
1049 3655 1139 3708 τοῦ
1170 3646 1456 3727 Ἀμφίκλου
1485 3644 1710 3723 τετάρτῃ
1741 3650 1928 3722 γενεᾷ,
1969 3647 2124 3720 βασι-

2186 643 2381 683 κτεινεν
2412 622 2465 677 ἐν
2502 621 2616 684 ταῖς
2656 616 2881 695 μάχαις,
2924 612 3041 679 τοὺς
3073 612 3129 670 δὲ
3170 612 3412 669 ἀπελθεῖν
3440 609 3761 685 ἠνάγκασεν

2192 705 2558 771 ὖποσπόνδους.
2587 701 2877 778 Γενομένης
2900 700 2953 758 δὲ
2971 700 3282 775 ἀπαλλαγῆς
3306 695 3540 772 πολέμου
3568 695 3762 767 Χίοις,

2192 794 2468 875 ἀφικέσθαι
2493 796 2782 863 τηνικαῦτα
2812 791 2864 855 ἐς
2888 786 3100 864 μνήμην
3125 784 3364 863 Ἕκτορα
3393 789 3463 850 ὣς
3493 792 3631 864 σφᾶς
3662 782 3763 840 καὶ

2187 878 2341 941 Ἴωσι
2378 880 2484 939 δέοι
2525 877 2753 936 συνθύειν
2786 878 2834 941 ἐς
2864 874 3201 937 ΙῙανιώνιον·’
3219 872 3443 952 τρίποδα
3485 868 3541 928 δὲ
3593 861 3765 928 {mov

2191 969 2376 1030 λαὸεῖν
2409 965 2565 1026 αὐτὸν
2607 966 2694 1022 ἐπὶ
2738 961 3059 1044 ἀνδραγαθίᾳ
3099 959 3246 1041 παρὰ
3286 964 3375 1018 τοῦ
3416 964 3597 1018 κοινοῦ
3626 980 3771 1039 φησι

2196 1064 2288 1116 τοῦ
2321 1055 2530 1117 Ἰώνων.
2565 1056 2817 1112 Τοσαῦτα
2847 1050 3090 1132 εἰρηκότα
3130 1052 3181 1114 ἐς
3215 1047 3375 1114 Χίους
3410 1045 3581 1107 Ἴωνα
3611 1046 3771 1124 εὕρι-

2195 1167 2343 1203 σκον·
2374 1145 2433 1200 οὗ
2486 1139 2662 1219 μέντοι
2689 1139 2855 1198 ἐκεῖνό
2888 1162 2950 1218 γε
2993 1136 3169 1218 εἴρηκε
3209 1136 3324 1195 καθ’
3353 1134 3540 1206 ἥντινα
3583 1135 3771 1191 αἰτίαν

2192 1235 2316 1293 Χῖοι
2338 1232 2572 1288 τελοῦσιν
2598 1233 2650 1294 ἐς
2674 1226 2878 1291 Ἴωνας.

2272 1322 2322 1379 Τ
2323 1322 2384 1389 ἧς
2403 1316 2608 1395 νύμφης
2627 1313 2818 1393 χιόνα]
2836 1315 2919 1372 Cf.
2940 1316 3184 1371 Hecataei
3212 1311 3282 1368 fr.
3311 1331 3408 1386 99.
3433 1310 3658 1367 Plinius
3684 1299 3768 1369 H'.

2193 1411 2264 1465 N.
2283 1413 2359 1479 V,
2382 1407 2413 1462 3
2427 1428 2450 1462 1
2480 1427 2495 1461 :
2519 1406 2870 1461 Metrodorus
2891 1415 2949 1457 et
2963 1403 3252 1457 Cleobulus
3276 1400 3471 1454 Chium
3485 1420 3527 1454 a
3548 1399 3774 1456 Chione

2194 1465 2474 1560 nympha,
2517 1487 2693 1558 aliqui
2733 1503 2773 1536 a
2811 1488 2936 1536 nive
2978 1482 3086 1553 (sc.
3132 1480 3465 1554 appellatam
3506 1497 3626 1534 esse
3670 1478 3771 1532 di-

2196 1574 2385 1648 cunt).
2432 1603 2510 1615 —
2554 1568 2903 1638 Οἷνωπίωνα]
2965 1568 3250 1623 Plutarch.
3304 1567 3464 1623 Thes.
3515 1585 3570 1621 c.
3631 1585 3715 1620 20
3752 1585 3768 1618 :

2196 1656 2368 1720 Ἐνιοι
2402 1658 2457 1716 δὲ
2490 1657 2582 1717 καὶ
2609 1656 2776 1713 τεκεῖν
2805 1656 2864 1713 ἐκ
2884 1650 3106 1722 Θησέως
3134 1648 3423 1730 Ἀριάδνην,
3456 1650 3774 1710 Οἰνοπίωνα

2197 1747 2289 1805 καὶ
2318 1745 2624 1826 Στάφυλον,
2653 1735 2726 1802 ὧν
2753 1742 2845 1802 καὶ
2868 1744 2896 1799 6
2923 1743 3052 1805 Χῖος
3068 1736 3193 1797 Ἴων
3214 1735 3349 1806 ἐστὶ,
3369 1735 3488 1814 περὶ
3512 1740 3610 1806 τῆς
3642 1739 3774 1793 ἑαυ-

2198 1839 2290 1892 τοῦ
2309 1831 2555 1912 πατρίδος
2576 1829 2769 1907 λέγων·
2795 1855 2820 1881 «ι
2844 1827 2957 1897 Τὴν
2980 1825 3107 1883 πότε
3133 1822 3401 1895 Θησείδης
3426 1823 3635 1882 ἔκτισεν
3666 1828 3775 1884 Οἷ-

2200 1921 2389 1980 νοπίων
2421 1921 2596 1996 (eleg.
2616 1920 2687 1975 fr.
2719 1918 2785 1974 51
2817 1911 3082 1989 Koepk.).
3110 1938 3136 1964 ν
3160 1913 3243 1971 Cf.
3265 1912 3486 1968 Welck.
3517 1913 3679 1983 Cycl.
3709 1933 3771 1987 p.

2210 2009 2336 2067 155.
2364 2010 2547 2083 Vulgo
2576 2004 2904 2079 OEnopides
2930 2014 3011 2058 est
3035 2001 3236 2056 Bacchi
3260 2001 3349 2054 vel
3388 1999 3777 2055 Rhadaman—

2204 2100 2285 2154 thi
2315 2097 2492 2164 filius;
2524 2114 2581 2153 v,
2601 2092 2850 2150 Diodor.
2874 2093 2953 2160 V,
2983 2108 3087 2163 79,
3122 2107 3182 2157 1;
3213 2086 3402 2143 Schol.
3435 2088 3629 2160 Apoll.
3658 2089 3777 2146 Rh,

2206 2187 2271 2258 3,
2301 2183 2440 2258 996.
2471 2184 2640 2237 Plura
2673 2181 2745 2235 de
2782 2178 3121 2251 OEnopione
3157 2175 3412 2248 praebent
3451 2176 3772 2248 Interpret.

2202 2270 2275 2327 ad
2301 2269 2542 2326 Diodor.
2570 2269 2612 2325 l.
2639 2268 2708 2335 l..
2737 2264 2810 2320 ad
2854 2262 3192 2337 Apollodor.
3222 2263 3280 2328 1,
3314 2267 3345 2326 4
3364 2299 3381 2329 ,
3411 2270 3440 2316 4
3458 2301 3474 2328 ,
3495 2261 3573 2316 ad
3616 2264 3776 2317 Pan-

2202 2376 2315 2412 san.
2344 2357 2383 2410 l.
2415 2357 2458 2428 l;
2482 2353 2761 2411 Voelcker.
2786 2350 3029 2423 Mytleol.
3052 2350 3112 2403 d.
3138 2352 3273 2422 Iap.
3306 2348 3507 2404 Ges-ch.
3554 2367 3621 2422 p.
3664 2368 3687 2403 1
3706 2368 3774 2404 12

2204 2463 2330 2516 sqq.
2356 2473 2436 2485 -
2462 2440 2633 2514 Quod
2655 2450 2837 2494 totum
2859 2440 3051 2493 locum
3080 2438 3298 2502 attinet,
3326 2437 3645 2492 Pausanias
3679 2439 3775 2491 ni-

2204 2531 2284 2583 hil
2304 2531 2408 2584 nisi
2432 2545 2647 2583 summa
2664 2523 2923 2598 quaedam
2953 2525 3133 2596 capita
3156 2541 3223 2577 ex
3253 2523 3407 2577 Ionis
3438 2523 3591 2576 libro
3618 2542 3776 2578 eno-

2209 2628 2343 2672 tasse
2374 2616 2622 2682 videtur,
2667 2630 2853 2685 neque
2887 2611 2949 2665 id
2995 2611 3123 2665 satis
3161 2622 3449 2676 accurate,
3490 2612 3551 2664 ni
3585 2611 3777 2669 fallor.

2207 2702 2505 2759 Confusam
2565 2717 2679 2755 esse
2731 2698 3114 2754 narrationem
3166 2708 3318 2752 recte
3376 2708 3572 2752 monet
3624 2697 3780 2754 Her-

2207 2810 2399 2847 mann.
2426 2793 2524 2845 Gr.
2552 2785 2972 2844 Staatsalterth.
3001 2785 3128 2858 §77
3150 2828 3168 2860 ,
3196 2803 3287 2840 ιι.

2648 2953 2653 2958 ,
2950 2907 2975 2944 1
2988 2894 3019 2954 4
3028 2930 3044 2947 .

2290 3008 2587 3063 Athenaeus
2602 3007 2678 3075 X,
2691 3024 2752 3079 p.
2774 3002 2907 3073 426,
2922 3004 2968 3058 E
2989 3022 3002 3057 ι
3022 3000 3092 3060 Ἥ
3112 3000 3164 3057 δ’
3178 2987 3267 3057 οῧν
3285 3006 3465 3077 κρᾶσις
3480 2998 3617 3069 αὕτη
3631 3000 3783 3078 παρὰ

2209 3093 2271 3151 τὸ
2309 3092 2419 3158 ἔθος
2461 3081 2590 3149 οῧσα
2648 3089 2913 3166 ἐπέμνησε
2955 3088 3096 3168 τάχα
3139 3086 3230 3145 καὶ
3266 3085 3361 3156 τὴν
3418 3086 3782 3166 θρυλουμένην

2214 3179 2499 3260 παροιμίαν
2513 3201 2527 3216 ·

2332 3286 2397 3335 Ἥ
2423 3285 2560 3334 πέντε
2580 3283 2746 3345 πίνειν,
2766 3284 2797 3342 ὴ
2827 3281 2938 3346 τρί’,
2955 3283 2987 3339 ἢ
3009 3282 3075 3343 μὴ
3093 3281 3307 3342 τέτταρα.

2223 3375 2301 3434 Ἢ
2330 3371 2434 3452 γὰρ
2463 3371 2554 3430 δύο
2586 3371 2709 3451 πρὸς
2749 3369 2902 3429 πέντε
2925 3368 3090 3428 πίνειν
3118 3369 3247 3447 φασὶ
3270 3368 3403 3440 δεῖν,
3442 3363 3479 3436 ἢ
3523 3366 3621 3424 ἕνα
3652 3367 3785 3449 πρὸς
3892 3389 3893 3416 ι

2215 3461 2367 3541 τρεῖς.
2391 3459 2525 3539 Περὶ
2544 3457 2598 3517 δὲ
2616 3456 2809 3529 ταύτης
2826 3462 2920 3528 τῆς
2940 3455 3174 3536 κράσεως
3191 3453 3320 3516 Ἴων
3345 3457 3374 3512 6
3391 3454 3615 3524 ποιητὴς
3632 3458 3694 3514 ἐν
3712 3459 3787 3535 τῷ

2221 3549 2357 3631 Περὶ
2375 3547 2507 3610 Χίου
2529 3548 2683 3628 φησὶν
2697 3591 2713 3620 ,
2732 3546 2812 3606 ὅτι
2830 3543 2995 3627 εὑρὼν
3017 3548 3047 3604 6
3063 3545 3246 3622 μάντις
3265 3541 3599 3617 Παλαμήδης
3620 3546 3788 3620 ἐμαν-
3892 3569 3893 3622 }

2225 3638 2476 3714 τεύσατο,
2508 3638 2674 3694 πλοῦν
2716 3633 2925 3693 ἔσεσθαι
2961 3636 3068 3701 τοῖς
3105 3628 3368 3704 Ἕλλησι,
3405 3629 3617 3689 πίνουσι
3649 3633 3790 3711 τρεῖς

569 3746 714 3803 λείαν
741 3741 843 3823 γὰρ
871 3740 994 3819 ἔσχε
1022 3736 1114 3796 καὶ
1154 3726 1328 3806 οὗτος,
1378 3731 1705 3805 ἐπολέμησεν
1743 3725 2009 3788 Ἀὅάντων
2038 3726 2128 3785 καὶ
2230 3725 2363 3804 πρὸς
2394 3722 2484 3782 ἕνα
2513 3721 2751 3786 κυάθους.

570 3829 3775 3875 Ν

977 3906 1073 3960 DE
1109 3902 1257 3958 cflu
1294 3863 1725 3955 muniminis.

636 4118 723 4165 lon
738 4125 870 4173 vero,
887 4105 1464 4172 tragmdiarumseriptor,
1487 4100 1793 4150 historiarum
1811 4099 2137 4149 monumentis

575 4189 839 4252 mandavit,
854 4190 1132 4250 Neptunum
1144 4184 1190 4232 in
1205 4182 1445 4232 desertam
1460 4176 1719 4240 aliquando
1734 4175 1938 4226 insulam
1952 4175 2137 4226 Chium

575 4271 787 4331 venisse3
808 4269 860 4318 in
891 4280 949 4315 ea
980 4264 1220 4327 cognitam
1238 4261 1425 4322 abipso
1463 4258 1724 4321 nympham
1747 4255 1991 4318 quandam
2009 4257 2059 4304 et
2080 4268 2136 4304 ea

577 4347 872 4411 parturiente
896 4357 925 4393 e
946 4343 1069 4391 coelo
1088 4340 1248 4390 nivem
1269 4340 1489 4400 (Graecis
1514 4335 1685 4386 chione
1696 4339 1711 4394 )
1741 4333 1967 4394 ellusam5
1992 4345 2021 4381 a
2039 4345 2137 4395 quo

576 4427 645 4475 rei
666 4424 843 4474 eventu
863 4433 1037 4470 nomen
1056 4417 1155 4468 filio
1172 4416 1293 4478 Chio
1312 4413 1594 4476 imposuisse
1609 4413 1902 4473 Neptunum.
1919 4409 2137 4459 Eundem

580 4518 640 4552 ex
650 4503 742 4551 alia
751 4499 960 4563 quadam
974 4496 1186 4559 nympha
1200 4494 1324 4542 tilios
1342 4492 1538 4554 Agelum
1553 4493 1602 4540 et
1617 4487 1852 4539 Melonem
1864 4488 2137 4549 suscepisse.

577 4579 900 4641 OEnopionem
924 4579 1088 4636 postea
1109 4585 1137 4621 e
1163 4574 1305 4621 Creta
1326 4570 1376 4618 in
1401 4569 1577 4619 chium
1596 4567 1804 4616 insulem
1834 4564 2072 4626 appulisse
2091 4567 2141 4614 et

578 4671 691 4706 cum
715 4669 773 4703 eo
800 4667 896 4702 una
915 4651 1037 4701 lilios
1055 4650 1257 4709 Tolum,
1293 4647 1590 4705 Euanthem,
1620 4645 1882 4703 Melonem,
1915 4642 2140 4703 salagum

557 4737 630 4782 ‘et
671 4732 1010 4781 Athamantem
1038 4725 1372 4788 (Staphylum
1397 4727 1447 4772 ec
1487 4721 1818 4782 Thoantem).
1867 4720 2142 4781 OEnopione

581 4811 810 4873 regnante
833 4811 978 4857 Caroe
1008 4804 1178 4854 eodem
1201 4803 1385 4853 venisse
1405 4805 1453 4850 et
1476 4800 1684 4851 Abantes
1700 4813 1763 4848 ex
1784 4799 1962 4848 Euboea
1984 4816 1995 4845 ε
2028 4811 2139 4846 suc·

581 4887 775 4938 cessisse
801 4884 973 4934 deinde
1001 4884 1053 4931 in
1089 4894 1290 4942 regnum
1322 4877 1583 4941 OEnopioni
1607 4878 1656 4925 et
1679 4875 1787 4924 filiis
1809 4874 2141 4937 Amphiclum,

584 4967 822 5016 advenam
855 4961 1098 5011 hominem
1123 4960 1184 5008 ab
1209 4958 1404 5008 Histiaea
1439 4955 1657 5014 Euboeae,
1681 4967 1744 5003 ex
1775 4951 2006 5015 Apollinis
2030 4952 2143 5001 Del-

585 5045 710 5108 phici
730 5042 942 5092 oraculo.
971 5043 1156 5098 Quarta
1187 5040 1292 5100 post
1312 5033 1616 5103 Amphialum
1636 5035 1779 5081 oetate
1805 5033 1983 5080 Hector
2003 5032 2145 5092 (nam

585 5126 634 5170 et
655 5123 734 5170 liic
753 5135 837 5170 rex
860 5119 976 5176 suit)
996 5129 1107 5166 cum
1127 5116 1330 5166 Caribus
1347 5117 1396 5162 et
1423 5109 1685 5161 libantibus
1706 5110 1874 5159 insula·
1901 5110 2147 5172 inquilinis

581 5200 778 5249 bellavit
793 5234 807 5260 ,
830 5201 1062 5246 eteorum
1093 5199 1226 5258 parte
1237 5195 1370 5255 justo
1393 5191 1560 5254 proelio
1589 5191 1692 5240 susa
1707 5224 1721 5249 ‚
1745 5188 1955 5250 reliquos
1987 5189 2033 5236 in
2058 5187 2143 5238 de·

2223 3890 2453 3940 ditionem
2467 3891 2688 3951 acceptos
2701 3901 2728 3937 e
2740 3886 2935 3954 sedibus
2948 3886 3048 3935 suis
3064 3884 3265 3948 expulit.
3287 3883 3577 3947 Compositis
3589 3883 3787 3934 deinum
3892 3873 3893 3882 ’

2220 3967 2328 4018 Chii
2351 3963 2494 4017 rebus
2516 3965 2566 4015 in
2598 3963 2879 4014 memoriam
2906 3962 3100 4013 Hectori
3133 3961 3273 4011 rediit
3302 3974 3557 4011 eommune
3593 3974 3787 4010 sacrum

2222 4043 2325 4095 tieri
2341 4057 2371 4093 a
2401 4044 2499 4093 suis
2516 4044 2739 4105 oportere
2755 4054 2869 4090 eum
2902 4040 3128 4088 universo
3155 4042 3331 4088 lonum
3362 4040 3639 4098 conventu3
3659 4041 3713 4088 et
3730 4039 3790 4088 ab

2221 4135 2278 4171 eo
2297 4122 2537 4170 conventu
2552 4119 2788 4181 tripodem
2804 4117 2872 4166 illi
2883 4154 2898 4177 ,
2917 4118 2975 4166 ut
2993 4115 3120 4165 idem
3133 4117 3305 4175 refert,
3326 4115 3518 4163 virtutis
3532 4115 3789 4176 praemium

2220 4198 2450 4248 delatum.
2487 4199 2603 4246 Haec
2624 4195 2686 4245 de
2710 4195 2842 4244 Chiis
2876 4197 3042 4243 ionem
3066 4192 3315 4242 tradidisse
3348 4192 3562 4253 comperi
3575 4228 3593 4252 ,
3627 4207 3781 4256 quum

2222 4285 2415 4324 causam
2438 4275 2598 4322 tamen
2620 4271 2701 4322 ille
2714 4285 2810 4320 non
2826 4270 3104 4333 exposuerit
3119 4268 3435 4332 quamobrem
3456 4281 3569 4318 cum
3590 4269 3791 4320 ionibus

2223 4354 2366 4416 eoepti
2384 4353 2561 4402 fuerint
2579 4351 2685 4402 Chii
2708 4349 2907 4400 censeri.

2286 4518 2401 4565 Haec
2413 4513 2583 4563 mixtio
2594 4525 2746 4575 quum
2759 4511 2822 4560 sit
2834 4512 2998 4558 contra
3014 4523 3217 4570 morem,
3234 4508 3282 4557 in
3296 4507 3577 4558 memoriam
3596 4510 3793 4560 sortasse
3892 4495 3893 4500 ¹

2227 4591 2467 4641 revocarit
2497 4590 2713 4638 convivis
2736 4588 2904 4637 tritum
2927 4598 3146 4636 sermone
3166 4585 3472 4648 proverbium
3494 4605 3507 4634 :

2332 4723 2410 4763 aut
2426 4718 2623 4773 quinque
2641 4716 2820 4770 hibere,
2842 4716 2915 4760 vel
2938 4717 3022 4760 tria
3036 4748 3049 4770 ,
3066 4718 3143 4760 aut
3162 4725 3255 4759 non
3271 4717 3500 4771 quamtot-

2230 4833 2350 4880 Nam
2376 4829 2461 4878 aut
2483 4828 2604 4878 duas
2626 4829 2785 4890 partes
2815 4839 2928 4875 cum
2952 4825 3164 4887 quinque
3197 4821 3332 4874 aiunt
3357 4827 3582 4887 oportere
3603 4826 3794 4884 hinem,

2230 4910 2312 4957 aut
2339 4919 2488 4955 unam
2506 4918 2617 4955 oum
2637 4905 2810 4954 tribus.
2840 4908 2909 4953 De
2928 4902 3018 4951 linc
3034 4915 3149 4951 vero
3170 4902 3401 4951 mixtione
3416 4902 3537 4952 dicit
3553 4904 3642 4952 lou
3660 4908 3795 4967 poeta

2231 4986 2280 5034 in
2302 4985 2426 5034 libro
2446 4983 2509 5032 de
2537 4982 2677 5043 Chio,
2695 4994 2808 5032 eum
2829 4979 2914 5042 qui
2938 4980 3069 5029 illam
3098 4979 3356 5028 invi-umet
3378 4980 3689 5031 polemium
3710 4994 3793 5028 va·

2233 5063 2357 5121 tera,
2381 5059 2696 5109 vaticinatum
2719 5071 2823 5108 esse
2848 5057 3056 5118 (ii-meis,
3078 5055 3386 5105 commodam
3403 5056 3463 5106 lis
3481 5057 3587 5107 ἐστο
3604 5056 3797 5120 naviga·

2232 5138 2412 5186 tionem
2426 5171 2441 5197 ‚
2464 5135 2504 5185 sl
2522 5139 2622 5187 tres
2636 5148 2748 5184 cum
2767 5145 2865 5183 uno
2888 5133 3086 5195 cyathos
3104 5132 3338 5182 biberent.

2552 5351 2576 5392 Ι
