3900 6042
457 441 464 450 '
533 450 595 497 14
1822 429 2092 490 lllPPYS
2134 430 2454 489 RnEGlM

592 565 890 623 Derevide
918 563 1138 623 Miiller.
1158 565 1308 619 Min.
1333 582 1393 637 p.
1420 563 1531 632 273
1548 573 1601 618 et
1621 564 1717 636 qui
1738 563 1816 617 ibi
1837 559 2068 616 laudan·

516 667 626 710 tur.
644 654 952 725 Sumpserit
960 653 1075 711 haec
1083 669 1150 706 ex
1163 651 1485 728 ἀναγραφαῖς
1496 647 1794 726 Κορινθίων.
1805 648 2074 704 Graeciam

515 742 713 797 adiisse
764 741 995 812 Hippyn
1020 749 1265 812 arguunt
1288 740 1465 794 etiam
1494 738 1788 810 Argolica,
1808 752 1889 789 -ex
1937 733 2072 804 qui-

517 829 621 883 bus
664 846 788 900 quae
824 825 1143 881 referuntur
1176 822 1281 898 (fr.
1321 822 1423 897 8),
1465 823 1562 878 vix
1605 821 1832 877 aliunde
1870 821 2074 874 nisiex

517 932 620 970 ore
644 913 999 969 sacerdotum
1027 909 1325 985 AEsculapii
1349 911 1582 983 accepit.
1616 908 1778 963 Idem
1806 908 1864 961 in
1891 905 2073 962 Chro-

514 1001 657 1054 nicis
689 1001 891 1054 seriem
926 997 1295 1053 Sacerdotum
1322 997 1562 1050 Junonis
1589 995 1809 1066 Argivae
1841 1002 2074 1047 enotare

516 1086 671 1140 haud
696 1085 962 1142 omiserit.
990 1086 1175 1155 Atque
1200 1100 1271 1138 ex
1298 1083 1524 1154 Hippye
1541 1121 1558 1148 ,
1597 1080 1704 1135 nisi
1734 1079 1918 1147 fallor,
1967 1094 2074 1150 pe-

520 1174 618 1227 tita
644 1182 771 1226 sunt
788 1213 806 1243 ,
833 1189 955 1244 quae
975 1169 1295 1225 Hellanicus
1312 1169 1370 1221 in
1397 1165 1794 1224 Sacerdotibus
1810 1167 1943 1219 Jun.
1974 1162 2068 1237 (fr.

522 1258 629 1333 26)
674 1259 930 1313 distincte
972 1255 1145 1311 tradit
1173 1255 1246 1311 de
1284 1255 1634 1327 temporibus
1672 1253 2070 1326 migrationum

520 1346 862 1401 Sicularum.

1277 1434 1334 1493 4.

598 1570 811 1626 Zenob.
841 1570 955 1637 111,
991 1576 1107 1634 (⁸²-
1095 1587 1108 1601 ·
1134 1569 1345 1645 Δῶρον
1384 1566 1437 1623 δ’
1473 1564 1506 1623 8
1540 1587 1599 1622 τι
1640 1564 1723 1643 δῷ
1749 1583 1845 1626 τις
1885 1558 2072 1618 ἕπαί·

518 1679 610 1714 νει
650 1653 843 1724 ιΑὔτη
885 1652 1067 1730 κόμμα
1117 1653 1226 1711 ἐστὶ
1265 1657 1509 1730 χρησμοῦ
1545 1656 1635 1709 τοῦ
1678 1647 1906 1712 δοθέντος
1944 1649 2063 1704 Mu·

523 1699 726 1821 σκέλλῳ
767 1744 840 1820 τῷ
869 1739 1058 1815 Ρυπὶ,
1093 1744 1209 1799 καθ’
1251 1738 1308 1797 ὃν
1352 1740 1416 1809 δὴ
1465 1738 1650 1818 χρόνον
1685 1735 1937 1814 Κρότωνα
1978 1734 2074 1790 οὐκ

520 1827 764 1888 ἐδούλετο
807 1827 1045 1899 οἰκίζειν,
1093 1825 1272 1897 [ἀλλὰ]
1306 1824 1573 1903 Σύὸαριν,
1599 1822 1669 1888 ὥς
1696 1844 1851 1904 φησιν
1877 1817 2076 1886 Ἵππυς

523 1917 728 1991 (codd
758 1910 994 1987 Ἱππεύς)
1029 1914 1082 1969 ἐν
1110 1915 1185 1991 τῷ
1224 1909 1359 1990 Περι
1386 1910 1604 1990 χρόνων.
1636 1907 1788 1980 Φησὶ
1829 1905 1882 1964 δὲ
1912 1905 2075 1970 ουτως

521 2002 659 2081 ἔχειν
687 2000 774 2058 τὸν
798 1997 1067 2087 χρνρμόν·

582 2114 823 2163 mmm
847 2110 1117 2174 βραχῡνωπ
1128 2144 1143 2169 ,
1162 2109 1312 2172 wia
1329 2108 1431 2157 θεὸν
1447 2092 1571 2157 <ma
1590 2107 1804 2169 ματεύων

581 2182 828 2242 κλαΰματα
846 2180 1076 2244 θηρεύσας
1093 2194 1105 2205 ·
1125 2180 1273 2240 δῶρον
1296 2179 1337 2226 δ’
1353 2179 1424 2227 ὅτι
1439 2179 1509 2240 δῷ
1528 2178 1585 2240 (ὃ
1603 2180 1774 2241 διδῷΡ)
1792 2195 1862 2235 τις
1879 2179 2074 2228 ἐπαίνει.

524 2278 625 2337 Ἐκ
660 2276 869 2336 Ῥυπῶν
929 2275 1202 2332 oriundus
1251 2277 1545 2349 Myscellus
1596 2277 1761 2331 etiam
1814 2277 2077 2332 Straboni

522 2368 684 2434 vul,
714 2384 775 2438 p.
808 2363 941 2434 387.
975 2366 1043 2417 In
1072 2365 1334 2435 Excerpt.
1363 2364 1611 2418 Vatican.
1632 2363 1873 2418 Diodori
1897 2362 2073 2437 (vm,

531 2452 620 2525 17)
642 2494 657 2520 ,
688 2451 788 2506 ubi
807 2450 978 2505 fusius
1000 2468 1087 2505 res
1112 2451 1429 2522 exponitur,
1457 2459 1725 2522 corrupte
1752 2450 1831 2508 M.
1865 2447 2071 2526 Ἀχαῐος

523 2537 583 2594 ἐκ
610 2535 841 2614 Κρήτης.
868 2567 947 2580 —-
969 2532 1267 2610 Κλαύματα
1293 2537 1458 2608 posui
1473 2554 1541 2593 ex
1566 2535 1828 2593 Diodoro
1851 2538 1889 2591 l.
1914 2538 1952 2591 l.
1976 2538 2076 2591 ubi

523 2622 803 2699 κλαύματα
856 2620 1168 2698 (κλάσματα
1213 2619 1442 2696 Strabo)
1500 2619 1798 2697 μαστεύεις,
1842 2622 2004 2700 δῶρον
2050 2619 2079 2678 ὃ

523 2711 648 2789 διδῷ
667 2709 778 2777 θεὸς
802 2708 951 2768 αἶνιι.
969 2711 1224 2768 Zenobii.
1249 2709 1422 2766 codd.
1455 2707 1615 2778 ἄλλα,
1638 2710 1796 2783 quod
1814 2709 2075 2766 Leutsch.

524 2802 756 2855 mutavit
778 2800 836 2853 in
857 2796 966 2854 οὐδ’
986 2794 1117 2866 ἅλα,
1141 2796 1387 2851 conferri
1404 2796 1610 2868 jubens
1622 2797 1801 2852 schol.
1819 2795 1892 2852 ad
1906 2799 2078 2854 Hom.

523 2886 635 2943 Od.
663 2907 714 2962 ρ.
749 2883 884 2950 455.
916 2915 997 2926 -—-
1023 2885 1264 2956 Tempus
1290 2884 1375 2938 rei
1400 2884 1491 2938 01.
1530 2901 1632 2951 17,
1670 2882 1705 2937 3
1733 2884 1848 2937 sive
1878 2885 2076 2952 710’a.

524 2973 586 3028 C.
620 2990 730 3026 sec.
772 2973 1037 3026 Timaeum
1062 2988 1156 3041 ap.
1181 2971 1413 3040 Dionys.
1444 2969 1573 3024 Hal.
1604 2970 1692 3035 11,
1722 2987 1782 3041 p.
1817 2969 1960 3037 3613
1987 2969 2077 3025 Ol.

534 3059 632 3125 18,
666 3077 688 3113 1
721 3076 830 3115 sec.
854 3056 1058 3113 Euseb.
1074 3057 1287 3111 Chron.
1309 3058 1379 3112 V.
1398 3054 1644 3110 Fischer.
1674 3054 1853 3111 Tabb.
1877 3056 2077 3111 chron.

608 3309 919 3382 Antigonus
965 3306 1109 3361 Hist.
1156 3305 1287 3359 Mir.
1340 3322 1391 3362 c.
1446 3321 1549 3359 121
1600 3302 1755 3378 (133)
1803 3303 1898 3362 ed.
1944 3306 2083 3360 We-

524 3408 715 3453 sterm.
752 3414 766 3448 ι
793 3391 986 3456 Ἵππυς
1011 3390 1218 3465 (codd.
1247 3385 1488 3466 Ἵππων)
1519 3386 1574 3446 δὲ
1614 3392 1643 3446 ὁ
1666 3387 1906 3467 Ῥηγῖνος
1931 3388 2082 3497 [περὶ

524 3484 626 3538 τῶν
650 3477 939 3556 λεγομένων
958 3474 1131 3535 τόπων
1151 3474 1375 3554 φθείρειν
1396 3474 1460 3533 τὰ
1487 3474 1834 3552 ἐμπίπτοντα]
1846 3476 2080 3535 τοιοῦτόν

525 3590 578 3625 τι
600 3565 815 3645 γράφει·
840 3565 998 3641 φησὶν
1028 3565 1081 3621 ἐν
1109 3561 1342 3634 Ἀθήναις
1365 3561 1453 3620 ἐπὶ
1485 3562 1739 3642 βασιλέως
1764 3562 2082 3622 Ἐπαινέτου

527 3650 922 3728 (Ὀλυμπιάδος
957 3650 1108 3721 ἕκτης
1141 3670 1231 3708 και
1256 3654 1595 3728 τριακοστῆς,
1623 3651 1676 3708 ἐν
1720 3641 1759 3726 ᾗ
1794 3648 2084 3728 Ἀρυτάμας

528 3739 720 3799 Λακων
744 3747 864 3818 νικᾷ
891 3737 1126 3812 στάδιον)
1167 3739 1259 3807 τῆς
1290 3734 1535 3803 Σικελίας
1579 3738 1631 3794 ἐν
1663 3734 1917 3801 Παλίκοις
1937 3737 2082 3794 οἰκο-

524 3828 813 3902 δομηθῆναι
836 3822 1023 3899 τόπον,
1046 3824 1118 3889 εἷς
1139 3821 1197 3880 ὃν
1222 3820 1362 3890 ὅστις
1388 3821 1452 3879 ἂν
1474 3820 1706 3901 εἰσέλθῃ,
1730 3823 1775 3879 εἰ
1803 3820 1897 3898 μὲν
1926 3844 2085 3880 κατα·

523 3911 751 3985 κλιθείη,
791 3909 1166 3982 αποθνήσκιιν,
1203 3910 1249 3967 εἰ
1284 3907 1339 3968 δὲ
1380 3909 1729 3989 περιπατοίη,
1777 3908 1925 3968 οὐδὲν
1972 3908 2083 3967 πά-

525 4020 571 4056 c*
597 4020 693 4056 ειν.

559 4021 736 4143 LHaec
778 4086 1206 4141 Westersnanno
1258 4081 1682 4158 (Paradoxogr.
1728 4102 1789 4158 p.
1840 4083 1984 4159 XX)
2026 4096 2083 4140 et

526 4174 774 4231 Prellero
803 4171 915 4248 (De
944 4172 1233 4228 Hellanico
1267 4189 1327 4244 p.
1365 4167 1467 4247 38)
1498 4191 1530 4226 a
1559 4183 1754 4226 nostro
1786 4172 1967 4227 aliena
1995 4173 2077 4226 vi-

1265 4339 1323 4388 4.

590 4427 759 4484 Dono,
788 4421 926 4486 quod
957 4422 1148 4483 datur,
1171 4424 1280 4473 esto
1307 4425 1607 4475 concentus.
1593 4436 1607 4448 ·
1637 4412 1878 4472 particula
1897 4422 2078 4471 oraculi

529 4501 752 4562 Myscello
774 4499 873 4549 dati
896 4500 1074 4563 Rhypis
1090 4501 1315 4563 oriundo,
1346 4516 1445 4566 quo
1461 4504 1679 4565 tempore
1701 4515 1799 4550 non
1817 4505 2080 4551 crotonem

524 4578 680 4627 voluit
697 4577 902 4627 condere
923 4578 1005 4627 sed
1037 4578 1267 4639 Sybarin,
1293 4583 1348 4629 nt
1371 4580 1550 4642 Hippys
1566 4579 1752 4629 tradit
1740 4593 1788 4629 ιιι
1810 4579 2075 4629 Chronicis.

527 4660 575 4706 's
591 4657 843 4706 oraculum
870 4656 939 4706 ita
957 4656 1131 4707 habere
1153 4656 1313 4709 dicit.

633 4747 848 4802 Myscella
873 4747 1083 4803 gibboso.
1100 4752 1260 4793 contra
1276 4747 1349 4793 dei
1372 4750 1650 4795 voluntatem
1669 4748 1760 4793 alia
1786 4748 1973 4803 pelens'‚

626 4815 828 4870 qutun
843 4816 1038 4870 quarm
1054 4814 1229 4861 donum
1246 4816 1373 4871 quod
1389 4817 1543 4872 datur,
1564 4820 1714 4862 ratum
1740 4817 1873 4862 habe.

588 4969 774 5032 Hippys
795 4968 1036 5032 Rhegium
1046 4971 1144 5020 tale
1158 4970 1276 5034 quid
1294 4971 1472 5022 tradit:
1505 4972 1703 5023 Athenis
1722 4973 1793 5023 ait
1821 4974 1913 5023 sub
1939 4978 2080 5037 Epa»-

524 5047 644 5095 ueto
659 5045 890 5096 archonte
915 5046 1142 5108 (olymp.
1177 5051 1237 5097 46
1253 5083 1268 5108 ,
1290 5060 1388 5108 quo
1424 5049 1808 5110 Chrysonnachus
1827 5050 1983 5100 stad‘o
2009 5054 2080 5099 vi—

524 5124 628 5185 cit)
652 5123 922 5175 Palicanum
951 5124 1181 5175 &numia
1208 5125 1370 5175 Sicilia
1398 5125 1688 5177 mineatum
1707 5140 1835 5188 esse,
1862 5129 1910 5176 in
1942 5129 2075 5190 quod

2163 555 2368 613 dentur
2402 568 2520 611 tum
2549 568 2784 629 propter
2829 575 3033 612 nomen
3065 553 3300 627 Ἵππων,
3333 566 3450 612 tum
3481 568 3716 632 propter

2161 645 2504 700 mentionem
2541 642 2906 715 Olympiadis
2953 642 3064 699 Sed
3107 643 3180 698 de
3222 645 3490 717 Hippone
3524 646 3719 716 aliquo

2162 729 2503 784 mirabilium
2545 729 2637 782 vel
2683 728 2927 783 historiae
2973 731 3250 802 scriptore
3307 748 3430 785 non
3476 740 3714 786 constat.

2162 815 2510 888 Olympiadis
2537 815 2739 869 notitia
2768 814 2840 869 ab
2869 814 2981 868 alio
3009 814 3144 869 addi
3180 816 3395 887 potuit,
3429 815 3664 870 sortasse
3689 834 3723 872 a

2161 895 2288 965 Mye
2321 904 2673 966 excerptore.
2719 893 2803 947 Ne
2831 891 3013 946 dicam
3043 891 3115 946 de
3161 893 3435 947 Charonis
3467 893 3724 949 historiis

2160 981 2670 1055 Xenophontisque
2746 979 3079 1047 Hellenicis,
3139 981 3404 1035 excitasse
3466 980 3712 1036 sufficiat

2158 1068 2479 1122 Diodorum
2503 1067 2617 1140 (ΙΙ,
2646 1059 2746 1140 3ο)
2765 1105 2781 1132 ,
2812 1066 2909 1137 qui
2927 1065 3198 1136 Dejocem
3218 1069 3518 1122 secundum
3543 1070 3721 1123 Hem-

2158 1154 2343 1208 dotum
2377 1154 2467 1209 Ol.
2507 1170 2605 1222 17,
2637 1169 2671 1206 a
2699 1170 2937 1225 regnum
2965 1152 3230 1225 adeptum
3261 1142 3374 1207 es⁰se
3402 1153 3596 1209 docet.
3641 1156 3723 1210 Ne

2159 1240 2444 1293 archontis
2482 1227 3073 1294 commemorationem
3117 1240 3329 1311 uippyi
3368 1239 3721 1310 abjudicem,

2158 1344 2397 1380 moveor
2433 1342 2574 1381 voce
2617 1320 2899 1400 βασιλέως,
2931 1343 3054 1397 quae
3108 1327 3402 1398 antiquum
3431 1337 3724 1381 auctorem

2159 1423 2215 1466 et
2237 1424 2492 1467 exterum
2512 1414 2805 1468 homiuem
2842 1414 3057 1486 prodit.
3084 1414 3301 1483 Quodsi
3329 1424 3485 1469 recte
3517 1416 3721 1483 statui,

2159 1499 2387 1571 colligas
2407 1498 2570 1572 inde,
2596 1500 2828 1554 Athenis
2854 1501 3086 1572 Hippyn
3114 1517 3221 1572 per
3244 1509 3464 1571 tempus
3484 1500 3723 1572 aliquod

2159 1596 2434 1638 versatum
2473 1602 2606 1640 esse.
2637 1586 2895 1640 Ceterum
2923 1603 3052 1639 cum
3094 1586 3347 1640 Corsinio
3383 1602 3457 1639 ex
3497 1587 3725 1640 Eusebii

2159 1670 2452 1725 Chronicis
2484 1670 2895 1725 emendandum
2935 1683 3017 1726 est
3045 1667 3280 1743 Ὀλυμπ.
3312 1665 3464 1737 ἕκτης
3492 1670 3586 1727 καὶ
3605 1692 3726 1727 τετ-

2160 1760 2509 1833 ταρακοστῆς,
2532 1757 2585 1813 ἐν
2607 1747 2642 1833 ᾖ
2655 1753 3021 1835 Χρυσόμαχος.
3045 1761 3130 1814 De
3153 1760 3423 1831 Epaeneto
3443 1759 3726 1815 archonte

2161 1854 2364 1914 praeter
2377 1846 2641 1898 Nostrum
2660 1863 2848 1898 nemo.
2877 1844 3057 1900 Verba
3091 1863 3103 1896 :
3141 1844 3273 1920 Περὶ
3294 1844 3397 1899 τῶν
3424 1841 3727 1917 λεγομένων

2162 1928 2278 1986 κτλ.
2301 1948 2372 1984 ex
2393 1932 2644 2004 margine
2668 1932 2726 1984 in
2746 1942 2959 1985 textum
2975 1932 3253 2003 irrepsisse
3271 1941 3434 2003 puto.
3454 1962 3536 1973 —
3554 1931 3728 1985 AEdi-

2164 2013 2353 2071 ficium
2392 2017 2466 2072 ad
2518 2017 2833 2073 Palicorum
2877 2016 3059 2071 sontes
3110 2027 3448 2071 exstructum
3498 2018 3727 2071 Aristo-

2169 2103 2300 2157 teles
2317 2105 2448 2158 Μὶν.
2479 2106 2645 2158 Ausc.
2670 2122 2720 2157 c.
2751 2102 2825 2159 58
2847 2103 2985 2158 dicit
3005 2101 3328 2177 δεκάκλινον,
3348 2102 3545 2157 decem
3569 2114 3731 2158 toros

2166 2190 2417 2262 longum.
2450 2191 2518 2244 ln
2558 2190 2876 2243 universum
2912 2189 2984 2243 de
3011 2190 3326 2244 Palicorum
3359 2189 3594 2244 historia
3633 2188 3730 2244 adi

2161 2275 2231 2331 G.
2263 2278 2644 2329 Hermannurn
2673 2276 2731 2328 in
2770 2273 3155 2329 dissertatione
3194 2276 3280 2329 De
3306 2276 3552 2347 AEschyli
3597 2276 3726 2330 ,Εἱ-

2161 2363 2294 2417 naeis
2337 2360 2583 2439 (1837),
2624 2362 2757 2417 coll.
2796 2362 3046 2417 Prellero
3078 2361 3153 2417 ad
3199 2363 3491 2419 Polemon.
3545 2362 3620 2417 sr.
3659 2381 3722 2436 p.

2178 2466 2283 2553 ηρ
2313 2467 2437 2522 sqq·

2909 2575 2971 2630 6.

2246 2728 2529 2783 Plutarch.
2549 2730 2636 2784 De
2657 2728 2823 2783 Orac.
2853 2726 2967 2782 def.
2990 2746 3041 2782 c.
3071 2728 3145 2783 23
3174 2747 3234 2801 p.
3262 2734 3374 2793 [μα
3398 2729 3466 2782 Ε.
3495 2723 3734 2791 ιἽππυς

2166 2809 2222 2870 δὲ
2244 2814 2272 2869 ὁ
2299 2810 2538 2889 Ῥηγῖνος
2565 2801 2652 2886 (οὗ
2676 2810 2938 2886 μέμνηται
2965 2810 3172 2877 Φανίας
3198 2813 3226 2867 ὅ
3252 2809 3504 2889 Ἐρέσιος)
3532 2814 3737 2892 ἱστορεῖ

2169 2897 2320 2967 δόξαν
2350 2889 2482 2955 εἶναι
2507 2896 2702 2968 ταύτην
2730 2896 2999 2974 Πέτρωνος
3021 2896 3111 2955 καὶ
3132 2895 3312 2973 λόγον,
3336 2899 3406 2963 ὡς
3424 2897 3614 2955 ἑκατὸν
3639 2900 3735 2958 καὶ

2167 2983 2485 3062 ὀγδοήκοντα
2509 2983 2602 3042 καὶ
2621 2991 2757 3062 τρεῖς
2774 2983 2998 3058 κόσμως
3022 2982 3201 3055 ὄντας,
3222 2981 3547 3057 ἁπτομένους
3565 2987 3612 3044 δ’
3637 2987 3735 3044 ἀλ-
3806 3022 3820 3040 ·
3887 2996 3888 3015 *

2167 3069 2341 3141 λήλων
2368 3068 2505 3129 κατὰ
2524 3072 2777 3148 στοιχεῖον
2795 3092 2808 3106 ·
2838 3069 2870 3126 ὅ
2893 3092 2943 3127 τι
2971 3069 3036 3141 δὴ
3074 3073 3214 3128 τοῦτ’
3238 3069 3378 3141 ἐστὶ,
3405 3070 3544 3130 κατὰ
3567 3094 3730 3135 ποι·

2168 3159 2309 3237 χεῗον
2358 3156 2641 3227 ἅπτεσθαι,
2682 3155 2757 3233 μὴ
2787 3158 3222 3236 προσδιασαφῶν,
3254 3157 3377 3233 μηδ’
3413 3157 3585 3229 ἄλλην
3609 3159 3734 3218 τινὰ

2168 3242 2489 3313 πιθανότητα
2516 3243 2852 3322 προσάπτων.

2246 3336 2437 3391 Brevis
2451 3332 2771 3405 hujusmodi
2803 3331 3004 3386 notitia
3029 3331 3178 3387 cadit
3200 3331 3261 3387 in
3282 3333 3459 3388 libros
3481 3335 3737 3391 Chroni-

2170 3438 2366 3475 corum
2386 3460 2403 3489 ‚
2431 3421 2492 3475 in
2519 3420 2723 3493 quibus
2753 3419 3057 3474 literariam
3089 3419 3410 3488 historiam,
3446 3438 3573 3476 eam
3599 3441 3732 3479 ma-

2169 3510 2345 3576 xime,
2375 3526 2499 3581 quae
2521 3507 2594 3564 ad
2611 3507 2782 3561 Italos
2796 3517 2993 3579 poetas
3013 3517 3071 3560 et
3094 3507 3467 3581 philosophos
3485 3520 3734 3582 spectat,

2172 3613 2292 3649 non
2312 3596 2622 3668 neglectam
2645 3593 2808 3648 fuisse
2832 3593 3132 3666 probabile
3152 3604 3252 3648 est.
3277 3595 3448 3650 Plura
3465 3595 3539 3651 de
3561 3614 3737 3651 mun-

2170 3680 2257 3735 dis
2293 3681 2402 3735 illis
2441 3681 2715 3752 triquetra
2755 3677 2938 3752 figura
2961 3679 3189 3751 positis,
3227 3680 3305 3734 ita
3331 3691 3398 3735 ut
3431 3681 3496 3735 in
3534 3684 3739 3753 quovis

2170 3766 2341 3822 latere
2382 3777 2562 3821 essent
2601 3766 2920 3839 sexaginta,
2969 3766 3030 3819 in
3056 3767 3258 3838 quovis
3305 3767 3523 3841 ang-ulo
3558 3787 3734 3834 unias,

2170 3853 2292 3928 lege
2325 3852 2480 3926 apud
2511 3855 2694 3927 ipsum
2738 3852 3098 3907 Plutarchum
3131 3852 3170 3906 1.
3214 3853 3251 3906 l.

2802 4046 3126 4071 -w

2168 4334 2428 4395 ingressum
2444 4367 2463 4394 ,
2489 4331 2530 4381 si
2555 4329 2867 4391 decubuerit,
2899 4330 3021 4378 mori
3044 4366 3060 4392 ,
3083 4330 3122 4379 si
3141 4330 3494 4393 ambulaverit,
3515 4332 3615 4392 pati
3649 4332 3727 4381 ni-

2168 4409 2253 4458 hil.

2904 4490 2957 4539 6.

2226 4571 2319 4623 Sed
2353 4571 2531 4634 ffippys
2556 4571 2825 4634 Rhegium,
2849 4570 2987 4634 cuius
3011 4573 3231 4622 meminit
3266 4572 3469 4622 Phanias
3500 4572 3723 4633 Ennius,

2171 4646 2295 4696 hanc
2320 4648 2389 4697 ait
2408 4647 2682 4709 opinionem
2711 4661 2770 4696 ac
2802 4648 3089 4697 sententiam
3111 4662 3216 4698 esse
3251 4648 3495 4709 Petronis,
3518 4648 3727 4699 mundos

2167 4737 2270 4773 esse
2287 4727 2480 4772 centum
2505 4724 2746 4785 octoginta
2762 4726 2861 4773 tres
2875 4760 2891 4785 ,
2921 4723 3004 4787 qui
3023 4736 3126 4773 sese
3152 4724 3359 4774 invicem
3386 4724 3631 4773 elemento
3645 4727 3724 4773 at·

2166 4802 2353 4863 tingant
2381 4820 2393 4851 :
2421 4801 2538 4863 quid
2577 4804 2743 4850 antem
2770 4801 2833 4850 sit
2856 4804 3107 4851 contacuis
3141 4802 3326 4851 ratione
3346 4802 3719 4865 elementi,non

2165 4879 2400 5006 gilpnoefft’
2421 4892 2576 4942 neque
2607 4879 2868 4943 quicquam
2895 4879 3027 4928 aliud
3051 4879 3244 4942 adjicit,
3272 4880 3404 4943 quod
3434 4894 3537 4931 rem
3555 4881 3722 4944 proba·

2199 4955 2211 4968 '
2232 4968 2310 5005 em
2350 4957 2492 5006 aciat.

2755 5084 3117 5113 ψ
