3900 6042
570 424 678 475 11⁴

565 547 699 612 λοις,
729 543 813 600 καὶ
846 544 891 599 οἱ
922 540 1015 616 μὲν
1067 539 1329 618 βούλοιντο
1373 540 1703 617 διανέμεσθαι
1745 540 1809 600 τὰ
1855 541 2032 612 κοινὰ,
2062 542 2109 598 οἱ

561 629 618 686 δὲ
649 629 722 704 μὴ
742 672 758 699 ,
794 628 1084 696 ἐδικάζοντο
1110 631 1158 685 οἱ
1198 627 1498 705 βουλόμενοι
1537 635 1644 693 τοῖς
1672 627 1745 703 μὴ
1778 627 2111 705 βουλομένοις

565 717 973 794 προκαλούμενοι
991 717 1062 781 εἰς
1083 715 1319 785 δατητῶν
1341 713 1557 793 αἵρεσιν.
1590 714 1790 780 Λυσίας
1814 717 1868 773 ἐν
1890 717 1966 794 τῷ
1984 713 2111 794 πρὸς

565 801 926 877 Ἀλεξίδημον,
950 804 994 860 εἰ
1025 801 1230 878 γνήσιος
1247 847 1264 877 ,
1292 807 1382 859 καὶ
1406 800 1759 880 Ἀριστοτέλης
1782 804 1834 860 ἐν
1862 805 1927 880 τῇ
1960 801 2111 878 Ἀθη-

561 889 724 946 ναίων
752 889 1009 967 πολιτείᾳ.
1039 891 1124 949 Cf.
1149 892 1350 946 Pollux
1379 893 1548 966 vlu,
1577 889 1706 945 136.

648 981 830 1051 Etym.
866 979 945 1033 M.
995 998 1009 1032 ε
1057 974 1329 1047 Δατητὴς,
1369 974 1516 1055 παρὰ
1563 974 1805 1041 Ἀττικοῖς
1860 977 1889 1032 6
1935 975 2110 1032 διανε-

565 1062 761 1138 μητής.
793 1064 1162 1141 Ἀριστοτέλης.

644 1156 778 1207 Lex.
822 1153 1058 1211 Rhetor.
1088 1172 1150 1226 p.
1192 1150 1338 1222 567,
1376 1150 1451 1206 28
1479 1170 1498 1205 ι
1534 1149 1627 1214 Εἰς
1664 1149 1899 1218 δατητῶν
1931 1146 2110 1226 [αἵρεο

565 1259 643 1292 σιν
663 1238 684 1313 ]
702 1282 717 1306 ,
738 1237 1023 1316 πρόκλησις
1051 1238 1306 1312 νεμέσεως
1332 1236 1366 1305 ἢ
1390 1234 1735 1315 κληρονομίας
1760 1233 1794 1304 ἢ
1826 1240 1999 1292 κοινοῦ
2025 1257 2111 1291 τι-

565 1323 650 1388 νὸς
692 1326 991 1403 ἀγορασμοῢ
1014 1346 1029 1360 ·
1065 1323 1323 1400 [δατηταὶ
1350 1321 1488 1401 γὰρ]
1517 1321 1602 1380 ἐπὶ
1630 1325 1732 1379 τῶν
1767 1320 2112 1396 διανεμόντων

565 1409 634 1466 τὰ
663 1411 810 1468 κοινά
842 1434 1008 1482 τισιν,
1033 1414 1103 1477 ὡς
1130 1410 1483 1490 Ἀριστοτέλης
1520 1410 1573 1467 ἐν
1603 1412 1669 1486 τῇ
1699 1408 1980 1480 Ἀθηναίων
2013 1430 2107 1465 πο·

565 1496 728 1576 λιτείᾳ
746 1519 761 1534 ·
793 1525 815 1548 σι
842 1497 996 1556 Δίκαι
1021 1496 1373 1576 λαγχάνονται
1399 1493 1528 1574 πρὸς
1576 1493 1663 1552 τὸν
1695 1493 1922 1574 ἄρχοντα
1955 1493 2112 1551 ἄλλαι

565 1583 696 1650 τινὲς
731 1584 820 1642 καὶ
853 1588 888 1654 ἡ
917 1587 988 1650 εἰς
1024 1585 1260 1654 δατητῶν
1295 1580 1522 1661 αἵρεσιν,
1563 1580 1686 1639 δταν
1718 1581 1784 1659 [6
1826 1579 1919 1656 μὲν
1958 1579 2111 1658 θέλῃ,

561 1674 594 1726 6
621 1669 709 1747 δὲ]
737 1670 811 1746 μὴ
832 1671 954 1746 θέλῃ
978 1668 1045 1727 τὰ
1072 1669 1219 1727 κοινὰ
1240 1668 1366 1727 ὄντα
1390 1669 1657 1741 νέμεσθαι.
1687 1694 1711 1722 ν

643 1762 732 1815 Sic
755 1762 939 1815 locum
968 1761 1254 1815 constituit
1273 1759 1509 1813 Meierus
1535 1756 1772 1835 (Fragm.
1787 1760 1922 1816 Lex.
1945 1757 2110 1813 Rhet.

565 1848 694 1902 nal.
724 1846 891 1915 1844,
915 1865 972 1920 p.
1008 1846 1119 1920 13).
1171 1844 1397 1901 Codex:
1425 1843 1514 1906 Εἰς
1529 1842 1747 1911 δατητὸν
1767 1840 2112 1919 πρόκλησις...

564 1934 865 2008 ἀγορασμοῧ
896 1929 983 1988 ἐπὶ
1010 1933 1171 1988 τῶν...
1211 1928 1563 2006 λαγχάνονται
1602 1927 1727 2006 πρὸς
1766 1927 1852 1984 τὸν
1883 1926 2111 2006 ἄρχοντα

566 2019 682 2074 ἀλλ’
713 2019 759 2074 εἴ
786 2040 860 2083 τις
885 2017 976 2074 καὶ
995 2018 1045 2081 ἐς
1067 2016 1303 2086 δατητῶν
1328 2013 1524 2093 αἵρεσιν
1542 2059 1560 2089 ,
1586 2013 1708 2072 ὅταν
1729 2013 1802 2090 μὴ
1823 2015 1945 2092 θέλῃ
1967 2012 2113 2072 κοινὰ

566 2105 631 2160 τὰ
671 2103 794 2160 ὄντα
831 2103 1095 2179 νέμεσθαι.
1138 2107 1409 2159 Praeterea
1442 2105 1683 2160 Meierus
1715 2123 1729 2156 ι
1776 2127 1799 2153 «ι
1844 2105 1956 2158 Pro
1985 2103 2110 2177 οἰγο-

570 2196 792 2267 ρασμοῦ,
810 2192 968 2265 quod
985 2193 1076 2246 hic
1108 2210 1224 2245 non
1240 2190 1464 2245 emendi
1493 2201 1696 2256 actum,
1717 2189 1814 2244 sed
1847 2208 1966 2244 rem
1986 2209 2108 2243 em·

562 2290 718 2352 ptam
734 2277 1027 2352 significat,
1044 2279 1202 2333 malis
1214 2277 1446 2331 forsitan
1471 2274 1651 2344 ἄλλου,
1670 2294 1863 2330 verum
1879 2294 1944 2330 ea
1964 2295 2105 2331 voce

567 2364 1123 2440 comprehenduntur
1151 2365 1338 2418 omnia
1363 2381 1710 2436 quaecunque
1734 2381 1850 2417 non
1877 2363 2113 2417 heredi-

567 2465 677 2507 tate
713 2454 786 2508 ad
832 2452 1074 2507 duorum
1113 2451 1429 2524 pluriumve
1458 2468 1756 2505 commune
1800 2450 2113 2504 dominium

565 2541 925 2611 perveniant3
973 2540 1180 2593 etenim
1217 2548 1347 2610 post
1379 2537 1750 2592 hereditatem
1794 2538 2006 2609 emptio
2034 2537 2115 2590 in-

563 2629 763 2700 primis
792 2645 951 2683 causa
970 2626 1282 2680 communis
1300 2625 1538 2679 dominii
1563 2642 1673 2679 esse
1703 2624 1861 2680 solet.
1892 2647 1915 2672 ν

643 2716 902 2770 Ceterum
917 2714 989 2768 de
1005 2714 1288 2768 archontis
1303 2711 1499 2766 officiis
1517 2714 1592 2765 ita
1611 2712 1812 2765 Pollux
1830 2712 1986 2779 VIII,
2003 2709 2108 2783 89:

567 2799 637 2857 ‘O
660 2798 714 2856 δὲ
728 2799 904 2878 ἄρχων
925 2797 1180 2868 διατίθησι
1205 2798 1299 2872 μὲν
1319 2796 1562 2854 Διονύσια
1581 2796 1670 2853 καὶ
1680 2796 1959 2875 Θαργήλια
1980 2794 2112 2871 μετὰ

565 2888 669 2942 τῶν
708 2887 1068 2960 ἐπιμελητῶν·
1126 2883 1265 2941 δίκαι
1308 2882 1361 2940 δὲ
1404 2883 1531 2958 πρὸς
1571 2881 1723 2938 αὐτὸν
1762 2882 2113 2960 λαγχάνονται

568 2970 870 3040 κακώσεως,
892 2970 1208 3049 παρανοίας,
1237 2971 1306 3032 εἰς
1330 2969 1563 3038 δατητῶν
1590 2967 1805 3045 αἵρεσιν,
1836 2970 2114 3045 ἐπιτροπῆς

568 3062 821 3138 ὀρφανῶν,
843 3054 1133 3135 ἐπιτρόπων
1152 3054 1521 3126 καταστάσεις,
1545 3054 1751 3132 κλήρων
1777 3054 1866 3112 καὶ
1895 3055 2114 3126 ἐπικλή-

569 3169 669 3223 ρων
704 3143 1039 3202 ἐπιδικασίαι·
1075 3142 1395 3217 ἐπιμελεῖται
1421 3142 1475 3198 δὲ
1497 3139 1586 3198 καὶ
1623 3145 1724 3199 τῶν
1747 3144 2029 3217 γυναικῶν,
2056 3141 2113 3200 αἳ

568 3232 629 3289 ἃν
663 3234 825 3311 φῶσιν
853 3229 942 3286 ἀπ’
976 3227 1155 3308 ἀνδρὸς
1184 3229 1424 3298 τελευτῆς
1461 3226 1627 3285 κύειν·
1658 3227 1747 3285 καὶ
1784 3226 1901 3293 τοὺς
1945 3227 2113 3295 οἴκους

566 3319 802 3395 ἐκμισθοῖ
834 3319 936 3375 τῶν
959 3318 1214 3396 ὀρφανῶν.
1259 3313 1417 3374 Ἔστι
1446 3314 1499 3372 δὲ
1526 3314 1791 3390 ἐπώνυμος
1819 3305 1990 3385 οὗτος,
2020 3315 2108 3373 καὶ

564 3406 657 3463 ἀπ’
682 3407 835 3464 αὐτοῦ
865 3407 894 3462 6
919 3403 1100 3482 χρόνος
1121 3406 1434 3481 ἀριθμεῖται.

1259 3576 1331 3626 ’27
1364 3556 1423 3613 b.

641 3691 1091 3765 Harpocration:
1116 3689 1571 3764 Ἐπιμελητὴς
1592 3693 1710 3748 τῶν
1732 3690 2111 3770 μυστηρίων

564 3776 687 3855 παρ’
716 3776 997 3847 Ἀθηναίοις
1033 3779 1063 3833 6
1095 3774 1367 3853 λεγόμενος
1415 3776 1720 3854 βασιλεύς...
1759 3775 2113 3856 Ἀριστοτέλης

565 3867 617 3921 ἐν
643 3863 920 3935 Ἀθηναίων
950 3861 1186 3940 πολιτεία
1222 3861 1379 3941 φησὶν
1406 3861 1598 3929 οὕτως·
1626 3889 1652 3914 ιι
1684 3863 1753 3923 ‘O
1784 3862 1838 3921 δὲ
1870 3861 2113 3941 βασιλεὺς

564 3953 768 4030 πρῶτον
796 3948 891 4025 μὲν
913 3953 1016 4008 τῶν
1039 3948 1340 4028 μυστηρίων
1363 3951 1683 4025 ἐπιμελεῖται
1713 3949 1846 4026 μετὰ
1868 3953 1972 4007 τῶν
1999 3954 2112 4009 ἐπι·

564 4040 821 4112 μελητῶν,
843 4036 927 4102 οὓς
945 4040 974 4095 6
996 4039 1157 4113 δῆμος
1174 4034 1479 4115 ἐχειροτόνει
1497 4037 1514 4113 (
1530 4040 1569 4093 l.
1595 4039 1926 4116 χειροτονεῖ),
1948 4037 1997 4114 β’
2016 4036 2112 4112 μὲν

563 4125 614 4191 ἐξ
653 4125 934 4196 Ἀθηναίων
966 4124 1239 4196 ἁπάντων,
1282 4122 1371 4182 ἕνα
1416 4126 1464 4182 δ’
1505 4123 1558 4192 ἐξ
1601 4126 1986 4201 Εὐμολπιδῶν,
2021 4123 2110 4182 ἕνα

564 4212 610 4270 δ’
637 4215 697 4271 ἐκ
726 4213 1001 4293 Κηρύκων.
1027 4238 1053 4265 υ

563 4394 757 4431 munem
776 4396 876 4432 rem
911 4383 1125 4433 dividere
1149 4380 1401 4441 volebant,
1437 4380 1572 4431 litem
1595 4380 1902 4431 intendebant
1937 4382 1995 4431 iis
2025 4381 2110 4443 qui

564 4457 1042 4522 recusabant,=injus
1053 4461 1283 4509 vocantes
1307 4459 1368 4510 ad
1394 4460 1655 4509 divisorum
1689 4459 1988 4508 electionem.
2012 4461 2109 4522 Ly-

562 4536 655 4586 sias
678 4538 727 4587 in
741 4536 956 4587 oratione
974 4539 1139 4588 contra
1158 4535 1490 4588 Alexidemum
1506 4572 1522 4599 ,
1555 4537 1592 4584 si
1613 4535 1756 4585 modo
1774 4535 1981 4598 genuina
2006 4538 2079 4585 oet
2090 4571 2106 4598 ,

561 4616 610 4663 et
637 4615 909 4666 Aristoteles
939 4616 988 4664 in
1006 4618 1121 4679 Rep.
1145 4615 1315 4665 Athen.

623 4694 830 4750 Δατητής
848 4691 975 4756 apud
1000 4693 1182 4742 Atticos
1215 4694 1417 4741 vocatur
1434 4691 1629 4751 divisor,
1651 4691 1773 4740 teste
1795 4689 2065 4740 Aristotele.

626 4768 896 4818 Aristoteles
915 4770 966 4818 in
995 4769 1192 4832 Republ.
1228 4768 1585 4819 Atheniensium
1613 4786 1625 4816 ι
1654 4787 1676 4810 κ
1704 4766 1925 4816 Actiones
1946 4766 2007 4814 ad
2030 4779 2108 4816 ar-

563 4848 784 4895 clientem
805 4847 1039 4909 pertinent
1060 4849 1164 4897 tum
1180 4846 1289 4895 aliae
1310 4845 1533 4909 quendam
1552 4847 1658 4895 tum
1678 4858 1734 4894 ea
1757 4857 1866 4906 qua}
1882 4843 2058 4893 dicitur
2092 4865 2104 4894 ε

564 4944 586 4966 u
606 4925 665 4974 aci
683 4924 941 4975 divisorum
961 4925 1258 4985 electionem,
1286 4946 1308 4968 n
1325 4925 1364 4974 si
1383 4924 1503 4974 alter
1527 4926 1650 4984 vult,
1669 4923 1789 4973 alter
1805 4936 1902 4971 non
1928 4923 2032 4972 vult
2052 4935 2106 4972 ea

561 5015 671 5065 qum
694 5003 968 5051 communia
986 4999 1098 5051 sunt
1119 5002 1351 5051 dividere.
1379 5021 1402 5042 ιο

622 5165 826 5212 Cui-ator
858 5166 1193 5225 mysteriorum
1218 5164 1345 5226 apud
1371 5163 1541 5213 Allien.
1563 5166 1666 5211 erat
1700 5164 1726 5211 ὀ
1751 5163 1968 5224 βασιλεὺς
1992 5162 2105 5220 (rex

1521 431 1534 458 ⁶
1625 411 2117 474 AMSTOTEMS
2162 411 2357 474 FRAG
2371 409 2656 473 MENTA.

2278 544 2360 600 Cf.
2392 544 2588 597 Pollux
2618 544 2776 609 vm,
2815 561 2890 614 90
2931 559 2944 598 ε
2977 539 3039 597 ‘0
3069 542 3121 597 δὲ
3155 540 3393 619 βασιλεὺς
3439 543 3764 623 μυστηρίων

2199 626 2484 705 προέστηκε
2532 625 2665 700 μετὰ
2704 629 2805 683 τῶν
2852 628 3200 701 ἐπιμελητῶν,
3245 626 3333 684 καὶ
3370 630 3635 700 Ληναίων
3675 632 3763 687 καὶ

2200 712 2413 790 ἀγώνιον
2435 717 2538 770 τῶν
2567 712 2655 770 ἐπὶ
2690 712 2956 788 λαμπάδι·
2982 714 3071 771 καὶ
3110 714 3177 770 τὰ
3219 714 3339 791 περὶ
3373 714 3468 780 τὰς
3500 716 3765 794 πατρίους

2200 801 2375 866 θυσίας
2410 802 2609 858 διοικεῖ.
2709 798 2865 858 Δίκαι
2916 798 2969 857 δὲ
3015 800 3141 879 πρὸς
3187 800 3341 858 αὐτὸν
3385 803 3763 879 λαγχάνονται

2200 885 2470 956 ἀσεὸείας,
2497 884 2776 964 ἱερωσύνης
2795 930 2811 955 ,
2840 884 3308 966 ἀμφισὸητήσεως·
3327 887 3417 944 καὶ
3439 889 3552 953 τοῖς
3584 889 3762 965 γένεσι

2200 973 2292 1030 καὶ
2314 977 2418 1038 τοῖς
2440 975 2624 1050 ἱεροῖσι
2644 980 2805 1029 πᾶσιν
2832 971 2984 1037 αὐτὸς
3008 973 3221 1044 δικάζει,
3242 973 3332 1031 καὶ
3356 972 3446 1038 τὰς
3474 981 3573 1032 τοῦ
3606 975 3764 1054 φόνου

2199 1058 2344 1124 δίκας
2363 1062 2433 1126 εἷς
2447 1061 2504 1118 'A
2513 1081 2646 1138 ρειον
2664 1059 2830 1136 πάγον
2858 1059 3055 1136 εἰσάγει
3069 1103 3087 1134 ,
3117 1060 3208 1117 καὶ
3231 1061 3316 1118 τὸν
3338 1060 3605 1140 στέφανον
3632 1066 3761 1120 ἀπο-

2200 1146 2407 1223 θέμενος
2426 1146 2522 1204 uim
2548 1147 2720 1212 αὐτοῖς
2739 1147 2953 1214 δικάζει.
2978 1145 3326 1225 Προαγορεύει
3357 1146 3413 1204 δὲ
3443 1156 3558 1213 τοῖς
3590 1151 3647 1205 ἐν
3676 1151 3763 1206 αἶ-

2198 1234 2286 1313 riq:
2333 1233 2620 1312 ἀπέχεσθαι
2661 1231 2955 1311 μυστηρίων
2995 1232 3086 1290 καὶ
3130 1237 3235 1290 τῶν
3280 1233 3456 1292 ἄλλων
3486 1234 3761 1311 νομίμων·

2200 1320 2396 1388 δικάζει
2424 1321 2477 1378 δὲ
2505 1320 2596 1378 καὶ
2626 1319 2719 1385 τὰς
2754 1322 2856 1376 τῶν
2884 1319 3102 1398 ἀψύχων
3146 1319 3312 1387 δίκας.
3343 1321 3462 1392 Τὴν
3496 1321 3559 1380 δὲ
3590 1344 3764 1380 συνοι-

2195 1411 2391 1465 κοῦσαν
2416 1409 2559 1485 αὐτῷ
2588 1406 2899 1484 βασίλισσαν
2920 1407 3186 1467 καλοῦσιν»

2880 1597 2893 1616 ,
2919 1551 3010 1608 28.

2281 1696 2725 1768 Harpocration:
2760 1690 3192 1771 Πολέμαρχος
3217 1736 3232 1762 ,
3260 1692 3399 1772 ἀρχή
3426 1717 3510 1760 τις
3534 1687 3609 1765 ἦν
3634 1701 3759 1774 παρ’

2203 1779 2483 1850 Ἀθηναίοις
2500 1777 2634 1836 οὕτω
2656 1778 2967 1854 καλουμένη.
2992 1774 3150 1839 Ἔστι
3177 1778 3231 1837 δὲ
3260 1770 3329 1845 εἷς
3346 1783 3451 1837 τῶν
3483 1781 3640 1840 ἐννέα
3670 1785 3761 1861 ἀρ·

2198 1867 2419 1945 χόντων.
2452 1864 2801 1944 Ἀριστοτέλης
2817 1865 2860 1923 δ’
2888 1868 2940 1924 ἐν
2963 1870 3028 1946 τῇ
3046 1865 3325 1937 Ἀθηναίων
3346 1868 3598 1949 πολιτεία
3628 1869 3759 1936 διεξ·

2204 1950 2365 2010 ελθὼν
2403 1950 2500 2010 ὅσα
2530 1953 2705 2009 διοικεῖ
2737 1955 2764 2008 6
2794 1951 3152 2032 πολέμαρχος,
3180 1979 3203 2003 ι
3235 1952 3372 2030 Πρὸς
3398 1959 3607 2030 ταῦτα,
3662 1979 3759 2037 φη-

2202 2038 2283 2096 σὶν
2299 2084 2315 2110 ,
2366 2037 2515 2104 αύτός
2584 2062 2640 2095 τε
2671 2038 2866 2116 εἰσάγει
2909 2039 3054 2104 δίκας
3084 2040 3175 2105 τάς
3201 2062 3257 2097 τε
3300 2041 3634 2099 ἀποστασίου
3671 2042 3760 2099 καὶ

2202 2124 2550 2204 ἀπροστασίου
2579 2124 2667 2182 καὶ
2692 2124 2895 2205 κλήρων
2920 2126 3008 2184 καὶ
3029 2124 3321 2203 ἐπικλήρων
3344 2130 3449 2192 τοῖς
3475 2128 3757 2203 μετοίκοις,

2202 2213 2289 2270 καὶ
2316 2203 2482 2270 τᾶλλα
2507 2212 2602 2270 ὅσα
2626 2220 2733 2280 τοῖς
2759 2213 2993 2280 πολίταις
3018 2216 3049 2272 6
3084 2214 3276 2292 ἄρχων,
3314 2218 3484 2271 ταῦτα
3526 2219 3638 2282 τοῖς
3665 2239 3759 2292 με·

2202 2298 2393 2366 τοίκοις
2417 2304 2444 2357 6
2472 2299 2826 2379 πολέμαρχος.
2853 2327 2878 2351 ¹·

2282 2388 2511 2461 Eadem,
2534 2389 2694 2444 missa
2708 2389 3017 2444 Aristotelis
3043 2390 3350 2459 mentione,
3369 2407 3437 2444 ex
3459 2392 3749 2464 Harpocr.

2203 2473 2401 2530 Suidas
2432 2487 2486 2530 et
2515 2476 2745 2530 Photius
2771 2495 2824 2530 v,
2856 2473 3235 2552 Πολέμαρχος,
3268 2477 3400 2530 hinc
3436 2478 3758 2552 migrarunt

2204 2563 2261 2616 in
2282 2562 2458 2618 schol.
2490 2561 2681 2616 Aldin.
2708 2562 2780 2618 ad
2809 2563 3096 2635 Aristoph.
3128 2564 3289 2634 Vesp.
3328 2568 3500 2626 1042.

2281 2649 2535 2703 Eundem
2560 2649 2870 2704 Aristotelis
2898 2652 3085 2703 locum
3106 2650 3305 2702 iterum
3336 2651 3755 2721 Harpocration

2203 2736 2446 2810 tangitV.
2470 2731 2841 2811 Ἀπροστασίου
2866 2755 2878 2790 :
2900 2731 3235 2792 Ἀποστασίου
3248 2731 3364 2803 δίκη
3387 2732 3465 2799 τίς
3491 2736 3606 2791 ἐστι
3624 2733 3754 2791 κατὰ

2201 2822 2305 2877 τῶν
2326 2819 2840 2899 ἀπελευθερωθέντων
2860 2818 3106 2894 δεδομένη
3122 2826 3227 2883 τοῖς
3248 2819 3753 2897 ἆπελευθερώσασιν,

2202 2904 2292 2963 ἐὰν
2320 2905 2658 2986 Ἀφιστῶνταί
2696 2929 2753 2963 τε
2775 2906 2866 2962 ἀπ’
2898 2908 3067 2963 αὐτῶν
3091 2902 3126 2975 ἢ
3150 2903 3318 2982 ἕτερον
3361 2907 3753 2985 ἐπιγράφωνται

2202 2992 2524 3069 προστάτην,
2544 2990 2635 3049 καὶ
2653 2990 2686 3049 ἃ
2713 2990 3005 3049 κελεύουσιν
3035 2992 3082 3049 οἱ
3104 2989 3250 3066 νόμοι
3276 2987 3346 3062 μὴ
3376 2993 3622 3049 ποιῶσιν.
3650 2992 3753 3051 Καὶ

2201 3078 2319 3144 τοὺς
2338 3078 2433 3153 μὲν
2454 3077 2671 3144 ἁλόντας
2699 3081 2778 3136 δεῖ
2803 3078 3011 3144 δούλους
3042 3068 3200 3147 εἶναι,
3220 3076 3333 3142 τοὺς
3357 3077 3411 3133 δὲ
3437 3078 3751 3148 νικήσαντας

2201 3164 2388 3231 τελέως
2409 3164 2511 3236 ἤδη
2546 3164 2909 3243 ἐλευθέρους...
2939 3162 3291 3242 Ἀριστοτέλης
3320 3161 3362 3219 δ’
3390 3165 3443 3220 ἐν
3466 3162 3748 3234 Ἀθηναίων

2202 3250 2438 3330 πολιτεία
2465 3251 2585 3328 περὶ
2624 3256 2715 3309 τοῦ
2754 3249 3092 3334 πολεμάρχου
3119 3250 3304 3328 γράφει
3327 3249 3491 3306 τουτί·
3530 3278 3557 3301 ιι
3587 3243 3751 3314 Οὗτος

2203 3338 2256 3397 δὲ
2274 3339 2468 3416 εἰσάγει
2483 3337 2627 3404 δίκας
2638 3338 2731 3404 τάς
2749 3360 2805 3395 τε
2820 3342 2911 3396 τοῦ
2936 3337 3254 3396 ἀποστασίου
3283 3337 3373 3396 καὶ
3397 3338 3749 3417 ἀπροστασίου

2202 3429 2291 3487 καὶ
2313 3430 2519 3507 κλήρων
2547 3429 2637 3487 καὶ
2662 3428 2974 3509 ἐπικλήρων.
3002 3454 3026 3482 ¹·
3045 3432 3129 3489 Cf.
3163 3432 3342 3487 Idem.
3374 3451 3429 3490 v·
3460 3429 3748 3508 Ἥγεμονία

2203 3517 2555 3594 δικαστηρίου.
3222 3589 3227 3594 ι

2278 3607 2363 3664 Cf.
2392 3608 2593 3661 Pollux
2633 3608 2797 3674 vlu,
2843 3624 2911 3679 91
2951 3622 2967 3663 z
2992 3602 3060 3662 ‘O
3081 3602 3137 3662 δὲ
3158 3602 3488 3684 πολέμαρχος
3516 3605 3627 3663 θύει
3656 3603 3745 3678 μὲν

2201 3690 2460 3771 Ἀρτέμιδι
2484 3690 2741 3771 ἀγροτέρα
2768 3690 2859 3749 καὶ
2881 3694 2956 3770 τῷ
2974 3690 3235 3769 Ἐνυαλίῳ
3255 3734 3274 3767 ,
3301 3691 3563 3761 διατίθησι
3591 3690 3644 3749 δὲ
3662 3690 3743 3747 τὸν

2200 3778 2468 3858 ἐπιτάφιον
2496 3782 2673 3856 ἀγῶνα
2692 3782 2795 3836 τῶν
2818 3780 2870 3836 ἐν
2892 3777 3106 3857 πολέμῳ
3128 3777 3517 3850 ἀποθανόντων,
3540 3779 3745 3840 καὶτοῖς

2198 3864 2318 3945 περὶ
2342 3864 2609 3944 Ἁρμόδιον
2648 3865 2886 3941 ἐναγίζει.
2931 3864 3089 3924 Δίκαι
3129 3864 3184 3922 δὲ
3210 3863 3337 3943 πρὸς
3365 3865 3519 3922 αὐτὸν
3548 3863 3743 3942 λαγχά·

2200 3975 2373 4011 νονται
2389 3951 2661 4028 μετοίκων,
2684 3953 2945 4023 ἰσοτελῶν,
2969 3950 3164 4029 [ξένων,
3180 3953 3312 4009 add.
3334 3955 3536 4011 Meier.
3559 3953 3583 4029 J
3623 3971 3743 4027 προ·

2200 4038 2379 4107 ξένων·
2399 4039 2488 4098 καὶ
2510 4039 2741 4115 διανέμει
2757 4038 2816 4096 τὸ
2834 4040 3022 4116 λαχὸν,
3053 4037 3249 4117 ἱκάστῃ
3275 4040 3410 4118 φυλῇ
3437 4061 3483 4095 τι
3516 4038 3671 4115 μέρος
3687 4060 3698 4073 ·
3719 4040 3740 4058 ‘

2199 4125 2259 4184 τὸ
2288 4125 2382 4202 μὲν
2407 4127 2694 4198 διαιτηταῖς
2719 4124 3060 4204 παραδιδοὺς,
3094 4124 3318 4201 εἰσάγων
3359 4125 3412 4182 δὲ
3440 4124 3589 4190 δίκας
3619 4126 3735 4181 α’πο-

2200 4212 2443 4284 στασίου,
2462 4211 2840 4292 ἀπροστασίου,
2866 4212 3098 4291 κλήρων,
3119 4211 3389 4288 μετοίκων.
3413 4246 3492 4256 -
3518 4214 3745 4269 Photius

2199 4381 2487 4442 sacrorum).
2519 4380 2792 4431 Aristoteles
2813 4381 2863 4429 in
2886 4383 3004 4442 Rep.
3030 4379 3202 4429 Athen.
3237 4378 3308 4428 sic
3337 4379 3406 4428 ait
3431 4397 3445 4427 ε
3473 4398 3499 4421 κ
3533 4381 3635 4428 Rex
3668 4389 3740 4424 cu·

2198 4459 2273 4505 rat
2305 4457 2514 4519 primum
2544 4458 2769 4518 mysteria
2822 4469 2935 4505 cum
2990 4455 3295 4504 curatoribus
3309 4490 3326 4514 ,
3380 4455 3465 4516 qui
3503 4468 3533 4503 a
3571 4451 3741 4518 papinio

2195 4538 2418 4585 creantur
2446 4548 2648 4585 numero
2665 4538 2911 4598 quattuor,
2936 4535 3034 4584 duo
3052 4549 3109 4585 ex
3133 4535 3357 4584 omnibus
3386 4534 3579 4584 civibus
3598 4533 3736 4584 Athe-

2196 4613 2438 4664 niensibus
2450 4650 2467 4676 ,
2481 4613 2652 4664 tertius
2667 4627 2723 4663 ex
2750 4612 3066 4675 Eumolpidis,
3089 4616 3293 4675 quartus
3307 4625 3337 4662 c
3357 4612 3636 4674 cerycibus.
3660 4631 3682 4652 ι·

2260 4779 2622 4840 Polemarcbus‚
2646 4780 2950 4840 magistratus
2970 4780 3074 4826 erat
3102 4776 3323 4835 Athenis,
3342 4787 3471 4824 unus
3496 4774 3559 4824 de
3575 4785 3739 4824 novem

2194 4855 2519 4905 archontibus.
2532 4855 2805 4905 Aristoteles
2815 4855 2863 4903 in
2874 4857 2991 4916 nep.
3005 4852 3381 4912 Atheniensium,
3391 4864 3503 4913 quae
3516 4851 3741 4914 polemar·

2195 4933 2315 4981 chus
2331 4930 2627 4980 administret
2640 4933 2943 4992 pensecutus:
2961 4948 2983 4972 c«
2999 4930 3068 4980 Ad
3088 4930 3211 4987 hanc,
3222 4927 3396 4990 inquit.
3408 4926 3739 4977 Polemarchus

2196 5008 2454 5057 introducit
2475 5020 2642 5056 causas
2658 5007 2909 5057 detrectati
2924 5009 2973 5056 et
2994 5006 3194 5067 neglecti
3210 5003 3459 5067 patrocinii
3485 5005 3536 5053 el
3557 5001 3737 5052 heredi·

2194 5087 2351 5134 tatum
2369 5086 2419 5133 et
2442 5084 2729 5146 pupillarum
2749 5083 2978 5132 heredum
3005 5082 3271 5145 inquilinis;
3295 5084 3345 5129 et
3370 5081 3572 5129 omnino
3595 5076 3737 5142 qnod·

2194 5174 2385 5223 cunque
2404 5161 2580 5209 archon
2597 5161 2798 5222 civibus,
2821 5161 2867 5209 id
2884 5163 3077 5224 pra‘stat
3096 5158 3337 5222 inquilinis
3350 5157 3693 5220 polemarclius.
3713 5172 3734 5195 υ
