<?xml version="1.0" encoding="UTF-8"?>
<!DOCTYPE html PUBLIC "-//W3C//DTD XHTML 1.0 Transitional//EN"
    "http://www.w3.org/TR/xhtml1/DTD/xhtml1-transitional.dtd">
<html xmlns="http://www.w3.org/1999/xhtml" xml:lang="en" lang="en">
 <head>
  <title>
</title>
<meta http-equiv="Content-Type" content="text/html;charset=utf-8" />
  <meta name='ocr-system' content='tesseract 3.04.00' />
  <meta name='ocr-capabilities' content='ocr_page ocr_carea ocr_par ocr_line ocrx_word'/>
</head>
<body>
  <div class='ocr_page' id='page_1' title='image "./fragmentahistor03unkngoog_0438.png"; bbox 0 0 3900 6042; ppageno 0'>
   <div class='ocr_carea' id='block_1_1' title="bbox 1318 457 2182 516">
    <p class='ocr_par' dir='ltr' id='par_1_1' title="bbox 1318 457 2182 516">
     <span class='ocr_line' id='line_1_1' title="bbox 1318 457 2182 516; baseline -0.001 -1"><span class='ocrx_word' id='word_1_1' title='bbox 1318 457 1737 516; x_wconf 70' lang='lat' dir='ltr'>HECATAEUS</span> <span class='ocrx_word' id='word_1_2' title='bbox 1781 457 2182 515; x_wconf 72' lang='lat' dir='ltr'><strong>ABDEfflrA.</strong></span> 
     </span>
    </p>
   </div>
   <div class='ocr_carea' id='block_1_2' title="bbox 3220 468 3330 519">
    <p class='ocr_par' dir='ltr' id='par_1_2' title="bbox 3220 468 3330 519">
     <span class='ocr_line' id='line_1_2' title="bbox 3220 468 3330 519; baseline 0 -1"><span class='ocrx_word' id='word_1_3' title='bbox 3220 468 3330 519; x_wconf 76' lang='lat'><strong>³85</strong></span> 
     </span>
    </p>
   </div>
   <div class='ocr_carea' id='block_1_3' title="bbox 161 577 3327 664">
    <p class='ocr_par' dir='ltr' id='par_1_3' title="bbox 161 577 3327 664">
     <span class='ocr_line' id='line_1_3' title="bbox 161 577 3327 664; baseline 0.001 -20"><span class='ocrx_word' id='word_1_4' title='bbox 161 603 423 661; x_wconf 84' lang='lat' dir='ltr'><strong>tamquam</strong></span> <span class='ocrx_word' id='word_1_5' title='bbox 468 597 665 642; x_wconf 76' lang='lat' dir='ltr'><strong>sanctae</strong></span> <span class='ocrx_word' id='word_1_6' title='bbox 709 588 833 639; x_wconf 62' lang='lat' dir='ltr'><strong>xitae</strong></span> <span class='ocrx_word' id='word_1_7' title='bbox 860 598 1027 659; x_wconf 88' lang='lat' dir='ltr'><strong>atque</strong></span> <span class='ocrx_word' id='word_1_8' title='bbox 1054 586 1275 643; x_wconf 85' lang='lat' dir='ltr'><strong>virtutis</strong></span> <span class='ocrx_word' id='word_1_9' title='bbox 1310 588 1563 660; x_wconf 70' lang='lat' dir='ltr'><strong>exeinpla</strong></span> <span class='ocrx_word' id='word_1_10' title='bbox 1606 588 1687 640; x_wconf 86' lang='lat' dir='ltr'><strong>sui</strong></span> <span class='ocrx_word' id='word_1_11' title='bbox 1718 577 1723 584; x_wconf 62' lang='grc'><strong><em>’</em></strong></span> <span class='ocrx_word' id='word_1_12' title='bbox 1779 587 2137 660; x_wconf 78' lang='lat' dir='ltr'>legislationis</span> <span class='ocrx_word' id='word_1_13' title='bbox 2169 589 2508 642; x_wconf 81' lang='lat' dir='ltr'><strong>mentionem</strong></span> <span class='ocrx_word' id='word_1_14' title='bbox 2539 587 2784 657; x_wconf 86' lang='lat' dir='ltr'><strong>injecisse</strong></span> <span class='ocrx_word' id='word_1_15' title='bbox 2826 601 3120 662; x_wconf 83' lang='lat' dir='ltr'><strong>propterca</strong></span> <span class='ocrx_word' id='word_1_16' title='bbox 3162 593 3327 664; x_wconf 88' lang='lat' dir='ltr'><strong>quod</strong></span> 
     </span>
    </p>
   </div>
   <div class='ocr_carea' id='block_1_4' title="bbox 141 673 1691 4703">
    <p class='ocr_par' dir='ltr' id='par_1_4' title="bbox 152 673 1691 1631">
     <span class='ocr_line' id='line_1_4' title="bbox 155 673 1689 748; baseline -0.002 -18"><span class='ocrx_word' id='word_1_17' title='bbox 155 679 245 730; x_wconf 79' lang='lat' dir='ltr'><strong>aevi</strong></span> <span class='ocrx_word' id='word_1_18' title='bbox 274 675 588 729; x_wconf 88' lang='lat' dir='ltr'><strong>hominibus</strong></span> <span class='ocrx_word' id='word_1_19' title='bbox 613 676 1033 748; x_wconf 83' lang='lat' dir='ltr'><strong>proposuerint.</strong></span> <span class='ocrx_word' id='word_1_20' title='bbox 1072 707 1139 717; x_wconf 89' lang='lat'>—</span> <span class='ocrx_word' id='word_1_21' title='bbox 1181 673 1395 746; x_wconf 84' lang='lat' dir='ltr'><strong>Quodsi</strong></span> <span class='ocrx_word' id='word_1_22' title='bbox 1431 675 1689 731; x_wconf 82' lang='lat' dir='ltr'><strong>nonnulli</strong></span> 
     </span>
     <span class='ocr_line' id='line_1_5' title="bbox 157 761 1691 835; baseline 0 -18"><span class='ocrx_word' id='word_1_23' title='bbox 157 775 237 832; x_wconf 60' lang='lat' dir='ltr'><strong>(ut</strong></span> <span class='ocrx_word' id='word_1_24' title='bbox 262 764 521 817; x_wconf 77' lang='lat' dir='ltr'><strong>Miillerus</strong></span> <span class='ocrx_word' id='word_1_25' title='bbox 543 763 599 815; x_wconf 92' lang='lat' dir='ltr'><strong>in</strong></span> <span class='ocrx_word' id='word_1_26' title='bbox 626 764 760 816; x_wconf 83' lang='lat' dir='ltr'><strong>Dor.</strong></span> <span class='ocrx_word' id='word_1_27' title='bbox 786 763 844 829; x_wconf 88' lang='grc' dir='ltr'><strong>Ι,</strong></span> <span class='ocrx_word' id='word_1_28' title='bbox 877 761 1023 834; x_wconf 80' lang='lat'><strong>278)</strong></span> <span class='ocrx_word' id='word_1_29' title='bbox 1057 775 1282 817; x_wconf 88' lang='lat' dir='ltr'><strong>censent</strong></span> <span class='ocrx_word' id='word_1_30' title='bbox 1302 764 1481 835; x_wconf 86' lang='lat' dir='ltr'><strong>ipsum</strong></span> <span class='ocrx_word' id='word_1_31' title='bbox 1509 766 1691 817; x_wconf 84' lang='lat' dir='ltr'><strong>Heca-</strong></span> 
     </span>
     <span class='ocr_line' id='line_1_6' title="bbox 158 848 1688 924; baseline -0.001 -19"><span class='ocrx_word' id='word_1_32' title='bbox 158 864 306 905; x_wconf 79' lang='lat' dir='ltr'><strong>taeum</strong></span> <span class='ocrx_word' id='word_1_33' title='bbox 343 848 641 904; x_wconf 81' lang='lat' dir='ltr'><strong>credidisse</strong></span> <span class='ocrx_word' id='word_1_34' title='bbox 690 868 883 904; x_wconf 75' lang='lat' dir='ltr'><strong>revera</strong></span> <span class='ocrx_word' id='word_1_35' title='bbox 926 868 1039 904; x_wconf 72' lang='lat' dir='ltr'><strong>esoe</strong></span> <span class='ocrx_word' id='word_1_36' title='bbox 1082 851 1361 923; x_wconf 89' lang='lat' dir='ltr'><strong>populum</strong></span> <span class='ocrx_word' id='word_1_37' title='bbox 1406 850 1688 924; x_wconf 85' lang='lat' dir='ltr'><strong>quendam</strong></span> 
     </span>
     <span class='ocr_line' id='line_1_7' title="bbox 158 939 1687 1011; baseline -0.001 -17"><span class='ocrx_word' id='word_1_38' title='bbox 158 939 669 1010; x_wconf 76' lang='lat' dir='ltr'><strong>Hyperboreorum,</strong></span> <span class='ocrx_word' id='word_1_39' title='bbox 710 955 807 992; x_wconf 87' lang='lat' dir='ltr'><strong>eos</strong></span> <span class='ocrx_word' id='word_1_40' title='bbox 851 955 1047 992; x_wconf 88' lang='lat' dir='ltr'><strong>errore</strong></span> <span class='ocrx_word' id='word_1_41' title='bbox 1076 939 1255 992; x_wconf 88' lang='lat' dir='ltr'><strong>teneri</strong></span> <span class='ocrx_word' id='word_1_42' title='bbox 1281 939 1421 992; x_wconf 83' lang='lat' dir='ltr'><strong>mihi</strong></span> <span class='ocrx_word' id='word_1_43' title='bbox 1459 956 1687 1011; x_wconf 86' lang='lat' dir='ltr'><strong>persua·</strong></span> 
     </span>
     <span class='ocr_line' id='line_1_8' title="bbox 154 1024 1687 1099; baseline 0.003 -22"><span class='ocrx_word' id='word_1_44' title='bbox 154 1046 261 1082; x_wconf 79' lang='lat' dir='ltr'><strong>sum</strong></span> <span class='ocrx_word' id='word_1_45' title='bbox 288 1036 386 1082; x_wconf 87' lang='lat' dir='ltr'><strong>est.</strong></span> <span class='ocrx_word' id='word_1_46' title='bbox 416 1026 560 1080; x_wconf 84' lang='lat' dir='ltr'><strong>Sane</strong></span> <span class='ocrx_word' id='word_1_47' title='bbox 589 1024 821 1096; x_wconf 86' lang='lat' dir='ltr'><strong>quidem</strong></span> <span class='ocrx_word' id='word_1_48' title='bbox 861 1024 1004 1078; x_wconf 80' lang='lat' dir='ltr'><strong>dixit</strong></span> <span class='ocrx_word' id='word_1_49' title='bbox 1052 1025 1340 1080; x_wconf 83' lang='lat' dir='ltr'><strong>Hecataeus</strong></span> <span class='ocrx_word' id='word_1_50' title='bbox 1376 1027 1687 1099; x_wconf 78' lang='lat' dir='ltr'><strong>Hyperbo-</strong></span> 
     </span>
     <span class='ocr_line' id='line_1_9' title="bbox 156 1108 1689 1188; baseline 0 -20"><span class='ocrx_word' id='word_1_51' title='bbox 156 1133 267 1168; x_wconf 87' lang='lat' dir='ltr'><strong>reos</strong></span> <span class='ocrx_word' id='word_1_52' title='bbox 288 1111 357 1167; x_wconf 85' lang='lat' dir='ltr'><strong>ad</strong></span> <span class='ocrx_word' id='word_1_53' title='bbox 384 1130 481 1166; x_wconf 89' lang='lat' dir='ltr'><strong>sua</strong></span> <span class='ocrx_word' id='word_1_54' title='bbox 505 1129 685 1183; x_wconf 81' lang='lat' dir='ltr'><strong>usque</strong></span> <span class='ocrx_word' id='word_1_55' title='bbox 710 1121 963 1184; x_wconf 87' lang='lat' dir='ltr'><strong>tempora</strong></span> <span class='ocrx_word' id='word_1_56' title='bbox 989 1112 1299 1184; x_wconf 86' lang='lat' dir='ltr'><strong>perdurare</strong></span> <span class='ocrx_word' id='word_1_57' title='bbox 1326 1112 1423 1186; x_wconf 87' lang='lat' dir='ltr'><strong>(fr.</strong></span> <span class='ocrx_word' id='word_1_58' title='bbox 1465 1132 1485 1166; x_wconf 83' lang='grc' dir='ltr'><strong>ι</strong></span> <span class='ocrx_word' id='word_1_59' title='bbox 1508 1108 1560 1188; x_wconf 85' lang='lat'><strong>);</strong></span> <span class='ocrx_word' id='word_1_60' title='bbox 1590 1113 1689 1168; x_wconf 87' lang='lat' dir='ltr'><strong>sed</strong></span> 
     </span>
     <span class='ocr_line' id='line_1_10' title="bbox 155 1198 1688 1273; baseline -0.001 -19"><span class='ocrx_word' id='word_1_61' title='bbox 155 1201 277 1273; x_wconf 86' lang='lat' dir='ltr'><strong>quid</strong></span> <span class='ocrx_word' id='word_1_62' title='bbox 300 1201 405 1253; x_wconf 88' lang='lat' dir='ltr'><strong>hoc</strong></span> <span class='ocrx_word' id='word_1_63' title='bbox 434 1198 681 1271; x_wconf 77' lang='lat' dir='ltr'><strong>probat?</strong></span> <span class='ocrx_word' id='word_1_64' title='bbox 706 1200 889 1268; x_wconf 80' lang='lat' dir='ltr'><strong>Nihil,</strong></span> <span class='ocrx_word' id='word_1_65' title='bbox 918 1211 1088 1273; x_wconf 89' lang='lat' dir='ltr'><strong>puto,</strong></span> <span class='ocrx_word' id='word_1_66' title='bbox 1114 1201 1219 1254; x_wconf 87' lang='lat' dir='ltr'><strong>nisi</strong></span> <span class='ocrx_word' id='word_1_67' title='bbox 1252 1199 1411 1273; x_wconf 89' lang='lat' dir='ltr'><strong>quod</strong></span> <span class='ocrx_word' id='word_1_68' title='bbox 1438 1199 1609 1256; x_wconf 85' lang='lat' dir='ltr'><strong>fidem</strong></span> <span class='ocrx_word' id='word_1_69' title='bbox 1632 1211 1688 1256; x_wconf 87' lang='lat' dir='ltr'><strong>et</strong></span> 
     </span>
     <span class='ocr_line' id='line_1_11' title="bbox 154 1291 1686 1365; baseline -0.001 -15"><span class='ocrx_word' id='word_1_70' title='bbox 154 1296 519 1350; x_wconf 72' lang='lat' dir='ltr'><strong>auctoritatem</strong></span> <span class='ocrx_word' id='word_1_71' title='bbox 561 1291 839 1365; x_wconf 85' lang='lat' dir='ltr'><strong>figmentis</strong></span> <span class='ocrx_word' id='word_1_72' title='bbox 872 1295 984 1348; x_wconf 85' lang='lat' dir='ltr'><strong>suis</strong></span> <span class='ocrx_word' id='word_1_73' title='bbox 1007 1295 1307 1348; x_wconf 83' lang='lat' dir='ltr'><strong>conciliare</strong></span> <span class='ocrx_word' id='word_1_74' title='bbox 1332 1305 1531 1350; x_wconf 87' lang='lat' dir='ltr'><strong>auctor</strong></span> <span class='ocrx_word' id='word_1_75' title='bbox 1565 1304 1686 1350; x_wconf 86' lang='lat' dir='ltr'><strong>stu-</strong></span> 
     </span>
     <span class='ocr_line' id='line_1_12' title="bbox 153 1378 1684 1454; baseline 0 -18"><span class='ocrx_word' id='word_1_76' title='bbox 153 1383 339 1438; x_wconf 84' lang='lat' dir='ltr'><strong>duerit.</strong></span> <span class='ocrx_word' id='word_1_77' title='bbox 367 1383 563 1452; x_wconf 86' lang='lat' dir='ltr'><strong>Neque</strong></span> <span class='ocrx_word' id='word_1_78' title='bbox 589 1380 742 1435; x_wconf 87' lang='lat' dir='ltr'><strong>aliud</strong></span> <span class='ocrx_word' id='word_1_79' title='bbox 764 1380 905 1434; x_wconf 72' lang='lat' dir='ltr'><strong>inest</strong></span> <span class='ocrx_word' id='word_1_80' title='bbox 926 1378 1397 1453; x_wconf 84' lang='lat' dir='ltr'><strong>descriptionibus</strong></span> <span class='ocrx_word' id='word_1_81' title='bbox 1416 1382 1531 1436; x_wconf 90' lang='lat' dir='ltr'><strong>istis</strong></span> <span class='ocrx_word' id='word_1_82' title='bbox 1552 1399 1684 1454; x_wconf 80' lang='lat' dir='ltr'><strong>geo·</strong></span> 
     </span>
     <span class='ocr_line' id='line_1_13' title="bbox 152 1466 1683 1545; baseline -0.001 -21"><span class='ocrx_word' id='word_1_83' title='bbox 152 1466 431 1545; x_wconf 80' lang='lat' dir='ltr'><strong>graphicis,</strong></span> <span class='ocrx_word' id='word_1_84' title='bbox 458 1485 601 1540; x_wconf 79' lang='lat' dir='ltr'><strong>quas</strong></span> <span class='ocrx_word' id='word_1_85' title='bbox 639 1468 897 1522; x_wconf 86' lang='lat' dir='ltr'><strong>nonnulli</strong></span> <span class='ocrx_word' id='word_1_86' title='bbox 937 1468 1089 1522; x_wconf 88' lang='lat' dir='ltr'><strong>inani</strong></span> <span class='ocrx_word' id='word_1_87' title='bbox 1112 1486 1243 1523; x_wconf 89' lang='lat' dir='ltr'><strong>sane</strong></span> <span class='ocrx_word' id='word_1_88' title='bbox 1278 1469 1512 1523; x_wconf 84' lang='lat' dir='ltr'><strong>consilio</strong></span> <span class='ocrx_word' id='word_1_89' title='bbox 1549 1469 1683 1523; x_wconf 86' lang='lat' dir='ltr'><strong>dili-</strong></span> 
     </span>
     <span class='ocr_line' id='line_1_14' title="bbox 153 1553 1244 1631; baseline -0.001 -20"><span class='ocrx_word' id='word_1_90' title='bbox 153 1556 440 1631; x_wconf 80' lang='lat' dir='ltr'><strong>gentissime</strong></span> <span class='ocrx_word' id='word_1_91' title='bbox 468 1553 870 1609; x_wconf 81' lang='lat' dir='ltr'><strong>examinandas</strong></span> <span class='ocrx_word' id='word_1_92' title='bbox 891 1571 1005 1608; x_wconf 85' lang='lat' dir='ltr'><strong>esse</strong></span> <span class='ocrx_word' id='word_1_93' title='bbox 1022 1566 1244 1626; x_wconf 83' lang='lat' dir='ltr'><strong>putant.</strong></span> 
     </span>
    </p>

    <p class='ocr_par' dir='ltr' id='par_1_5' title="bbox 148 1641 1683 2413">
     <span class='ocr_line' id='line_1_15' title="bbox 220 1641 1683 1716; baseline -0.001 -18"><span class='ocrx_word' id='word_1_94' title='bbox 220 1648 502 1716; x_wconf 64' lang='lat' dir='ltr'><strong>AEqunias</strong></span> <span class='ocrx_word' id='word_1_95' title='bbox 548 1641 809 1696; x_wconf 73' lang='lat' dir='ltr'><strong>lie&#39;seorias</strong></span> <span class='ocrx_word' id='word_1_96' title='bbox 859 1641 1129 1713; x_wconf 80' lang='lat' dir='ltr'><strong>expressis</strong></span> <span class='ocrx_word' id='word_1_97' title='bbox 1176 1642 1363 1696; x_wconf 84' lang='lat' dir='ltr'><strong>verbis</strong></span> <span class='ocrx_word' id='word_1_98' title='bbox 1408 1654 1683 1699; x_wconf 85' lang='lat' dir='ltr'><strong>memorat</strong></span> 
     </span>
     <span class='ocr_line' id='line_1_16' title="bbox 152 1729 1680 1808; baseline -0.002 -21"><span class='ocrx_word' id='word_1_99' title='bbox 152 1733 416 1788; x_wconf 90' lang='lat' dir='ltr'><strong>Diodorus</strong></span> <span class='ocrx_word' id='word_1_100' title='bbox 444 1729 553 1802; x_wconf 84' lang='lat' dir='ltr'><strong>(fr.</strong></span> <span class='ocrx_word' id='word_1_101' title='bbox 590 1729 710 1803; x_wconf 72' lang='grc' dir='ltr'>ια).</span> <span class='ocrx_word' id='word_1_102' title='bbox 743 1729 913 1802; x_wconf 81' lang='lat' dir='ltr'><strong>Apud</strong></span> <span class='ocrx_word' id='word_1_103' title='bbox 941 1730 1250 1802; x_wconf 79' lang='lat' dir='ltr'><strong>Diogenem</strong></span> <span class='ocrx_word' id='word_1_104' title='bbox 1279 1730 1462 1785; x_wconf 84' lang='lat' dir='ltr'><strong>Laert.</strong></span> <span class='ocrx_word' id='word_1_105' title='bbox 1499 1731 1598 1804; x_wconf 78' lang='lat' dir='ltr'><strong>(fr.</strong></span> <span class='ocrx_word' id='word_1_106' title='bbox 1629 1729 1680 1808; x_wconf 82' lang='lat'><strong>7)</strong></span> 
     </span>
     <span class='ocr_line' id='line_1_17' title="bbox 152 1811 1682 1893; baseline 0 -19"><span class='ocrx_word' id='word_1_107' title='bbox 152 1819 386 1874; x_wconf 81' lang='lat' dir='ltr'><strong>laudatur</strong></span> <span class='ocrx_word' id='word_1_108' title='bbox 419 1820 712 1872; x_wconf 78' lang='lat' dir='ltr'><strong>Hecataeus</strong></span> <span class='ocrx_word' id='word_1_109' title='bbox 740 1815 791 1870; x_wconf 77' lang='grc' dir='ltr'><strong>ἐν</strong></span> <span class='ocrx_word' id='word_1_110' title='bbox 819 1817 884 1890; x_wconf 81' lang='grc' dir='ltr'><strong>τῇ</strong></span> <span class='ocrx_word' id='word_1_111' title='bbox 913 1811 1095 1890; x_wconf 79' lang='grc' dir='ltr'>πρώτῃ</span> <span class='ocrx_word' id='word_1_112' title='bbox 1120 1814 1238 1893; x_wconf 69' lang='grc' dir='ltr'><strong>περὶ</strong></span> <span class='ocrx_word' id='word_1_113' title='bbox 1262 1819 1353 1883; x_wconf 73' lang='grc' dir='ltr'><strong>τῆς</strong></span> <span class='ocrx_word' id='word_1_114' title='bbox 1384 1817 1682 1891; x_wconf 67' lang='grc' dir='ltr'>Αἰγυπτίων</span> 
     </span>
     <span class='ocr_line' id='line_1_18' title="bbox 151 1902 1681 1980; baseline 0.001 -20"><span class='ocrx_word' id='word_1_115' title='bbox 151 1902 454 1980; x_wconf 55' lang='grc' dir='ltr'>φιλοσοφίας</span> <span class='ocrx_word' id='word_1_116' title='bbox 479 1903 691 1976; x_wconf 83' lang='lat' dir='ltr'><strong>quibus</strong></span> <span class='ocrx_word' id='word_1_117' title='bbox 718 1913 903 1957; x_wconf 89' lang='lat' dir='ltr'><strong>tamen</strong></span> <span class='ocrx_word' id='word_1_118' title='bbox 932 1920 1048 1957; x_wconf 85' lang='lat' dir='ltr'><strong>non</strong></span> <span class='ocrx_word' id='word_1_119' title='bbox 1070 1904 1353 1975; x_wconf 82' lang='lat' dir='ltr'><strong>peculiare</strong></span> <span class='ocrx_word' id='word_1_120' title='bbox 1383 1922 1552 1977; x_wconf 89' lang='lat' dir='ltr'><strong>opus,</strong></span> <span class='ocrx_word' id='word_1_121' title='bbox 1582 1906 1681 1961; x_wconf 90' lang='lat' dir='ltr'><strong>sed</strong></span> 
     </span>
     <span class='ocr_line' id='line_1_19' title="bbox 149 1989 1676 2065; baseline 0.002 -19"><span class='ocrx_word' id='word_1_122' title='bbox 149 1993 367 2065; x_wconf 81' lang='lat' dir='ltr'><strong>primam</strong></span> <span class='ocrx_word' id='word_1_123' title='bbox 420 2001 645 2064; x_wconf 88' lang='lat' dir='ltr'><strong>partem</strong></span> <span class='ocrx_word' id='word_1_124' title='bbox 688 1990 1056 2062; x_wconf 67' lang='lat' dir='ltr'><strong>Egyptiaci-&#39;iv</strong></span> <span class='ocrx_word' id='word_1_125' title='bbox 1110 1989 1347 2044; x_wconf 89' lang='lat' dir='ltr'><strong>indicari</strong></span> <span class='ocrx_word' id='word_1_126' title='bbox 1402 1993 1676 2065; x_wconf 86' lang='lat' dir='ltr'><strong>suspicor.</strong></span> 
     </span>
     <span class='ocr_line' id='line_1_20' title="bbox 150 2076 1682 2137; baseline 0.002 -4"><span class='ocrx_word' id='word_1_127' title='bbox 150 2078 449 2133; x_wconf 76' lang='lat' dir='ltr'><strong>Admodum</strong></span> <span class='ocrx_word' id='word_1_128' title='bbox 483 2077 728 2131; x_wconf 86' lang='lat' dir='ltr'><strong>multum</strong></span> <span class='ocrx_word' id='word_1_129' title='bbox 758 2078 1075 2131; x_wconf 74' lang='lat' dir='ltr'><strong>Hecataeum</strong></span> <span class='ocrx_word' id='word_1_130' title='bbox 1112 2076 1274 2131; x_wconf 82' lang='lat' dir='ltr'><strong>fuisse</strong></span> <span class='ocrx_word' id='word_1_131' title='bbox 1312 2078 1383 2133; x_wconf 90' lang='lat' dir='ltr'><strong>de</strong></span> <span class='ocrx_word' id='word_1_132' title='bbox 1420 2079 1682 2137; x_wconf 85' lang='lat' dir='ltr'><strong>doctrina</strong></span> 
     </span>
     <span class='ocr_line' id='line_1_21' title="bbox 151 2163 1679 2241; baseline 0 -22"><span class='ocrx_word' id='word_1_133' title='bbox 151 2166 519 2238; x_wconf 56' lang='lat' dir='ltr'><strong>[Egyptiorum</strong></span> <span class='ocrx_word' id='word_1_134' title='bbox 550 2163 942 2237; x_wconf 83' lang='lat' dir='ltr'><strong>cosmogonica</strong></span> <span class='ocrx_word' id='word_1_135' title='bbox 972 2163 1158 2235; x_wconf 79' lang='lat' dir='ltr'><strong>deque</strong></span> <span class='ocrx_word' id='word_1_136' title='bbox 1186 2165 1402 2238; x_wconf 89' lang='lat' dir='ltr'><strong>reliqua</strong></span> <span class='ocrx_word' id='word_1_137' title='bbox 1441 2169 1679 2241; x_wconf 81' lang='lat' dir='ltr'><strong>mytho-</strong></span> 
     </span>
     <span class='ocr_line' id='line_1_22' title="bbox 150 2245 1680 2326; baseline 0.006 -21"><span class='ocrx_word' id='word_1_138' title='bbox 150 2253 303 2326; x_wconf 70' lang='lat' dir='ltr'><strong>logia,</strong></span> <span class='ocrx_word' id='word_1_139' title='bbox 328 2263 492 2324; x_wconf 80' lang='lat' dir='ltr'><strong>atque</strong></span> <span class='ocrx_word' id='word_1_140' title='bbox 520 2245 1020 2305; x_wconf 84' lang='lat' dir='ltr'><strong>monumentorum</strong></span> <span class='ocrx_word' id='word_1_141' title='bbox 1042 2250 1443 2324; x_wconf 79' lang='lat' dir='ltr'><strong>descriptiones</strong></span> <span class='ocrx_word' id='word_1_142' title='bbox 1462 2255 1680 2314; x_wconf 79' lang='lat' dir='ltr'><strong>dedisse</strong></span> 
     </span>
     <span class='ocr_line' id='line_1_23' title="bbox 148 2337 1190 2413; baseline 0.002 -22"><span class='ocrx_word' id='word_1_143' title='bbox 148 2339 434 2393; x_wconf 85' lang='lat' dir='ltr'><strong>uberrimas</strong></span> <span class='ocrx_word' id='word_1_144' title='bbox 464 2348 621 2412; x_wconf 88' lang='lat' dir='ltr'><strong>patet</strong></span> <span class='ocrx_word' id='word_1_145' title='bbox 655 2356 722 2391; x_wconf 80' lang='lat' dir='ltr'><strong>ex</strong></span> <span class='ocrx_word' id='word_1_146' title='bbox 751 2337 1073 2410; x_wconf 76' lang='lat' dir='ltr'><strong>fragmentis</strong></span> <span class='ocrx_word' id='word_1_147' title='bbox 1098 2337 1190 2413; x_wconf 63' lang='grc' dir='ltr'><strong>(Ἴ.</strong></span> 
     </span>
    </p>

    <p class='ocr_par' dir='ltr' id='par_1_6' title="bbox 147 2423 1678 3634">
     <span class='ocr_line' id='line_1_24' title="bbox 219 2423 1675 2505; baseline 0.003 -22"><span class='ocrx_word' id='word_1_148' title='bbox 219 2423 363 2504; x_wconf 80' lang='grc' dir='ltr'>Περὶ</span> <span class='ocrx_word' id='word_1_149' title='bbox 393 2423 731 2483; x_wconf 79' lang='grc' dir='ltr'>Ἰουδαίων</span> <span class='ocrx_word' id='word_1_150' title='bbox 761 2423 1014 2500; x_wconf 76' lang='grc' dir='ltr'>βιὸλίον</span> <span class='ocrx_word' id='word_1_151' title='bbox 1044 2427 1115 2481; x_wconf 88' lang='lat' dir='ltr'><strong>ab</strong></span> <span class='ocrx_word' id='word_1_152' title='bbox 1146 2429 1405 2484; x_wconf 82' lang='lat' dir='ltr'><strong>Hecataeo</strong></span> <span class='ocrx_word' id='word_1_153' title='bbox 1436 2449 1675 2505; x_wconf 88' lang='lat' dir='ltr'><strong>compo-</strong></span> 
     </span>
     <span class='ocr_line' id='line_1_25' title="bbox 147 2514 1673 2594; baseline 0.005 -27"><span class='ocrx_word' id='word_1_154' title='bbox 147 2514 293 2567; x_wconf 84' lang='lat' dir='ltr'><strong>situm</strong></span> <span class='ocrx_word' id='word_1_155' title='bbox 315 2533 424 2569; x_wconf 86' lang='lat' dir='ltr'><strong>esse</strong></span> <span class='ocrx_word' id='word_1_156' title='bbox 450 2524 726 2570; x_wconf 80' lang='lat' dir='ltr'><strong>testantur</strong></span> <span class='ocrx_word' id='word_1_157' title='bbox 741 2514 1018 2586; x_wconf 67' lang='lat' dir='ltr'><strong>josephus</strong></span> <span class='ocrx_word' id='word_1_158' title='bbox 1037 2515 1097 2571; x_wconf 90' lang='lat' dir='ltr'><strong>C.</strong></span> <span class='ocrx_word' id='word_1_159' title='bbox 1122 2519 1232 2587; x_wconf 80' lang='lat' dir='ltr'><strong>Ap.</strong></span> <span class='ocrx_word' id='word_1_160' title='bbox 1262 2517 1318 2584; x_wconf 92' lang='lat'><strong>1,</strong></span> <span class='ocrx_word' id='word_1_161' title='bbox 1342 2536 1414 2571; x_wconf 76' lang='lat' dir='ltr'><strong>aa</strong></span> <span class='ocrx_word' id='word_1_162' title='bbox 1446 2520 1541 2589; x_wconf 68' lang='lat' dir='ltr'><strong>(fr.</strong></span> <span class='ocrx_word' id='word_1_163' title='bbox 1574 2522 1673 2594; x_wconf 73' lang='lat'><strong>14)</strong></span> 
     </span>
     <span class='ocr_line' id='line_1_26' title="bbox 148 2599 1678 2674; baseline 0.007 -21"><span class='ocrx_word' id='word_1_164' title='bbox 148 2611 195 2653; x_wconf 89' lang='lat' dir='ltr'><strong>et</strong></span> <span class='ocrx_word' id='word_1_165' title='bbox 211 2601 462 2674; x_wconf 82' lang='lat' dir='ltr'><strong>Origenes</strong></span> <span class='ocrx_word' id='word_1_166' title='bbox 488 2602 554 2658; x_wconf 91' lang='lat' dir='ltr'><strong>C.</strong></span> <span class='ocrx_word' id='word_1_167' title='bbox 589 2600 730 2656; x_wconf 89' lang='lat' dir='ltr'><strong>Cels.</strong></span> <span class='ocrx_word' id='word_1_168' title='bbox 763 2601 823 2668; x_wconf 90' lang='lat'><strong>1,</strong></span> <span class='ocrx_word' id='word_1_169' title='bbox 862 2599 948 2656; x_wconf 84' lang='lat'><strong>15.</strong></span> <span class='ocrx_word' id='word_1_170' title='bbox 974 2601 1062 2655; x_wconf 77' lang='lat' dir='ltr'><strong>Ab</strong></span> <span class='ocrx_word' id='word_1_171' title='bbox 1090 2620 1160 2656; x_wconf 90' lang='lat' dir='ltr'><strong>eo</strong></span> <span class='ocrx_word' id='word_1_172' title='bbox 1189 2603 1336 2658; x_wconf 87' lang='lat' dir='ltr'><strong>libro</strong></span> <span class='ocrx_word' id='word_1_173' title='bbox 1360 2624 1477 2660; x_wconf 90' lang='lat' dir='ltr'><strong>non</strong></span> <span class='ocrx_word' id='word_1_174' title='bbox 1496 2607 1678 2664; x_wconf 86' lang='lat' dir='ltr'><strong>diver-</strong></span> 
     </span>
     <span class='ocr_line' id='line_1_27' title="bbox 147 2684 1672 2770; baseline 0.009 -30"><span class='ocrx_word' id='word_1_175' title='bbox 147 2706 223 2740; x_wconf 84' lang='lat' dir='ltr'><strong>sus</strong></span> <span class='ocrx_word' id='word_1_176' title='bbox 252 2688 402 2744; x_wconf 83' lang='lat' dir='ltr'><strong>fuisse</strong></span> <span class='ocrx_word' id='word_1_177' title='bbox 428 2689 660 2743; x_wconf 80' lang='lat' dir='ltr'><strong>videtur</strong></span> <span class='ocrx_word' id='word_1_178' title='bbox 703 2684 902 2764; x_wconf 76' lang='grc' dir='ltr'>βιὸλίον</span> <span class='ocrx_word' id='word_1_179' title='bbox 946 2686 1079 2765; x_wconf 80' lang='grc' dir='ltr'>Περὶ</span> <span class='ocrx_word' id='word_1_180' title='bbox 1122 2687 1384 2767; x_wconf 78' lang='grc' dir='ltr'>Ἀὅράμου</span> <span class='ocrx_word' id='word_1_181' title='bbox 1412 2691 1672 2770; x_wconf 88' lang='lat' dir='ltr'><strong>(Joseph.</strong></span> 
     </span>
     <span class='ocr_line' id='line_1_28' title="bbox 148 2775 1676 2857; baseline 0.007 -29"><span class='ocrx_word' id='word_1_182' title='bbox 148 2778 263 2830; x_wconf 82' lang='lat' dir='ltr'><strong>Ant.</strong></span> <span class='ocrx_word' id='word_1_183' title='bbox 294 2775 420 2830; x_wconf 85' lang='lat' dir='ltr'><strong>Jud.</strong></span> <span class='ocrx_word' id='word_1_184' title='bbox 448 2778 504 2846; x_wconf 94' lang='lat'><strong>1,</strong></span> <span class='ocrx_word' id='word_1_185' title='bbox 536 2795 569 2845; x_wconf 95' lang='lat'><strong>7</strong></span> <span class='ocrx_word' id='word_1_186' title='bbox 589 2817 604 2844; x_wconf 89' lang='lat'><strong>,</strong></span> <span class='ocrx_word' id='word_1_187' title='bbox 646 2795 708 2844; x_wconf 81' lang='lat'><strong>2;</strong></span> <span class='ocrx_word' id='word_1_188' title='bbox 739 2775 807 2832; x_wconf 86' lang='lat' dir='ltr'><strong>fr.</strong></span> <span class='ocrx_word' id='word_1_189' title='bbox 853 2776 988 2849; x_wconf 88' lang='lat'><strong>16),</strong></span> <span class='ocrx_word' id='word_1_190' title='bbox 1022 2779 1137 2832; x_wconf 82' lang='lat' dir='ltr'><strong>sive</strong></span> <span class='ocrx_word' id='word_1_191' title='bbox 1164 2775 1223 2833; x_wconf 81' lang='grc' dir='ltr'><strong>τὸ</strong></span> <span class='ocrx_word' id='word_1_192' title='bbox 1263 2781 1381 2835; x_wconf 83' lang='grc' dir='ltr'>κατ’</span> <span class='ocrx_word' id='word_1_193' title='bbox 1409 2775 1676 2857; x_wconf 72' lang='grc' dir='ltr'>Ἄδραμον</span> 
     </span>
     <span class='ocr_line' id='line_1_29' title="bbox 147 2859 1675 2948; baseline 0.008 -33"><span class='ocrx_word' id='word_1_194' title='bbox 147 2860 224 2917; x_wconf 75' lang='grc' dir='ltr'><strong>καὶ</strong></span> <span class='ocrx_word' id='word_1_195' title='bbox 250 2859 358 2938; x_wconf 66' lang='grc' dir='ltr'>τοὺς</span> <span class='ocrx_word' id='word_1_196' title='bbox 382 2859 730 2938; x_wconf 54' lang='grc' dir='ltr'>Αἰγυπτίους,</span> <span class='ocrx_word' id='word_1_197' title='bbox 756 2865 841 2917; x_wconf 87' lang='lat' dir='ltr'><strong>uti</strong></span> <span class='ocrx_word' id='word_1_198' title='bbox 865 2864 1118 2920; x_wconf 86' lang='lat' dir='ltr'><strong>Clemens</strong></span> <span class='ocrx_word' id='word_1_199' title='bbox 1146 2867 1304 2922; x_wconf 87' lang='lat' dir='ltr'><strong>Alex.</strong></span> <span class='ocrx_word' id='word_1_200' title='bbox 1339 2864 1354 2943; x_wconf 94' lang='lat'>(</span> <span class='ocrx_word' id='word_1_201' title='bbox 1378 2887 1432 2923; x_wconf 82' lang='lat' dir='ltr'><strong>v.</strong></span> <span class='ocrx_word' id='word_1_202' title='bbox 1466 2870 1533 2925; x_wconf 81' lang='lat' dir='ltr'><strong>sr.</strong></span> <span class='ocrx_word' id='word_1_203' title='bbox 1574 2869 1675 2948; x_wconf 83' lang='lat'><strong>18)</strong></span> 
     </span>
     <span class='ocr_line' id='line_1_30' title="bbox 149 2950 1672 3024; baseline 0.008 -21"><span class='ocrx_word' id='word_1_204' title='bbox 149 2950 292 3024; x_wconf 84' lang='lat' dir='ltr'><strong>dicit,</strong></span> <span class='ocrx_word' id='word_1_205' title='bbox 320 2971 517 3006; x_wconf 78' lang='lat' dir='ltr'><strong>novem</strong></span> <span class='ocrx_word' id='word_1_206' title='bbox 558 2970 751 3006; x_wconf 76' lang='lat' dir='ltr'><strong>versus</strong></span> <span class='ocrx_word' id='word_1_207' title='bbox 788 2953 1133 3024; x_wconf 87' lang='lat' dir='ltr'><strong>Sophocleos</strong></span> <span class='ocrx_word' id='word_1_208' title='bbox 1162 2972 1229 3008; x_wconf 83' lang='lat' dir='ltr'><strong>ex</strong></span> <span class='ocrx_word' id='word_1_209' title='bbox 1269 2973 1338 3010; x_wconf 88' lang='lat' dir='ltr'><strong>eo</strong></span> <span class='ocrx_word' id='word_1_210' title='bbox 1369 2955 1672 3016; x_wconf 85' lang='lat' dir='ltr'><strong>adducens.</strong></span> 
     </span>
     <span class='ocr_line' id='line_1_31' title="bbox 148 3041 1674 3112; baseline 0.006 -19"><span class='ocrx_word' id='word_1_211' title='bbox 148 3041 213 3093; x_wconf 80' lang='lat' dir='ltr'><strong>At</strong></span> <span class='ocrx_word' id='word_1_212' title='bbox 235 3058 412 3096; x_wconf 83' lang='lat' dir='ltr'><strong>versus</strong></span> <span class='ocrx_word' id='word_1_213' title='bbox 434 3042 571 3095; x_wconf 86' lang='lat' dir='ltr'><strong>istos</strong></span> <span class='ocrx_word' id='word_1_214' title='bbox 595 3058 707 3094; x_wconf 89' lang='lat' dir='ltr'><strong>esse</strong></span> <span class='ocrx_word' id='word_1_215' title='bbox 736 3059 769 3093; x_wconf 89' lang='lat' dir='ltr'><strong>a</strong></span> <span class='ocrx_word' id='word_1_216' title='bbox 796 3041 1072 3111; x_wconf 90' lang='lat' dir='ltr'><strong>sequioris</strong></span> <span class='ocrx_word' id='word_1_217' title='bbox 1099 3043 1199 3095; x_wconf 82' lang='lat' dir='ltr'><strong>aevi</strong></span> <span class='ocrx_word' id='word_1_218' title='bbox 1227 3043 1487 3112; x_wconf 88' lang='lat' dir='ltr'><strong>homine,</strong></span> <span class='ocrx_word' id='word_1_219' title='bbox 1517 3065 1548 3100; x_wconf 89' lang='lat' dir='ltr'><strong>a</strong></span> <span class='ocrx_word' id='word_1_220' title='bbox 1577 3050 1674 3102; x_wconf 90' lang='lat' dir='ltr'><strong>Ju-</strong></span> 
     </span>
     <span class='ocr_line' id='line_1_32' title="bbox 148 3125 1678 3197; baseline 0.009 -20"><span class='ocrx_word' id='word_1_221' title='bbox 148 3125 254 3179; x_wconf 86' lang='lat' dir='ltr'><strong>daeo</strong></span> <span class='ocrx_word' id='word_1_222' title='bbox 282 3127 425 3182; x_wconf 84' lang='lat' dir='ltr'><strong>baud</strong></span> <span class='ocrx_word' id='word_1_223' title='bbox 445 3129 621 3182; x_wconf 90' lang='lat' dir='ltr'><strong>dubie</strong></span> <span class='ocrx_word' id='word_1_224' title='bbox 645 3127 969 3197; x_wconf 77' lang='lat' dir='ltr'><strong>Uellenista,</strong></span> <span class='ocrx_word' id='word_1_225' title='bbox 1000 3128 1272 3185; x_wconf 82' lang='lat' dir='ltr'><strong>confictos</strong></span> <span class='ocrx_word' id='word_1_226' title='bbox 1286 3131 1501 3187; x_wconf 89' lang='lat' dir='ltr'><strong>dudum</strong></span> <span class='ocrx_word' id='word_1_227' title='bbox 1532 3137 1678 3192; x_wconf 84' lang='lat' dir='ltr'><strong>inter</strong></span> 
     </span>
     <span class='ocr_line' id='line_1_33' title="bbox 148 3217 1677 3296; baseline 0.009 -32"><span class='ocrx_word' id='word_1_228' title='bbox 148 3233 320 3269; x_wconf 83' lang='lat' dir='ltr'><strong>omnes</strong></span> <span class='ocrx_word' id='word_1_229' title='bbox 362 3227 597 3271; x_wconf 87' lang='lat' dir='ltr'><strong>constat.</strong></span> <span class='ocrx_word' id='word_1_230' title='bbox 647 3217 913 3270; x_wconf 87' lang='lat' dir='ltr'><strong>Similiter</strong></span> <span class='ocrx_word' id='word_1_231' title='bbox 952 3226 1135 3271; x_wconf 88' lang='lat' dir='ltr'><strong>totum</strong></span> <span class='ocrx_word' id='word_1_232' title='bbox 1176 3218 1247 3273; x_wconf 88' lang='lat' dir='ltr'><strong>de</strong></span> <span class='ocrx_word' id='word_1_233' title='bbox 1288 3220 1493 3274; x_wconf 81' lang='lat' dir='ltr'><strong>Judaeis</strong></span> <span class='ocrx_word' id='word_1_234' title='bbox 1537 3242 1677 3296; x_wconf 84' lang='lat' dir='ltr'><strong>opus</strong></span> 
     </span>
     <span class='ocr_line' id='line_1_34' title="bbox 152 3301 1672 3373; baseline 0.007 -21"><span class='ocrx_word' id='word_1_235' title='bbox 152 3301 381 3356; x_wconf 82' lang='lat' dir='ltr'><strong>Hecataeo</strong></span> <span class='ocrx_word' id='word_1_236' title='bbox 422 3302 712 3358; x_wconf 66' lang='lat' dir='ltr'><strong>Abderitae</strong></span> <span class='ocrx_word' id='word_1_237' title='bbox 761 3301 1199 3373; x_wconf 82' lang='lat' dir='ltr'><strong>abjudicandum</strong></span> <span class='ocrx_word' id='word_1_238' title='bbox 1246 3324 1359 3361; x_wconf 88' lang='lat' dir='ltr'><strong>esse</strong></span> <span class='ocrx_word' id='word_1_239' title='bbox 1424 3311 1672 3363; x_wconf 83' lang='lat' dir='ltr'><strong>unanimi</strong></span> 
     </span>
     <span class='ocr_line' id='line_1_35' title="bbox 148 3386 1675 3450; baseline 0.008 -11"><span class='ocrx_word' id='word_1_240' title='bbox 148 3386 247 3440; x_wconf 84' lang='lat' dir='ltr'><strong>scre</strong></span> <span class='ocrx_word' id='word_1_241' title='bbox 285 3408 550 3445; x_wconf 89' lang='lat' dir='ltr'><strong>consensu</strong></span> <span class='ocrx_word' id='word_1_242' title='bbox 592 3400 924 3444; x_wconf 84' lang='lat' dir='ltr'><strong>censuerunt</strong></span> <span class='ocrx_word' id='word_1_243' title='bbox 959 3390 1064 3443; x_wconf 80' lang='lat' dir='ltr'><strong>viri</strong></span> <span class='ocrx_word' id='word_1_244' title='bbox 1106 3390 1430 3448; x_wconf 88' lang='lat' dir='ltr'><strong>doctissimi.</strong></span> <span class='ocrx_word' id='word_1_245' title='bbox 1478 3397 1675 3450; x_wconf 84' lang='lat' dir='ltr'><strong>Facem</strong></span> 
     </span>
     <span class='ocr_line' id='line_1_36' title="bbox 150 3475 1674 3553; baseline 0.007 -24"><span class='ocrx_word' id='word_1_246' title='bbox 150 3478 375 3544; x_wconf 75' lang='lat' dir='ltr'><strong>praetulit</strong></span> <span class='ocrx_word' id='word_1_247' title='bbox 416 3479 737 3533; x_wconf 80' lang='lat' dir='ltr'><strong>Herennius</strong></span> <span class='ocrx_word' id='word_1_248' title='bbox 774 3478 933 3531; x_wconf 83' lang='lat' dir='ltr'><strong>Philo</strong></span> <span class='ocrx_word' id='word_1_249' title='bbox 959 3477 1111 3549; x_wconf 88' lang='lat' dir='ltr'><strong>apud</strong></span> <span class='ocrx_word' id='word_1_250' title='bbox 1140 3479 1439 3553; x_wconf 84' lang='lat' dir='ltr'><strong>Origenem</strong></span> <span class='ocrx_word' id='word_1_251' title='bbox 1468 3475 1674 3540; x_wconf 78' lang='lat' dir='ltr'><strong>Contra</strong></span> 
     </span>
     <span class='ocr_line' id='line_1_37' title="bbox 148 3563 824 3634; baseline 0.004 -19"><span class='ocrx_word' id='word_1_252' title='bbox 148 3563 344 3616; x_wconf 78' lang='lat' dir='ltr'><strong>Celsum</strong></span> <span class='ocrx_word' id='word_1_253' title='bbox 378 3566 412 3618; x_wconf 92' lang='lat' dir='ltr'><strong>l.</strong></span> <span class='ocrx_word' id='word_1_254' title='bbox 442 3566 514 3634; x_wconf 88' lang='lat' dir='ltr'><strong>l.,</strong></span> <span class='ocrx_word' id='word_1_255' title='bbox 540 3565 641 3618; x_wconf 86' lang='lat' dir='ltr'><strong>ubi</strong></span> <span class='ocrx_word' id='word_1_256' title='bbox 662 3565 779 3618; x_wconf 81' lang='lat' dir='ltr'><strong>baec</strong></span> <span class='ocrx_word' id='word_1_257' title='bbox 810 3583 824 3617; x_wconf 89' lang='lat'>:</span> 
     </span>
    </p>

    <p class='ocr_par' dir='ltr' id='par_1_7' title="bbox 141 3645 1676 4337">
     <span class='ocr_line' id='line_1_38' title="bbox 213 3645 1672 3729; baseline 0.003 -24"><span class='ocrx_word' id='word_1_258' title='bbox 213 3645 479 3707; x_wconf 74' lang='grc' dir='ltr'>Ἑκαταίου</span> <span class='ocrx_word' id='word_1_259' title='bbox 500 3654 594 3706; x_wconf 72' lang='grc' dir='ltr'>τοῦ</span> <span class='ocrx_word' id='word_1_260' title='bbox 619 3652 877 3727; x_wconf 76' lang='grc' dir='ltr'>ἱστορικοῦ</span> <span class='ocrx_word' id='word_1_261' title='bbox 902 3647 1113 3727; x_wconf 75' lang='grc' dir='ltr'>φέρεται</span> <span class='ocrx_word' id='word_1_262' title='bbox 1141 3648 1273 3728; x_wconf 69' lang='grc' dir='ltr'>Περὶ</span> <span class='ocrx_word' id='word_1_263' title='bbox 1299 3649 1564 3709; x_wconf 80' lang='grc' dir='ltr'>Ἰουδαίων</span> <span class='ocrx_word' id='word_1_264' title='bbox 1594 3657 1672 3729; x_wconf 84' lang='grc' dir='ltr'><strong>βι·</strong></span> 
     </span>
     <span class='ocr_line' id='line_1_39' title="bbox 145 3728 1675 3818; baseline 0.005 -27"><span class='ocrx_word' id='word_1_265' title='bbox 145 3732 270 3792; x_wconf 62' lang='lat' dir='ltr'><strong>ssim</strong></span> <span class='ocrx_word' id='word_1_266' title='bbox 286 3778 301 3805; x_wconf 89' lang='lat'><strong><em>‚</em></strong></span> <span class='ocrx_word' id='word_1_267' title='bbox 327 3738 377 3793; x_wconf 79' lang='grc' dir='ltr'><strong>ἐν</strong></span> <span class='ocrx_word' id='word_1_268' title='bbox 396 3728 440 3815; x_wconf 79' lang='grc' dir='ltr'>ᾧ</span> <span class='ocrx_word' id='word_1_269' title='bbox 462 3736 797 3816; x_wconf 74' lang='grc' dir='ltr'>προστίθεται</span> <span class='ocrx_word' id='word_1_270' title='bbox 825 3737 1022 3810; x_wconf 81' lang='grc' dir='ltr'>μᾶλλόν</span> <span class='ocrx_word' id='word_1_271' title='bbox 1046 3759 1156 3801; x_wconf 85' lang='grc' dir='ltr'><strong>πως</strong></span> <span class='ocrx_word' id='word_1_272' title='bbox 1182 3741 1251 3804; x_wconf 82' lang='grc' dir='ltr'><strong>ὡς</strong></span> <span class='ocrx_word' id='word_1_273' title='bbox 1272 3742 1417 3817; x_wconf 70' lang='grc' dir='ltr'>σοφῷ</span> <span class='ocrx_word' id='word_1_274' title='bbox 1447 3744 1520 3818; x_wconf 81' lang='grc' dir='ltr'><strong>τῷ</strong></span> <span class='ocrx_word' id='word_1_275' title='bbox 1546 3740 1675 3799; x_wconf 78' lang='grc' dir='ltr'>ἔθνει</span> 
     </span>
     <span class='ocr_line' id='line_1_40' title="bbox 144 3820 1671 3908; baseline 0.008 -33"><span class='ocrx_word' id='word_1_276' title='bbox 144 3820 219 3877; x_wconf 82' lang='grc' dir='ltr'><strong>ἐπὶ</strong></span> <span class='ocrx_word' id='word_1_277' title='bbox 254 3830 518 3897; x_wconf 74' lang='grc' dir='ltr'>τοσοῦτον,</span> <span class='ocrx_word' id='word_1_278' title='bbox 561 3829 629 3890; x_wconf 84' lang='grc' dir='ltr'><strong>ὡς</strong></span> <span class='ocrx_word' id='word_1_279' title='bbox 657 3825 746 3881; x_wconf 79' lang='grc' dir='ltr'>καὶ</span> <span class='ocrx_word' id='word_1_280' title='bbox 791 3823 1051 3902; x_wconf 73' lang='grc' dir='ltr'>Ἑρέννιον</span> <span class='ocrx_word' id='word_1_281' title='bbox 1083 3824 1303 3884; x_wconf 77' lang='grc' dir='ltr'>Φίλωνα</span> <span class='ocrx_word' id='word_1_282' title='bbox 1349 3829 1401 3884; x_wconf 80' lang='grc' dir='ltr'><strong>ἐν</strong></span> <span class='ocrx_word' id='word_1_283' title='bbox 1438 3833 1512 3906; x_wconf 78' lang='grc' dir='ltr'><strong>τῷ</strong></span> <span class='ocrx_word' id='word_1_284' title='bbox 1540 3831 1671 3908; x_wconf 77' lang='grc' dir='ltr'>Περὶ</span> 
     </span>
     <span class='ocr_line' id='line_1_41' title="bbox 145 3903 1675 3992; baseline 0.004 -28"><span class='ocrx_word' id='word_1_285' title='bbox 145 3903 389 3966; x_wconf 72' lang='grc' dir='ltr'>Ἰουδαίων</span> <span class='ocrx_word' id='word_1_286' title='bbox 422 3909 797 3988; x_wconf 78' lang='grc' dir='ltr'>συγγράμματι</span> <span class='ocrx_word' id='word_1_287' title='bbox 839 3914 1044 3990; x_wconf 82' lang='grc' dir='ltr'>πρῶτον</span> <span class='ocrx_word' id='word_1_288' title='bbox 1086 3911 1181 3986; x_wconf 81' lang='grc' dir='ltr'><strong>μὲν</strong></span> <span class='ocrx_word' id='word_1_289' title='bbox 1214 3912 1562 3992; x_wconf 67' lang='grc' dir='ltr'>ἀμφιθάλλειν</span> <span class='ocrx_word' id='word_1_290' title='bbox 1582 3957 1597 3985; x_wconf 90' lang='grc'><strong>,</strong></span> <span class='ocrx_word' id='word_1_291' title='bbox 1631 3916 1675 3970; x_wconf 75' lang='grc' dir='ltr'><strong>εἰ</strong></span> 
     </span>
     <span class='ocr_line' id='line_1_42' title="bbox 142 3999 1676 4080; baseline 0.007 -32"><span class='ocrx_word' id='word_1_292' title='bbox 142 3999 220 4050; x_wconf 76' lang='grc' dir='ltr'>τοῦ</span> <span class='ocrx_word' id='word_1_293' title='bbox 245 3999 494 4076; x_wconf 78' lang='grc' dir='ltr'>ἱστορικοῦ</span> <span class='ocrx_word' id='word_1_294' title='bbox 525 4002 637 4057; x_wconf 81' lang='grc' dir='ltr'>ἐστι</span> <span class='ocrx_word' id='word_1_295' title='bbox 662 3999 721 4056; x_wconf 87' lang='grc' dir='ltr'><strong>τὸ</strong></span> <span class='ocrx_word' id='word_1_296' title='bbox 748 3999 1066 4076; x_wconf 81' lang='grc' dir='ltr'>σύγγραμμα</span> <span class='ocrx_word' id='word_1_297' title='bbox 1088 4043 1103 4068; x_wconf 88' lang='grc'><em>,</em></span> <span class='ocrx_word' id='word_1_298' title='bbox 1137 3999 1370 4080; x_wconf 78' lang='grc' dir='ltr'>δεύτερον</span> <span class='ocrx_word' id='word_1_299' title='bbox 1398 3999 1452 4058; x_wconf 75' lang='grc' dir='ltr'><strong>δὲ</strong></span> <span class='ocrx_word' id='word_1_300' title='bbox 1482 4000 1676 4075; x_wconf 78' lang='grc' dir='ltr'>λέγειν,</span> 
     </span>
     <span class='ocr_line' id='line_1_43' title="bbox 142 4079 1676 4166; baseline 0.007 -32"><span class='ocrx_word' id='word_1_301' title='bbox 142 4079 237 4151; x_wconf 76' lang='grc' dir='ltr'>ὅτι,</span> <span class='ocrx_word' id='word_1_302' title='bbox 264 4081 400 4163; x_wconf 76' lang='grc' dir='ltr'>εἴπερ</span> <span class='ocrx_word' id='word_1_303' title='bbox 428 4086 565 4143; x_wconf 73' lang='grc' dir='ltr'>ἐστὶν</span> <span class='ocrx_word' id='word_1_304' title='bbox 597 4088 785 4157; x_wconf 79' lang='grc' dir='ltr'>αὐτοῦ,</span> <span class='ocrx_word' id='word_1_305' title='bbox 812 4086 944 4151; x_wconf 79' lang='grc' dir='ltr'>εἰκὸς</span> <span class='ocrx_word' id='word_1_306' title='bbox 978 4085 1130 4142; x_wconf 80' lang='grc' dir='ltr'>αὐτὸν</span> <span class='ocrx_word' id='word_1_307' title='bbox 1173 4086 1531 4166; x_wconf 81' lang='grc' dir='ltr'>συνηρπάσθαι</span> <span class='ocrx_word' id='word_1_308' title='bbox 1575 4088 1676 4145; x_wconf 70' lang='grc' dir='ltr'><strong>ὑπὸ</strong></span> 
     </span>
     <span class='ocr_line' id='line_1_44' title="bbox 141 4169 1676 4250; baseline 0.005 -26"><span class='ocrx_word' id='word_1_309' title='bbox 141 4169 219 4235; x_wconf 70' lang='grc' dir='ltr'><strong>τῆς</strong></span> <span class='ocrx_word' id='word_1_310' title='bbox 244 4169 382 4247; x_wconf 82' lang='grc' dir='ltr'>παρὰ</span> <span class='ocrx_word' id='word_1_311' title='bbox 409 4169 681 4238; x_wconf 86' lang='grc' dir='ltr'>Ἰουδαίοις</span> <span class='ocrx_word' id='word_1_312' title='bbox 709 4170 1048 4242; x_wconf 82' lang='grc' dir='ltr'>πιθανότητος</span> <span class='ocrx_word' id='word_1_313' title='bbox 1070 4170 1160 4228; x_wconf 64' lang='grc' dir='ltr'>καὶ</span> <span class='ocrx_word' id='word_1_314' title='bbox 1185 4180 1676 4250; x_wconf 79' lang='grc' dir='ltr'>συγκατατεθεῖσθαι</span> 
     </span>
     <span class='ocr_line' id='line_1_45' title="bbox 145 4255 554 4337; baseline 0.027 -30"><span class='ocrx_word' id='word_1_315' title='bbox 145 4255 271 4332; x_wconf 79' lang='grc' dir='ltr'>αὐτῷ</span> <span class='ocrx_word' id='word_1_316' title='bbox 298 4260 369 4336; x_wconf 83' lang='grc' dir='ltr'><strong>τῷ</strong></span> <span class='ocrx_word' id='word_1_317' title='bbox 396 4259 554 4337; x_wconf 84' lang='grc' dir='ltr'><strong>λόγῳ.</strong></span> 
     </span>
    </p>

    <p class='ocr_par' dir='ltr' id='par_1_8' title="bbox 142 4363 1676 4703">
     <span class='ocr_line' id='line_1_46' title="bbox 210 4363 1673 4435; baseline 0.005 -19"><span class='ocrx_word' id='word_1_318' title='bbox 210 4363 396 4435; x_wconf 83' lang='lat' dir='ltr'><strong>Neque</strong></span> <span class='ocrx_word' id='word_1_319' title='bbox 435 4367 553 4421; x_wconf 85' lang='lat' dir='ltr'><strong>sine</strong></span> <span class='ocrx_word' id='word_1_320' title='bbox 594 4385 759 4421; x_wconf 88' lang='lat' dir='ltr'><strong>causa</strong></span> <span class='ocrx_word' id='word_1_321' title='bbox 802 4368 1098 4422; x_wconf 87' lang='lat' dir='ltr'><strong>Philonem</strong></span> <span class='ocrx_word' id='word_1_322' title='bbox 1142 4368 1420 4423; x_wconf 83' lang='lat' dir='ltr'><strong>dubitasse</strong></span> <span class='ocrx_word' id='word_1_323' title='bbox 1464 4370 1673 4424; x_wconf 82' lang='lat' dir='ltr'><strong>affatim</strong></span> 
     </span>
     <span class='ocr_line' id='line_1_47' title="bbox 142 4446 1676 4526; baseline 0.008 -26"><span class='ocrx_word' id='word_1_324' title='bbox 142 4446 333 4505; x_wconf 83' lang='lat' dir='ltr'><strong>docent</strong></span> <span class='ocrx_word' id='word_1_325' title='bbox 386 4456 574 4526; x_wconf 87' lang='lat' dir='ltr'><strong>operis</strong></span> <span class='ocrx_word' id='word_1_326' title='bbox 624 4456 897 4526; x_wconf 80' lang='lat' dir='ltr'><strong>reliquiae.</strong></span> <span class='ocrx_word' id='word_1_327' title='bbox 959 4457 1049 4510; x_wconf 91' lang='lat' dir='ltr'><strong>Sic</strong></span> <span class='ocrx_word' id='word_1_328' title='bbox 1108 4456 1676 4513; x_wconf 87' lang='lat' dir='ltr'><strong>Pseudo-Demetrius</strong></span> 
     </span>
     <span class='ocr_line' id='line_1_48' title="bbox 146 4535 1676 4615; baseline 0.007 -26"><span class='ocrx_word' id='word_1_329' title='bbox 146 4535 417 4594; x_wconf 80' lang='lat' dir='ltr'><strong>Phalereus</strong></span> <span class='ocrx_word' id='word_1_330' title='bbox 480 4542 539 4595; x_wconf 92' lang='lat' dir='ltr'><strong>in</strong></span> <span class='ocrx_word' id='word_1_331' title='bbox 584 4543 820 4615; x_wconf 85' lang='lat' dir='ltr'><strong>epistola</strong></span> <span class='ocrx_word' id='word_1_332' title='bbox 885 4542 958 4596; x_wconf 87' lang='lat' dir='ltr'><strong>ad</strong></span> <span class='ocrx_word' id='word_1_333' title='bbox 1010 4544 1369 4598; x_wconf 77' lang='lat' dir='ltr'><strong>Ptolemaeum</strong></span> <span class='ocrx_word' id='word_1_334' title='bbox 1432 4564 1676 4600; x_wconf 84' lang='lat' dir='ltr'><strong>narrasse</strong></span> 
     </span>
     <span class='ocr_line' id='line_1_49' title="bbox 147 4620 1672 4703; baseline 0.01 -31"><span class='ocrx_word' id='word_1_335' title='bbox 147 4620 335 4679; x_wconf 87' lang='lat' dir='ltr'><strong>dicitur</strong></span> <span class='ocrx_word' id='word_1_336' title='bbox 366 4639 562 4698; x_wconf 87' lang='lat' dir='ltr'><strong>poetas</strong></span> <span class='ocrx_word' id='word_1_337' title='bbox 605 4639 661 4683; x_wconf 91' lang='lat' dir='ltr'><strong>et</strong></span> <span class='ocrx_word' id='word_1_338' title='bbox 701 4629 996 4683; x_wconf 84' lang='lat' dir='ltr'><strong>historicos</strong></span> <span class='ocrx_word' id='word_1_339' title='bbox 1035 4648 1307 4703; x_wconf 82' lang='lat' dir='ltr'><strong>nusquam</strong></span> <span class='ocrx_word' id='word_1_340' title='bbox 1348 4634 1672 4687; x_wconf 84' lang='lat' dir='ltr'><strong>Judaeorum</strong></span> 
     </span>
    </p>
   </div>
   <div class='ocr_carea' id='block_1_5' title="bbox 140 4785 1677 5135">
    <p class='ocr_par' dir='ltr' id='par_1_9' title="bbox 140 4785 1677 5135">
     <span class='ocr_line' id='line_1_50' title="bbox 214 4785 1672 4858; baseline 0.007 -22"><span class='ocrx_word' id='word_1_341' title='bbox 214 4785 278 4846; x_wconf 84' lang='lat'><strong>(*)</strong></span> <span class='ocrx_word' id='word_1_342' title='bbox 311 4789 382 4837; x_wconf 82' lang='lat' dir='ltr'><strong>De</strong></span> <span class='ocrx_word' id='word_1_343' title='bbox 420 4791 675 4850; x_wconf 77' lang='grc' dir='ltr'>ποιήμασιν</span> <span class='ocrx_word' id='word_1_344' title='bbox 712 4793 978 4853; x_wconf 77' lang='grc' dir='ltr'>Αἰγυπτίοις</span> <span class='ocrx_word' id='word_1_345' title='bbox 1022 4794 1227 4842; x_wconf 72' lang='lat' dir='ltr'><strong>Hecatoei</strong></span> <span class='ocrx_word' id='word_1_346' title='bbox 1265 4794 1561 4857; x_wconf 71' lang='lat' dir='ltr'><strong>quoqraphi</strong></span> <span class='ocrx_word' id='word_1_347' title='bbox 1595 4810 1672 4858; x_wconf 77' lang='lat' dir='ltr'><strong>ap.</strong></span> 
     </span>
     <span class='ocr_line' id='line_1_51' title="bbox 144 4852 1674 4930; baseline 0.012 -33"><span class='ocrx_word' id='word_1_348' title='bbox 144 4852 313 4930; x_wconf 45' lang='lat' dir='ltr'><strong>{triam</strong></span> <span class='ocrx_word' id='word_1_349' title='bbox 348 4857 395 4904; x_wconf 91' lang='lat' dir='ltr'><strong>in</strong></span> <span class='ocrx_word' id='word_1_350' title='bbox 420 4861 545 4921; x_wconf 81' lang='lat' dir='ltr'><strong>Exp.</strong></span> <span class='ocrx_word' id='word_1_351' title='bbox 572 4860 644 4909; x_wconf 83' lang='grc' dir='ltr'><strong>ΑΙ.</strong></span> <span class='ocrx_word' id='word_1_352' title='bbox 670 4864 734 4921; x_wconf 81' lang='lat' dir='ltr'><strong>V,</strong></span> <span class='ocrx_word' id='word_1_353' title='bbox 755 4868 811 4920; x_wconf 77' lang='lat' dir='ltr'><strong>o,</strong></span> <span class='ocrx_word' id='word_1_354' title='bbox 844 4862 1001 4923; x_wconf 88' lang='lat' dir='ltr'><strong>deque</strong></span> <span class='ocrx_word' id='word_1_355' title='bbox 1033 4862 1091 4911; x_wconf 91' lang='lat' dir='ltr'><strong>iis</strong></span> <span class='ocrx_word' id='word_1_356' title='bbox 1112 4877 1222 4924; x_wconf 82' lang='lat' dir='ltr'><strong>quoe</strong></span> <span class='ocrx_word' id='word_1_357' title='bbox 1258 4868 1509 4914; x_wconf 69' lang='lat' dir='ltr'><strong>Hecataeus</strong></span> <span class='ocrx_word' id='word_1_358' title='bbox 1540 4866 1674 4914; x_wconf 78' lang='lat' dir='ltr'><strong>Mile·</strong></span> 
     </span>
     <span class='ocr_line' id='line_1_52' title="bbox 141 4927 1674 4997; baseline 0.009 -26"><span class='ocrx_word' id='word_1_359' title='bbox 141 4933 227 4970; x_wconf 70' lang='lat' dir='ltr'><strong>tuis</strong></span> <span class='ocrx_word' id='word_1_360' title='bbox 255 4937 314 4973; x_wconf 79' lang='lat' dir='ltr'><strong>ex</strong></span> <span class='ocrx_word' id='word_1_361' title='bbox 346 4927 609 4978; x_wconf 79' lang='lat' dir='ltr'><strong>Herodotea</strong></span> <span class='ocrx_word' id='word_1_362' title='bbox 632 4931 819 4993; x_wconf 80' lang='lat' dir='ltr'><strong>AEgypti</strong></span> <span class='ocrx_word' id='word_1_363' title='bbox 856 4931 1171 4994; x_wconf 80' lang='lat' dir='ltr'><strong>descriptione</strong></span> <span class='ocrx_word' id='word_1_364' title='bbox 1203 4933 1250 4981; x_wconf 88' lang='lat' dir='ltr'><strong>in</strong></span> <span class='ocrx_word' id='word_1_365' title='bbox 1285 4948 1426 4983; x_wconf 86' lang='lat' dir='ltr'><strong>suum</strong></span> <span class='ocrx_word' id='word_1_366' title='bbox 1463 4949 1583 4997; x_wconf 88' lang='lat' dir='ltr'><strong>opus</strong></span> <span class='ocrx_word' id='word_1_367' title='bbox 1615 4936 1674 4985; x_wconf 82' lang='lat' dir='ltr'><strong>ad</strong></span> 
     </span>
     <span class='ocr_line' id='line_1_53' title="bbox 140 4990 1673 5062; baseline 0.013 -26"><span class='ocrx_word' id='word_1_368' title='bbox 140 4990 328 5041; x_wconf 75' lang='lat' dir='ltr'><strong>verbum</strong></span> <span class='ocrx_word' id='word_1_369' title='bbox 350 4998 638 5048; x_wconf 74' lang='lat' dir='ltr'><strong>transtulisse</strong></span> <span class='ocrx_word' id='word_1_370' title='bbox 653 4999 846 5060; x_wconf 88' lang='lat' dir='ltr'><strong>dicitur,</strong></span> <span class='ocrx_word' id='word_1_371' title='bbox 865 5000 976 5049; x_wconf 81' lang='lat' dir='ltr'><strong>vide</strong></span> <span class='ocrx_word' id='word_1_372' title='bbox 1012 5005 1290 5062; x_wconf 77' lang='lat' dir='ltr'><strong>Fragments</strong></span> <span class='ocrx_word' id='word_1_373' title='bbox 1309 5008 1357 5053; x_wconf 89' lang='lat' dir='ltr'><strong>et</strong></span> <span class='ocrx_word' id='word_1_374' title='bbox 1376 5005 1533 5054; x_wconf 77' lang='lat' dir='ltr'><strong>vitam</strong></span> <span class='ocrx_word' id='word_1_375' title='bbox 1560 5009 1673 5056; x_wconf 72' lang='lat' dir='ltr'><strong>nec.</strong></span> 
     </span>
     <span class='ocr_line' id='line_1_54' title="bbox 140 5058 1677 5135; baseline 0.012 -29"><span class='ocrx_word' id='word_1_376' title='bbox 140 5058 295 5110; x_wconf 68' lang='lat' dir='ltr'><strong>Milesii</strong></span> <span class='ocrx_word' id='word_1_377' title='bbox 326 5076 373 5125; x_wconf 93' lang='lat' dir='ltr'><strong>p.</strong></span> <span class='ocrx_word' id='word_1_378' title='bbox 414 5068 523 5115; x_wconf 80' lang='grc' dir='ltr'><strong>ΧΙΙΙ</strong></span> <span class='ocrx_word' id='word_1_379' title='bbox 562 5083 667 5131; x_wconf 87' lang='lat' dir='ltr'><strong>sqq.</strong></span> <span class='ocrx_word' id='word_1_380' title='bbox 701 5071 823 5118; x_wconf 81' lang='lat' dir='ltr'><strong>Fieri</strong></span> <span class='ocrx_word' id='word_1_381' title='bbox 860 5074 1022 5119; x_wconf 81' lang='lat' dir='ltr'><strong>tamen</strong></span> <span class='ocrx_word' id='word_1_382' title='bbox 1066 5072 1202 5121; x_wconf 77' lang='lat' dir='ltr'><strong>facile</strong></span> <span class='ocrx_word' id='word_1_383' title='bbox 1239 5075 1393 5135; x_wconf 85' lang='lat' dir='ltr'><strong>potuit</strong></span> <span class='ocrx_word' id='word_1_384' title='bbox 1432 5078 1487 5125; x_wconf 91' lang='lat' dir='ltr'><strong>ut</strong></span> <span class='ocrx_word' id='word_1_385' title='bbox 1526 5077 1677 5126; x_wconf 78' lang='lat' dir='ltr'><strong>iuliis</strong></span> 
     </span>
    </p>
   </div>
   <div class='ocr_carea' id='block_1_6' title="bbox 140 5129 1676 5247">
    <p class='ocr_par' dir='ltr' id='par_1_10' title="bbox 140 5129 1676 5247">
     <span class='ocr_line' id='line_1_55' title="bbox 140 5129 1676 5244; baseline 0.01 -65"><span class='ocrx_word' id='word_1_386' title='bbox 140 5129 273 5244; x_wconf 42' lang='grc' dir='ltr'><strong>ἔξω</strong></span> <span class='ocrx_word' id='word_1_387' title='bbox 300 5132 532 5185; x_wconf 70' lang='lat' dir='ltr'><strong>similibus</strong></span> <span class='ocrx_word' id='word_1_388' title='bbox 556 5138 765 5188; x_wconf 73' lang='lat' dir='ltr'><strong>Milesius</strong></span> <span class='ocrx_word' id='word_1_389' title='bbox 779 5153 891 5187; x_wconf 87' lang='lat' dir='ltr'><strong>cum</strong></span> <span class='ocrx_word' id='word_1_390' title='bbox 917 5140 1142 5189; x_wconf 75' lang='lat' dir='ltr'><strong>Abderita</strong></span> <span class='ocrx_word' id='word_1_391' title='bbox 1169 5143 1274 5203; x_wconf 87' lang='lat' dir='ltr'><strong>plus</strong></span> <span class='ocrx_word' id='word_1_392' title='bbox 1299 5145 1443 5193; x_wconf 83' lang='lat' dir='ltr'><strong>semel</strong></span> <span class='ocrx_word' id='word_1_393' title='bbox 1477 5144 1538 5192; x_wconf 85' lang='lat' dir='ltr'><strong>sit</strong></span> <span class='ocrx_word' id='word_1_394' title='bbox 1566 5157 1676 5193; x_wconf 79' lang='lat' dir='ltr'><strong>con·</strong></span> 
     </span>
     <span class='ocr_line' id='line_1_56' title="bbox 226 5212 275 5247; baseline 0.061 -3"><span class='ocrx_word' id='word_1_395' title='bbox 226 5212 275 5247; x_wconf 82' lang='lat' dir='ltr'><strong>is.</strong></span> 
     </span>
    </p>
   </div>
   <div class='ocr_carea' id='block_1_7' title="bbox 336 5297 1225 5340">
    <p class='ocr_par' dir='ltr' id='par_1_11' title="bbox 336 5297 1225 5340">
     <span class='ocr_line' id='line_1_57' title="bbox 336 5297 1225 5340; baseline 0.009 -9"><span class='ocrx_word' id='word_1_396' title='bbox 336 5297 605 5338; x_wconf 51' lang='lat' dir='ltr'><strong>HAG-EST&amp;</strong></span> <span class='ocrx_word' id='word_1_397' title='bbox 635 5305 818 5339; x_wconf 74' lang='lat' dir='ltr'><strong>msTott.</strong></span> <span class='ocrx_word' id='word_1_398' title='bbox 853 5307 936 5340; x_wconf 65' lang='lat' dir='ltr'><strong>(att.</strong></span> <span class='ocrx_word' id='word_1_399' title='bbox 960 5318 1009 5327; x_wconf 88' lang='grc'><strong>-·-</strong></span> <span class='ocrx_word' id='word_1_400' title='bbox 1031 5305 1137 5339; x_wconf 71' lang='lat' dir='ltr'><strong>Vm..</strong></span> <span class='ocrx_word' id='word_1_401' title='bbox 1179 5307 1225 5339; x_wconf 83' lang='lat' dir='ltr'><strong>ll.</strong></span> 
     </span>
    </p>
   </div>
   <div class='ocr_carea' id='block_1_8' title="bbox 1764 675 3397 2489">
    <p class='ocr_par' dir='ltr' id='par_1_12' title="bbox 1764 675 3397 2489">
     <span class='ocr_line' id='line_1_58' title="bbox 1775 675 3334 747; baseline 0.004 -19"><span class='ocrx_word' id='word_1_402' title='bbox 1775 686 1964 729; x_wconf 88' lang='lat' dir='ltr'><strong>sancta</strong></span> <span class='ocrx_word' id='word_1_403' title='bbox 2003 675 2229 747; x_wconf 89' lang='lat' dir='ltr'><strong>impuro</strong></span> <span class='ocrx_word' id='word_1_404' title='bbox 2267 692 2369 729; x_wconf 90' lang='lat' dir='ltr'><strong>suo</strong></span> <span class='ocrx_word' id='word_1_405' title='bbox 2418 693 2517 728; x_wconf 89' lang='lat' dir='ltr'><strong>ore</strong></span> <span class='ocrx_word' id='word_1_406' title='bbox 2551 675 2850 747; x_wconf 82' lang='lat' dir='ltr'><strong>profanare</strong></span> <span class='ocrx_word' id='word_1_407' title='bbox 2891 678 3118 731; x_wconf 74' lang='lat' dir='ltr'><strong>reveriti</strong></span> <span class='ocrx_word' id='word_1_408' title='bbox 3158 693 3334 734; x_wconf 86' lang='lat' dir='ltr'><strong>essent</strong></span> 
     </span>
     <span class='ocr_line' id='line_1_59' title="bbox 1784 760 3332 839; baseline 0.005 -26"><span class='ocrx_word' id='word_1_409' title='bbox 1784 760 1890 832; x_wconf 87' lang='lat' dir='ltr'><strong>(sr.</strong></span> <span class='ocrx_word' id='word_1_410' title='bbox 1944 761 2070 834; x_wconf 76' lang='lat'><strong>15).</strong></span> <span class='ocrx_word' id='word_1_411' title='bbox 2104 762 2224 815; x_wconf 81' lang='lat' dir='ltr'><strong>Alia</strong></span> <span class='ocrx_word' id='word_1_412' title='bbox 2269 762 2589 833; x_wconf 83' lang='lat' dir='ltr'><strong>complura,</strong></span> <span class='ocrx_word' id='word_1_413' title='bbox 2640 781 2765 833; x_wconf 83' lang='lat' dir='ltr'><strong>quae</strong></span> <span class='ocrx_word' id='word_1_414' title='bbox 2807 765 2864 817; x_wconf 86' lang='lat' dir='ltr'><strong>in</strong></span> <span class='ocrx_word' id='word_1_415' title='bbox 2903 764 3180 819; x_wconf 87' lang='lat' dir='ltr'><strong>honorem</strong></span> <span class='ocrx_word' id='word_1_416' title='bbox 3220 786 3332 839; x_wconf 93' lang='lat' dir='ltr'><strong>po-</strong></span> 
     </span>
     <span class='ocr_line' id='line_1_60' title="bbox 1778 847 3332 926; baseline 0.008 -28"><span class='ocrx_word' id='word_1_417' title='bbox 1778 848 1898 918; x_wconf 90' lang='lat' dir='ltr'><strong>puli</strong></span> <span class='ocrx_word' id='word_1_418' title='bbox 1941 847 2166 902; x_wconf 88' lang='lat' dir='ltr'><strong>Judaici</strong></span> <span class='ocrx_word' id='word_1_419' title='bbox 2212 847 2572 920; x_wconf 83' lang='lat' dir='ltr'><strong>impudenter</strong></span> <span class='ocrx_word' id='word_1_420' title='bbox 2609 849 2792 903; x_wconf 79' lang='lat' dir='ltr'><strong>efficta</strong></span> <span class='ocrx_word' id='word_1_421' title='bbox 2840 851 2992 923; x_wconf 86' lang='lat' dir='ltr'><strong>apud</strong></span> <span class='ocrx_word' id='word_1_422' title='bbox 3027 854 3332 926; x_wconf 89' lang='lat' dir='ltr'><strong>Josephum</strong></span> 
     </span>
     <span class='ocr_line' id='line_1_61' title="bbox 1778 933 3333 1015; baseline 0.008 -29"><span class='ocrx_word' id='word_1_423' title='bbox 1778 933 2060 1006; x_wconf 84' lang='lat' dir='ltr'><strong>leguntur,</strong></span> <span class='ocrx_word' id='word_1_424' title='bbox 2087 953 2376 990; x_wconf 86' lang='lat' dir='ltr'><strong>recensere</strong></span> <span class='ocrx_word' id='word_1_425' title='bbox 2416 935 2472 992; x_wconf 91' lang='lat' dir='ltr'><strong>h.</strong></span> <span class='ocrx_word' id='word_1_426' title='bbox 2513 935 2549 992; x_wconf 90' lang='lat' dir='ltr'><strong>l.</strong></span> <span class='ocrx_word' id='word_1_427' title='bbox 2586 936 2752 990; x_wconf 81' lang='lat' dir='ltr'><strong>taedet</strong></span> <span class='ocrx_word' id='word_1_428' title='bbox 2789 937 2871 1010; x_wconf 83' lang='lat' dir='ltr'><strong>(v.</strong></span> <span class='ocrx_word' id='word_1_429' title='bbox 2915 938 2984 993; x_wconf 86' lang='lat' dir='ltr'><strong>fr.</strong></span> <span class='ocrx_word' id='word_1_430' title='bbox 3041 939 3164 1015; x_wconf 77' lang='lat'><strong>15).</strong></span> <span class='ocrx_word' id='word_1_431' title='bbox 3197 945 3333 1013; x_wconf 79' lang='lat' dir='ltr'><strong>Quae</strong></span> 
     </span>
     <span class='ocr_line' id='line_1_62' title="bbox 1778 1020 3332 1101; baseline 0.008 -28"><span class='ocrx_word' id='word_1_432' title='bbox 1778 1020 2010 1092; x_wconf 87' lang='lat' dir='ltr'><strong>quidem</strong></span> <span class='ocrx_word' id='word_1_433' title='bbox 2052 1023 2240 1076; x_wconf 89' lang='lat' dir='ltr'><strong>omnia</strong></span> <span class='ocrx_word' id='word_1_434' title='bbox 2280 1022 2554 1094; x_wconf 88' lang='lat' dir='ltr'><strong>ejusmodi</strong></span> <span class='ocrx_word' id='word_1_435' title='bbox 2599 1034 2759 1093; x_wconf 88' lang='lat' dir='ltr'><strong>sunt,</strong></span> <span class='ocrx_word' id='word_1_436' title='bbox 2805 1035 2867 1078; x_wconf 83' lang='lat' dir='ltr'><strong>ut</strong></span> <span class='ocrx_word' id='word_1_437' title='bbox 2923 1044 3089 1081; x_wconf 89' lang='lat' dir='ltr'><strong>nemo</strong></span> <span class='ocrx_word' id='word_1_438' title='bbox 3139 1033 3332 1101; x_wconf 88' lang='lat' dir='ltr'><strong>paullo</strong></span> 
     </span>
     <span class='ocr_line' id='line_1_63' title="bbox 1774 1107 3331 1188; baseline 0.006 -26"><span class='ocrx_word' id='word_1_439' title='bbox 1774 1108 1963 1162; x_wconf 85' lang='lat' dir='ltr'><strong>sanior</strong></span> <span class='ocrx_word' id='word_1_440' title='bbox 1981 1107 2160 1162; x_wconf 81' lang='lat' dir='ltr'><strong>Judaei</strong></span> <span class='ocrx_word' id='word_1_441' title='bbox 2181 1108 2467 1179; x_wconf 80' lang='lat' dir='ltr'><strong>cujusdam</strong></span> <span class='ocrx_word' id='word_1_442' title='bbox 2484 1121 2800 1164; x_wconf 89' lang='lat' dir='ltr'><strong>commenta</strong></span> <span class='ocrx_word' id='word_1_443' title='bbox 2816 1131 2933 1165; x_wconf 90' lang='lat' dir='ltr'><strong>non</strong></span> <span class='ocrx_word' id='word_1_444' title='bbox 2953 1128 3213 1186; x_wconf 81' lang='lat' dir='ltr'><strong>agnoscat</strong></span> <span class='ocrx_word' id='word_1_445' title='bbox 3240 1117 3331 1188; x_wconf 66' lang='lat'><strong>(⁴).</strong></span> 
     </span>
     <span class='ocr_line' id='line_1_64' title="bbox 1776 1195 3334 1268; baseline 0.008 -21"><span class='ocrx_word' id='word_1_446' title='bbox 1776 1197 1850 1248; x_wconf 84' lang='lat' dir='ltr'><strong>At</strong></span> <span class='ocrx_word' id='word_1_447' title='bbox 1889 1195 2120 1250; x_wconf 89' lang='lat' dir='ltr'><strong>minime</strong></span> <span class='ocrx_word' id='word_1_448' title='bbox 2148 1195 2281 1249; x_wconf 88' lang='lat' dir='ltr'><strong>inde</strong></span> <span class='ocrx_word' id='word_1_449' title='bbox 2308 1197 2559 1268; x_wconf 88' lang='lat' dir='ltr'><strong>sequitur</strong></span> <span class='ocrx_word' id='word_1_450' title='bbox 2589 1199 2823 1254; x_wconf 86' lang='lat' dir='ltr'><strong>omnino</strong></span> <span class='ocrx_word' id='word_1_451' title='bbox 2851 1201 2988 1253; x_wconf 87' lang='lat' dir='ltr'><strong>nihil</strong></span> <span class='ocrx_word' id='word_1_452' title='bbox 3017 1202 3089 1256; x_wconf 90' lang='lat' dir='ltr'><strong>de</strong></span> <span class='ocrx_word' id='word_1_453' title='bbox 3129 1203 3334 1260; x_wconf 82' lang='lat' dir='ltr'><strong>Judaeis</strong></span> 
     </span>
     <span class='ocr_line' id='line_1_65' title="bbox 1778 1283 3331 1354; baseline 0.006 -18"><span class='ocrx_word' id='word_1_454' title='bbox 1778 1284 2098 1336; x_wconf 69' lang='lat' dir='ltr'><strong>Hecataeum</strong></span> <span class='ocrx_word' id='word_1_455' title='bbox 2116 1283 2407 1354; x_wconf 82' lang='lat' dir='ltr'><strong>scripsisse.</strong></span> <span class='ocrx_word' id='word_1_456' title='bbox 2435 1284 2614 1337; x_wconf 85' lang='lat' dir='ltr'><strong>Immo</strong></span> <span class='ocrx_word' id='word_1_457' title='bbox 2642 1287 2986 1340; x_wconf 85' lang='lat' dir='ltr'><strong>contrarium</strong></span> <span class='ocrx_word' id='word_1_458' title='bbox 3003 1287 3171 1342; x_wconf 90' lang='lat' dir='ltr'><strong>docet</strong></span> <span class='ocrx_word' id='word_1_459' title='bbox 3189 1292 3331 1345; x_wconf 91' lang='lat' dir='ltr'><strong>Dio-</strong></span> 
     </span>
     <span class='ocr_line' id='line_1_66' title="bbox 1774 1368 3326 1446; baseline 0.006 -22"><span class='ocrx_word' id='word_1_460' title='bbox 1774 1368 1948 1424; x_wconf 87' lang='lat' dir='ltr'><strong>dorus</strong></span> <span class='ocrx_word' id='word_1_461' title='bbox 1994 1368 2096 1442; x_wconf 87' lang='lat' dir='ltr'><strong>(fr.</strong></span> <span class='ocrx_word' id='word_1_462' title='bbox 2134 1370 2281 1443; x_wconf 70' lang='lat' dir='ltr'><strong>v13),</strong></span> <span class='ocrx_word' id='word_1_463' title='bbox 2324 1372 2420 1442; x_wconf 89' lang='lat' dir='ltr'><strong>qui</strong></span> <span class='ocrx_word' id='word_1_464' title='bbox 2467 1371 2617 1425; x_wconf 87' lang='lat' dir='ltr'><strong>libro</strong></span> <span class='ocrx_word' id='word_1_465' title='bbox 2667 1373 2769 1427; x_wconf 85' lang='lat' dir='ltr'><strong>XL</strong></span> <span class='ocrx_word' id='word_1_466' title='bbox 2815 1374 3069 1446; x_wconf 87' lang='lat' dir='ltr'><strong>Pompeji</strong></span> <span class='ocrx_word' id='word_1_467' title='bbox 3111 1376 3326 1434; x_wconf 90' lang='lat' dir='ltr'><strong>bellum</strong></span> 
     </span>
     <span class='ocr_line' id='line_1_67' title="bbox 1774 1457 3334 1539; baseline 0.006 -27"><span class='ocrx_word' id='word_1_468' title='bbox 1774 1468 1972 1512; x_wconf 85' lang='lat' dir='ltr'><strong>contra</strong></span> <span class='ocrx_word' id='word_1_469' title='bbox 2000 1457 2222 1512; x_wconf 82' lang='lat' dir='ltr'><strong>Judaeos</strong></span> <span class='ocrx_word' id='word_1_470' title='bbox 2250 1467 2468 1532; x_wconf 83' lang='lat' dir='ltr'><strong>gestum</strong></span> <span class='ocrx_word' id='word_1_471' title='bbox 2498 1460 2880 1531; x_wconf 88' lang='lat' dir='ltr'><strong>expositurus,</strong></span> <span class='ocrx_word' id='word_1_472' title='bbox 2909 1478 3032 1533; x_wconf 83' lang='lat' dir='ltr'><strong>quae</strong></span> <span class='ocrx_word' id='word_1_473' title='bbox 3062 1463 3133 1519; x_wconf 87' lang='lat' dir='ltr'><strong>de</strong></span> <span class='ocrx_word' id='word_1_474' title='bbox 3156 1470 3334 1539; x_wconf 81' lang='lat' dir='ltr'><strong>gentis</strong></span> 
     </span>
     <span class='ocr_line' id='line_1_68' title="bbox 1772 1543 3328 1620; baseline 0.007 -23"><span class='ocrx_word' id='word_1_475' title='bbox 1772 1543 1937 1614; x_wconf 88' lang='lat' dir='ltr'><strong>hujus</strong></span> <span class='ocrx_word' id='word_1_476' title='bbox 1984 1545 2297 1617; x_wconf 83' lang='lat' dir='ltr'><strong>originibus</strong></span> <span class='ocrx_word' id='word_1_477' title='bbox 2336 1556 2392 1600; x_wconf 90' lang='lat' dir='ltr'><strong>et</strong></span> <span class='ocrx_word' id='word_1_478' title='bbox 2435 1546 2696 1600; x_wconf 88' lang='lat' dir='ltr'><strong>institutis</strong></span> <span class='ocrx_word' id='word_1_479' title='bbox 2737 1560 3026 1620; x_wconf 87' lang='lat' dir='ltr'><strong>comperta</strong></span> <span class='ocrx_word' id='word_1_480' title='bbox 3063 1551 3328 1620; x_wconf 79' lang='lat' dir='ltr'><strong>haberet,</strong></span> 
     </span>
     <span class='ocr_line' id='line_1_69' title="bbox 1768 1632 3333 1709; baseline 0.008 -24"><span class='ocrx_word' id='word_1_481' title='bbox 1768 1632 2158 1704; x_wconf 70' lang='lat' dir='ltr'><strong>praemittenda</strong></span> <span class='ocrx_word' id='word_1_482' title='bbox 2183 1650 2294 1686; x_wconf 89' lang='lat' dir='ltr'><strong>esse</strong></span> <span class='ocrx_word' id='word_1_483' title='bbox 2323 1632 2501 1689; x_wconf 82' lang='lat' dir='ltr'><strong>duxit.</strong></span> <span class='ocrx_word' id='word_1_484' title='bbox 2533 1634 2615 1687; x_wconf 80' lang='lat' dir='ltr'><strong>Ex</strong></span> <span class='ocrx_word' id='word_1_485' title='bbox 2643 1636 2901 1689; x_wconf 84' lang='lat' dir='ltr'><strong>Hecataeo</strong></span> <span class='ocrx_word' id='word_1_486' title='bbox 2933 1637 3105 1709; x_wconf 85' lang='lat' dir='ltr'><strong>igitur</strong></span> <span class='ocrx_word' id='word_1_487' title='bbox 3143 1655 3333 1696; x_wconf 86' lang='lat' dir='ltr'><strong>narrat</strong></span> 
     </span>
     <span class='ocr_line' id='line_1_70' title="bbox 1770 1715 3331 1789; baseline 0.006 -18"><span class='ocrx_word' id='word_1_488' title='bbox 1770 1715 2063 1789; x_wconf 79' lang='lat' dir='ltr'><strong>AEgyptios</strong></span> <span class='ocrx_word' id='word_1_489' title='bbox 2091 1717 2384 1789; x_wconf 82' lang='lat' dir='ltr'><strong>quondam</strong></span> <span class='ocrx_word' id='word_1_490' title='bbox 2422 1719 2514 1773; x_wconf 88' lang='lat' dir='ltr'><strong>lue</strong></span> <span class='ocrx_word' id='word_1_491' title='bbox 2541 1730 2796 1787; x_wconf 78' lang='lat' dir='ltr'><strong>vexatos,</strong></span> <span class='ocrx_word' id='word_1_492' title='bbox 2827 1732 2891 1774; x_wconf 91' lang='lat' dir='ltr'><strong>ut</strong></span> <span class='ocrx_word' id='word_1_493' title='bbox 2917 1722 3054 1776; x_wconf 88' lang='lat' dir='ltr'><strong>iram</strong></span> <span class='ocrx_word' id='word_1_494' title='bbox 3085 1723 3331 1780; x_wconf 83' lang='lat' dir='ltr'><strong>divinam</strong></span> 
     </span>
     <span class='ocr_line' id='line_1_71' title="bbox 1768 1803 3333 1882; baseline 0.006 -25"><span class='ocrx_word' id='word_1_495' title='bbox 1768 1815 2103 1871; x_wconf 81' lang='lat' dir='ltr'><strong>averterent,</strong></span> <span class='ocrx_word' id='word_1_496' title='bbox 2129 1822 2321 1859; x_wconf 88' lang='lat' dir='ltr'><strong>omnes</strong></span> <span class='ocrx_word' id='word_1_497' title='bbox 2340 1805 2674 1878; x_wconf 82' lang='lat' dir='ltr'><strong>alienigenas</strong></span> <span class='ocrx_word' id='word_1_498' title='bbox 2696 1803 2868 1878; x_wconf 87' lang='lat' dir='ltr'><strong>quiin</strong></span> <span class='ocrx_word' id='word_1_499' title='bbox 2884 1809 3180 1882; x_wconf 77' lang='lat' dir='ltr'><strong>AEgyptum</strong></span> <span class='ocrx_word' id='word_1_500' title='bbox 3202 1831 3333 1866; x_wconf 88' lang='lat' dir='ltr'><strong>con·</strong></span> 
     </span>
     <span class='ocr_line' id='line_1_72' title="bbox 1771 1887 3329 1964; baseline 0.007 -22"><span class='ocrx_word' id='word_1_501' title='bbox 1771 1887 2054 1945; x_wconf 84' lang='lat' dir='ltr'><strong>fluxissent</strong></span> <span class='ocrx_word' id='word_1_502' title='bbox 2085 1892 2377 1964; x_wconf 80' lang='lat' dir='ltr'><strong>expulisse.</strong></span> <span class='ocrx_word' id='word_1_503' title='bbox 2418 1894 2636 1946; x_wconf 84' lang='lat' dir='ltr'><strong>Horum</strong></span> <span class='ocrx_word' id='word_1_504' title='bbox 2655 1894 2791 1948; x_wconf 88' lang='lat' dir='ltr'><strong>alios</strong></span> <span class='ocrx_word' id='word_1_505' title='bbox 2812 1896 3008 1949; x_wconf 84' lang='lat' dir='ltr'><strong>Danao</strong></span> <span class='ocrx_word' id='word_1_506' title='bbox 3034 1908 3088 1950; x_wconf 90' lang='lat' dir='ltr'><strong>et</strong></span> <span class='ocrx_word' id='word_1_507' title='bbox 3115 1898 3329 1954; x_wconf 87' lang='lat' dir='ltr'><strong>Cadmo</strong></span> 
     </span>
     <span class='ocr_line' id='line_1_73' title="bbox 1768 1977 3397 2057; baseline 0.008 -26"><span class='ocrx_word' id='word_1_508' title='bbox 1768 1977 2007 2034; x_wconf 88' lang='lat' dir='ltr'><strong>ducibus</strong></span> <span class='ocrx_word' id='word_1_509' title='bbox 2051 1981 2110 2033; x_wconf 91' lang='lat' dir='ltr'><strong>in</strong></span> <span class='ocrx_word' id='word_1_510' title='bbox 2141 1981 2448 2047; x_wconf 82' lang='lat' dir='ltr'><strong>Graeciam,</strong></span> <span class='ocrx_word' id='word_1_511' title='bbox 2491 1982 2629 2035; x_wconf 84' lang='lat' dir='ltr'><strong>alios</strong></span> <span class='ocrx_word' id='word_1_512' title='bbox 2670 1982 2728 2035; x_wconf 90' lang='lat' dir='ltr'><strong>in</strong></span> <span class='ocrx_word' id='word_1_513' title='bbox 2755 1982 2886 2036; x_wconf 88' lang='lat' dir='ltr'><strong>alias</strong></span> <span class='ocrx_word' id='word_1_514' title='bbox 2921 1985 3178 2057; x_wconf 80' lang='lat' dir='ltr'><strong>regiones</strong></span> <span class='ocrx_word' id='word_1_515' title='bbox 3219 1989 3331 2040; x_wconf 85' lang='lat' dir='ltr'><strong>mi-·</strong></span> <span class='ocrx_word' id='word_1_516' title='bbox 3386 2037 3397 2045; x_wconf 92' lang='lat'><strong>.</strong></span> 
     </span>
     <span class='ocr_line' id='line_1_74' title="bbox 1766 2066 3330 2143; baseline 0.006 -23"><span class='ocrx_word' id='word_1_517' title='bbox 1766 2082 1946 2137; x_wconf 74' lang='lat' dir='ltr'><strong>grasse</strong></span> <span class='ocrx_word' id='word_1_518' title='bbox 1961 2107 1977 2133; x_wconf 85' lang='lat'>‚</span> <span class='ocrx_word' id='word_1_519' title='bbox 2001 2066 2270 2137; x_wconf 84' lang='lat' dir='ltr'><strong>majorem</strong></span> <span class='ocrx_word' id='word_1_520' title='bbox 2295 2085 2431 2121; x_wconf 82' lang='lat' dir='ltr'><strong>vero</strong></span> <span class='ocrx_word' id='word_1_521' title='bbox 2455 2081 2670 2140; x_wconf 88' lang='lat' dir='ltr'><strong>partem</strong></span> <span class='ocrx_word' id='word_1_522' title='bbox 2701 2069 2759 2122; x_wconf 90' lang='lat' dir='ltr'><strong>in</strong></span> <span class='ocrx_word' id='word_1_523' title='bbox 2785 2070 2999 2141; x_wconf 76' lang='lat' dir='ltr'><strong>Syriam</strong></span> <span class='ocrx_word' id='word_1_524' title='bbox 3020 2071 3330 2143; x_wconf 86' lang='lat' dir='ltr'><strong>profectam</strong></span> 
     </span>
     <span class='ocr_line' id='line_1_75' title="bbox 1772 2153 3332 2227; baseline 0.005 -20"><span class='ocrx_word' id='word_1_525' title='bbox 1772 2169 1914 2222; x_wconf 79' lang='lat' dir='ltr'><strong>esse3</strong></span> <span class='ocrx_word' id='word_1_526' title='bbox 1948 2153 2356 2227; x_wconf 88' lang='lat' dir='ltr'><strong>ductoremque</strong></span> <span class='ocrx_word' id='word_1_527' title='bbox 2385 2156 2622 2209; x_wconf 74' lang='lat' dir='ltr'><strong>coloniae</strong></span> <span class='ocrx_word' id='word_1_528' title='bbox 2659 2156 2822 2210; x_wconf 81' lang='lat' dir='ltr'><strong>fuisse</strong></span> <span class='ocrx_word' id='word_1_529' title='bbox 2859 2158 3101 2226; x_wconf 84' lang='lat' dir='ltr'><strong>Mosem,</strong></span> <span class='ocrx_word' id='word_1_530' title='bbox 3148 2161 3332 2215; x_wconf 84' lang='lat' dir='ltr'><strong>virum</strong></span> 
     </span>
     <span class='ocr_line' id='line_1_76' title="bbox 1764 2241 3334 2316; baseline 0.004 -21"><span class='ocrx_word' id='word_1_531' title='bbox 1764 2242 2032 2312; x_wconf 83' lang='lat' dir='ltr'><strong>sapientia</strong></span> <span class='ocrx_word' id='word_1_532' title='bbox 2086 2249 2141 2295; x_wconf 89' lang='lat' dir='ltr'><strong>et</strong></span> <span class='ocrx_word' id='word_1_533' title='bbox 2196 2241 2527 2296; x_wconf 78' lang='lat' dir='ltr'><strong>fortitudine</strong></span> <span class='ocrx_word' id='word_1_534' title='bbox 2581 2242 2881 2315; x_wconf 85' lang='lat' dir='ltr'><strong>insignem,</strong></span> <span class='ocrx_word' id='word_1_535' title='bbox 2946 2246 3041 2316; x_wconf 87' lang='lat' dir='ltr'><strong>qui</strong></span> <span class='ocrx_word' id='word_1_536' title='bbox 3096 2247 3334 2301; x_wconf 88' lang='lat' dir='ltr'><strong>civitatis</strong></span> 
     </span>
     <span class='ocr_line' id='line_1_77' title="bbox 1766 2329 3330 2403; baseline 0.005 -22"><span class='ocrx_word' id='word_1_537' title='bbox 1766 2329 2032 2383; x_wconf 92' lang='lat' dir='ltr'><strong>conditor</strong></span> <span class='ocrx_word' id='word_1_538' title='bbox 2059 2339 2115 2383; x_wconf 90' lang='lat' dir='ltr'><strong>et</strong></span> <span class='ocrx_word' id='word_1_539' title='bbox 2156 2329 2437 2403; x_wconf 81' lang='lat' dir='ltr'><strong>legislator</strong></span> <span class='ocrx_word' id='word_1_540' title='bbox 2483 2330 2787 2384; x_wconf 80' lang='lat' dir='ltr'><strong>exstitisset.</strong></span> <span class='ocrx_word' id='word_1_541' title='bbox 2822 2331 3040 2386; x_wconf 90' lang='lat' dir='ltr'><strong>Deinde</strong></span> <span class='ocrx_word' id='word_1_542' title='bbox 3081 2333 3330 2390; x_wconf 86' lang='lat' dir='ltr'><strong>instituta</strong></span> 
     </span>
     <span class='ocr_line' id='line_1_78' title="bbox 1767 2415 3329 2489; baseline 0.004 -21"><span class='ocrx_word' id='word_1_543' title='bbox 1767 2415 2006 2470; x_wconf 87' lang='lat' dir='ltr'><strong>Mosaica</strong></span> <span class='ocrx_word' id='word_1_544' title='bbox 2021 2416 2280 2488; x_wconf 86' lang='lat' dir='ltr'><strong>pluribus</strong></span> <span class='ocrx_word' id='word_1_545' title='bbox 2302 2417 2676 2488; x_wconf 86' lang='lat' dir='ltr'><strong>persequitur.</strong></span> <span class='ocrx_word' id='word_1_546' title='bbox 2711 2418 2843 2471; x_wconf 78' lang='lat' dir='ltr'><strong>Haec</strong></span> <span class='ocrx_word' id='word_1_547' title='bbox 2867 2419 3003 2489; x_wconf 88' lang='lat' dir='ltr'><strong>quin</strong></span> <span class='ocrx_word' id='word_1_548' title='bbox 3032 2436 3098 2472; x_wconf 82' lang='lat' dir='ltr'><strong>ex</strong></span> <span class='ocrx_word' id='word_1_549' title='bbox 3129 2420 3329 2474; x_wconf 88' lang='lat' dir='ltr'><strong>eodem</strong></span> 
     </span>
    </p>
   </div>
   <div class='ocr_carea' id='block_1_9' title="bbox 1763 2578 3330 5287">
    <p class='ocr_par' dir='ltr' id='par_1_13' title="bbox 1763 2578 3330 5287">
     <span class='ocr_line' id='line_1_79' title="bbox 1835 2578 3327 2639; baseline 0.004 -14"><span class='ocrx_word' id='word_1_550' title='bbox 1835 2578 1902 2636; x_wconf 67' lang='grc' dir='ltr'><strong>(Ἴ</strong></span> <span class='ocrx_word' id='word_1_551' title='bbox 1930 2581 2004 2626; x_wconf 79' lang='lat' dir='ltr'><strong>Ex</strong></span> <span class='ocrx_word' id='word_1_552' title='bbox 2037 2590 2203 2626; x_wconf 80' lang='lat' dir='ltr'><strong>eorum</strong></span> <span class='ocrx_word' id='word_1_553' title='bbox 2231 2590 2459 2636; x_wconf 85' lang='lat' dir='ltr'><strong>numero,</strong></span> <span class='ocrx_word' id='word_1_554' title='bbox 2479 2578 2563 2639; x_wconf 89' lang='lat' dir='ltr'><strong>qui</strong></span> <span class='ocrx_word' id='word_1_555' title='bbox 2597 2578 2772 2627; x_wconf 86' lang='lat' dir='ltr'><strong>librum</strong></span> <span class='ocrx_word' id='word_1_556' title='bbox 2809 2579 2872 2627; x_wconf 80' lang='lat' dir='ltr'><strong>ab</strong></span> <span class='ocrx_word' id='word_1_557' title='bbox 2897 2580 3156 2629; x_wconf 82' lang='lat' dir='ltr'><strong>llelleuista</strong></span> <span class='ocrx_word' id='word_1_558' title='bbox 3191 2596 3327 2633; x_wconf 85' lang='lat' dir='ltr'><strong>eom—</strong></span> 
     </span>
     <span class='ocr_line' id='line_1_80' title="bbox 1768 2648 3329 2712; baseline 0.004 -17"><span class='ocrx_word' id='word_1_559' title='bbox 1768 2648 1976 2708; x_wconf 82' lang='lat' dir='ltr'><strong>positum</strong></span> <span class='ocrx_word' id='word_1_560' title='bbox 2002 2650 2051 2695; x_wconf 90' lang='lat' dir='ltr'><strong>et</strong></span> <span class='ocrx_word' id='word_1_561' title='bbox 2090 2649 2179 2696; x_wconf 91' lang='lat' dir='ltr'><strong>sub</strong></span> <span class='ocrx_word' id='word_1_562' title='bbox 2207 2649 2418 2697; x_wconf 67' lang='lat' dir='ltr'><strong>Hecate-i</strong></span> <span class='ocrx_word' id='word_1_563' title='bbox 2452 2648 2688 2697; x_wconf 74' lang='lat' dir='ltr'><strong>Abderitae</strong></span> <span class='ocrx_word' id='word_1_564' title='bbox 2721 2650 2913 2698; x_wconf 88' lang='lat' dir='ltr'><strong>nominc</strong></span> <span class='ocrx_word' id='word_1_565' title='bbox 2938 2650 2984 2698; x_wconf 88' lang='lat' dir='ltr'><strong>in</strong></span> <span class='ocrx_word' id='word_1_566' title='bbox 3024 2651 3196 2712; x_wconf 75' lang='lat' dir='ltr'><strong>vulgus</strong></span> <span class='ocrx_word' id='word_1_567' title='bbox 3226 2654 3329 2700; x_wconf 87' lang='lat' dir='ltr'><strong>edi·</strong></span> 
     </span>
     <span class='ocr_line' id='line_1_81' title="bbox 1769 2716 3319 2780; baseline 0.005 -17"><span class='ocrx_word' id='word_1_568' title='bbox 1769 2718 1871 2763; x_wconf 86' lang='lat' dir='ltr'><strong>tum</strong></span> <span class='ocrx_word' id='word_1_569' title='bbox 1897 2719 2212 2776; x_wconf 86' lang='lat' dir='ltr'><strong>censuerunt,</strong></span> <span class='ocrx_word' id='word_1_570' title='bbox 2232 2718 2499 2766; x_wconf 78' lang='lat' dir='ltr'><strong>nominasse</strong></span> <span class='ocrx_word' id='word_1_571' title='bbox 2517 2716 2722 2765; x_wconf 80' lang='lat' dir='ltr'><strong>sufficiat</strong></span> <span class='ocrx_word' id='word_1_572' title='bbox 2744 2736 2757 2765; x_wconf 76' lang='lat' dir='ltr'>z</span> <span class='ocrx_word' id='word_1_573' title='bbox 2789 2719 2895 2766; x_wconf 82' lang='lat' dir='ltr'><strong>Jos.</strong></span> <span class='ocrx_word' id='word_1_574' title='bbox 2918 2720 3235 2780; x_wconf 61' lang='lat' dir='ltr'><strong>scalmos-mm</strong></span> <span class='ocrx_word' id='word_1_575' title='bbox 3269 2722 3319 2770; x_wconf 88' lang='lat' dir='ltr'><strong>in</strong></span> 
     </span>
     <span class='ocr_line' id='line_1_82' title="bbox 1771 2786 3322 2847; baseline 0.003 -13"><span class='ocrx_word' id='word_1_576' title='bbox 1771 2787 1911 2847; x_wconf 75' lang='lat' dir='ltr'><strong>Epist</strong></span> <span class='ocrx_word' id='word_1_577' title='bbox 1959 2791 2045 2835; x_wconf 77' lang='lat'><strong>115</strong></span> <span class='ocrx_word' id='word_1_578' title='bbox 2080 2786 2142 2835; x_wconf 82' lang='lat' dir='ltr'><strong>ad</strong></span> <span class='ocrx_word' id='word_1_579' title='bbox 2178 2786 2543 2846; x_wconf 78' lang='lat' dir='ltr'><strong>casaubonum3</strong></span> <span class='ocrx_word' id='word_1_580' title='bbox 2593 2786 2655 2835; x_wconf 81' lang='lat' dir='ltr'><strong>de</strong></span> <span class='ocrx_word' id='word_1_581' title='bbox 2697 2788 2915 2836; x_wconf 73' lang='lat' dir='ltr'><strong>Dalilen.</strong></span> <span class='ocrx_word' id='word_1_582' title='bbox 2951 2790 3001 2836; x_wconf 88' lang='lat' dir='ltr'><strong>in</strong></span> <span class='ocrx_word' id='word_1_583' title='bbox 3037 2790 3206 2840; x_wconf 85' lang='lat' dir='ltr'><strong>dissert</strong></span> <span class='ocrx_word' id='word_1_584' title='bbox 3261 2793 3322 2839; x_wconf 87' lang='lat' dir='ltr'><strong>de</strong></span> 
     </span>
     <span class='ocr_line' id='line_1_83' title="bbox 1770 2855 3316 2918; baseline 0.003 -14"><span class='ocrx_word' id='word_1_585' title='bbox 1770 2855 1947 2904; x_wconf 63' lang='lat' dir='ltr'><strong>Aristeu</strong></span> <span class='ocrx_word' id='word_1_586' title='bbox 1975 2869 2020 2903; x_wconf 92' lang='lat' dir='ltr'><strong>c.</strong></span> <span class='ocrx_word' id='word_1_587' title='bbox 2046 2864 2132 2915; x_wconf 80' lang='lat'><strong>29,</strong></span> <span class='ocrx_word' id='word_1_588' title='bbox 2151 2870 2197 2918; x_wconf 92' lang='lat' dir='ltr'><strong>p.</strong></span> <span class='ocrx_word' id='word_1_589' title='bbox 2231 2864 2350 2916; x_wconf 76' lang='lat'><strong>2²²3</strong></span> <span class='ocrx_word' id='word_1_590' title='bbox 2380 2857 2518 2906; x_wconf 76' lang='lat' dir='ltr'><strong>Rich.</strong></span> <span class='ocrx_word' id='word_1_591' title='bbox 2552 2859 2838 2906; x_wconf 76' lang='lat' dir='ltr'><strong>simonium</strong></span> <span class='ocrx_word' id='word_1_592' title='bbox 2860 2859 2906 2906; x_wconf 88' lang='lat' dir='ltr'><strong>in</strong></span> <span class='ocrx_word' id='word_1_593' title='bbox 2931 2861 3154 2908; x_wconf 76' lang='lat' dir='ltr'><strong>Histoire</strong></span> <span class='ocrx_word' id='word_1_594' title='bbox 3170 2864 3316 2909; x_wconf 79' lang='lat' dir='ltr'><strong>crici-</strong></span> 
     </span>
     <span class='ocr_line' id='line_1_84' title="bbox 1764 2925 3318 2992; baseline 0.004 -19"><span class='ocrx_word' id='word_1_595' title='bbox 1764 2938 1862 2988; x_wconf 78' lang='lat' dir='ltr'><strong>qne</strong></span> <span class='ocrx_word' id='word_1_596' title='bbox 1874 2925 1945 2974; x_wconf 78' lang='lat' dir='ltr'><strong>du</strong></span> <span class='ocrx_word' id='word_1_597' title='bbox 1969 2929 2122 2974; x_wconf 66' lang='lat' dir='ltr'><strong>viena:</strong></span> <span class='ocrx_word' id='word_1_598' title='bbox 2141 2929 2439 2984; x_wconf 69' lang='lat' dir='ltr'><strong>testantem,</strong></span> <span class='ocrx_word' id='word_1_599' title='bbox 2457 2927 2538 2975; x_wconf 83' lang='lat' dir='ltr'><strong>lib.</strong></span> <span class='ocrx_word' id='word_1_600' title='bbox 2559 2930 2596 2974; x_wconf 83' lang='grc' dir='ltr'>ιΙ</span> <span class='ocrx_word' id='word_1_601' title='bbox 2613 2963 2627 2988; x_wconf 88' lang='grc'><em>,</em></span> <span class='ocrx_word' id='word_1_602' title='bbox 2647 2941 2688 2974; x_wconf 88' lang='lat' dir='ltr'><strong>c.</strong></span> <span class='ocrx_word' id='word_1_603' title='bbox 2710 2933 2760 2984; x_wconf 81' lang='lat'><strong>2,</strong></span> <span class='ocrx_word' id='word_1_604' title='bbox 2790 2941 2835 2989; x_wconf 81' lang='lat' dir='ltr'><strong>p.</strong></span> <span class='ocrx_word' id='word_1_605' title='bbox 2854 2935 2934 2976; x_wconf 74' lang='lat'><strong>211</strong></span> <span class='ocrx_word' id='word_1_606' title='bbox 2957 2946 2971 2987; x_wconf 88' lang='lat'>;</span> <span class='ocrx_word' id='word_1_607' title='bbox 2994 2931 3318 2992; x_wconf 73' lang='lat' dir='ltr'><strong>numphred.</strong></span> 
     </span>
     <span class='ocr_line' id='line_1_85' title="bbox 1769 2995 3329 3061; baseline 0.004 -17"><span class='ocrx_word' id='word_1_608' title='bbox 1769 2995 1928 3056; x_wconf 74' lang='lat' dir='ltr'><strong>Hody.</strong></span> <span class='ocrx_word' id='word_1_609' title='bbox 1948 2995 1998 3043; x_wconf 90' lang='lat' dir='ltr'><strong>in</strong></span> <span class='ocrx_word' id='word_1_610' title='bbox 2017 2996 2136 3045; x_wconf 77' lang='lat' dir='ltr'><strong>Diss.</strong></span> <span class='ocrx_word' id='word_1_611' title='bbox 2155 2999 2322 3044; x_wconf 85' lang='lat' dir='ltr'><strong>contra</strong></span> <span class='ocrx_word' id='word_1_612' title='bbox 2343 2996 2587 3044; x_wconf 80' lang='lat' dir='ltr'><strong>historiam</strong></span> <span class='ocrx_word' id='word_1_613' title='bbox 2608 2996 2805 3046; x_wconf 77' lang='lat' dir='ltr'><strong>Aristeae</strong></span> <span class='ocrx_word' id='word_1_614' title='bbox 2823 3010 2870 3059; x_wconf 87' lang='lat' dir='ltr'><strong>p.</strong></span> <span class='ocrx_word' id='word_1_615' title='bbox 2893 3002 2979 3047; x_wconf 71' lang='lat'><strong>217</strong></span> <span class='ocrx_word' id='word_1_616' title='bbox 2998 3015 3012 3056; x_wconf 88' lang='lat'>;</span> <span class='ocrx_word' id='word_1_617' title='bbox 3033 3000 3329 3061; x_wconf 79' lang='lat' dir='ltr'><strong>Bennejum</strong></span> 
     </span>
     <span class='ocr_line' id='line_1_86' title="bbox 1764 3063 3327 3126; baseline 0.004 -15"><span class='ocrx_word' id='word_1_618' title='bbox 1764 3063 1811 3111; x_wconf 87' lang='lat' dir='ltr'><strong>in</strong></span> <span class='ocrx_word' id='word_1_619' title='bbox 1837 3065 1980 3124; x_wconf 77' lang='lat' dir='ltr'><strong>Epist.</strong></span> <span class='ocrx_word' id='word_1_620' title='bbox 2011 3064 2069 3112; x_wconf 81' lang='lat' dir='ltr'><strong>ad</strong></span> <span class='ocrx_word' id='word_1_621' title='bbox 2109 3064 2311 3112; x_wconf 84' lang='lat' dir='ltr'><strong>Millium</strong></span> <span class='ocrx_word' id='word_1_622' title='bbox 2344 3077 2391 3126; x_wconf 90' lang='lat' dir='ltr'><strong>p.</strong></span> <span class='ocrx_word' id='word_1_623' title='bbox 2429 3064 2616 3112; x_wconf 71' lang='lat' dir='ltr'><strong>saoed.</strong></span> <span class='ocrx_word' id='word_1_624' title='bbox 2647 3065 2756 3125; x_wconf 81' lang='lat' dir='ltr'><strong>Lips</strong></span> <span class='ocrx_word' id='word_1_625' title='bbox 2791 3081 2805 3125; x_wconf 88' lang='lat'>;</span> <span class='ocrx_word' id='word_1_626' title='bbox 2846 3069 3015 3114; x_wconf 81' lang='lat' dir='ltr'><strong>virum</strong></span> <span class='ocrx_word' id='word_1_627' title='bbox 3036 3067 3238 3117; x_wconf 80' lang='lat' dir='ltr'><strong>doctum</strong></span> <span class='ocrx_word' id='word_1_628' title='bbox 3277 3071 3327 3118; x_wconf 89' lang='lat' dir='ltr'><strong>iu</strong></span> 
     </span>
     <span class='ocr_line' id='line_1_87' title="bbox 1766 3133 3325 3197; baseline 0.003 -17"><span class='ocrx_word' id='word_1_629' title='bbox 1766 3133 2038 3181; x_wconf 78' lang='lat' dir='ltr'><strong>Eicliliornii</strong></span> <span class='ocrx_word' id='word_1_630' title='bbox 2064 3134 2204 3182; x_wconf 81' lang='lat' dir='ltr'><strong>Bibl.</strong></span> <span class='ocrx_word' id='word_1_631' title='bbox 2227 3133 2279 3182; x_wconf 79' lang='lat' dir='ltr'><strong>d.</strong></span> <span class='ocrx_word' id='word_1_632' title='bbox 2305 3133 2422 3182; x_wconf 78' lang='lat' dir='ltr'><strong>bibl.</strong></span> <span class='ocrx_word' id='word_1_633' title='bbox 2457 3136 2664 3182; x_wconf 74' lang='lat' dir='ltr'><strong>Lite-rat.</strong></span> <span class='ocrx_word' id='word_1_634' title='bbox 2690 3134 2781 3180; x_wconf 88' lang='lat' dir='ltr'><strong>vol.</strong></span> <span class='ocrx_word' id='word_1_635' title='bbox 2813 3136 2850 3181; x_wconf 87' lang='lat' dir='ltr'>V</span> <span class='ocrx_word' id='word_1_636' title='bbox 2867 3169 2881 3193; x_wconf 89' lang='lat'>‚</span> <span class='ocrx_word' id='word_1_637' title='bbox 2912 3139 3033 3196; x_wconf 80' lang='lat' dir='ltr'><strong>part.</strong></span> <span class='ocrx_word' id='word_1_638' title='bbox 3058 3142 3114 3196; x_wconf 78' lang='lat'><strong>3,</strong></span> <span class='ocrx_word' id='word_1_639' title='bbox 3137 3151 3183 3197; x_wconf 85' lang='lat' dir='ltr'><strong>p.</strong></span> <span class='ocrx_word' id='word_1_640' title='bbox 3209 3141 3290 3185; x_wconf 83' lang='grc'><strong>431</strong></span> <span class='ocrx_word' id='word_1_641' title='bbox 3312 3174 3325 3195; x_wconf 89' lang='grc'>,</span> 
     </span>
     <span class='ocr_line' id='line_1_88' title="bbox 1764 3203 3330 3265; baseline 0.003 -15"><span class='ocrx_word' id='word_1_642' title='bbox 1764 3204 1941 3251; x_wconf 81' lang='lat' dir='ltr'><strong>citante</strong></span> <span class='ocrx_word' id='word_1_643' title='bbox 1956 3207 2191 3251; x_wconf 82' lang='lat' dir='ltr'><strong>creuzero</strong></span> <span class='ocrx_word' id='word_1_644' title='bbox 2205 3205 2252 3252; x_wconf 88' lang='lat' dir='ltr'><strong>in</strong></span> <span class='ocrx_word' id='word_1_645' title='bbox 2269 3207 2451 3265; x_wconf 79' lang='lat' dir='ltr'><strong>Fragm.</strong></span> <span class='ocrx_word' id='word_1_646' title='bbox 2471 3206 2581 3252; x_wconf 79' lang='lat' dir='ltr'><strong>Hec.</strong></span> <span class='ocrx_word' id='word_1_647' title='bbox 2605 3203 2749 3251; x_wconf 80' lang='lat' dir='ltr'><strong>Miles.</strong></span> <span class='ocrx_word' id='word_1_648' title='bbox 2767 3216 2813 3264; x_wconf 88' lang='lat' dir='ltr'><strong>p.</strong></span> <span class='ocrx_word' id='word_1_649' title='bbox 2834 3208 2911 3262; x_wconf 76' lang='lat'><strong>³53</strong></span> <span class='ocrx_word' id='word_1_650' title='bbox 2941 3205 3330 3254; x_wconf 74' lang='lat' dir='ltr'><strong>Valckenarium</strong></span> 
     </span>
     <span class='ocr_line' id='line_1_89' title="bbox 1764 3272 3327 3335; baseline 0.002 -15"><span class='ocrx_word' id='word_1_651' title='bbox 1764 3276 1834 3320; x_wconf 89' lang='lat' dir='ltr'><strong>De</strong></span> <span class='ocrx_word' id='word_1_652' title='bbox 1856 3272 2127 3321; x_wconf 74' lang='lat' dir='ltr'><strong>Aristobulo</strong></span> <span class='ocrx_word' id='word_1_653' title='bbox 2151 3273 2285 3335; x_wconf 81' lang='lat' dir='ltr'><strong>(cap.</strong></span> <span class='ocrx_word' id='word_1_654' title='bbox 2315 3277 2376 3322; x_wconf 80' lang='lat' dir='ltr'><strong>vt</strong></span> <span class='ocrx_word' id='word_1_655' title='bbox 2397 3294 2406 3321; x_wconf 91' lang='lat'>:</span> <span class='ocrx_word' id='word_1_656' title='bbox 2432 3277 2499 3322; x_wconf 82' lang='lat' dir='ltr'><strong>De</strong></span> <span class='ocrx_word' id='word_1_657' title='bbox 2520 3273 2718 3324; x_wconf 68' lang='lat' dir='ltr'><strong>Judaeis</strong></span> <span class='ocrx_word' id='word_1_658' title='bbox 2746 3274 3054 3335; x_wconf 78' lang='lat' dir='ltr'><strong>quibusdam</strong></span> <span class='ocrx_word' id='word_1_659' title='bbox 3077 3278 3327 3324; x_wconf 77' lang='lat' dir='ltr'><strong>Groecien·</strong></span> 
     </span>
     <span class='ocr_line' id='line_1_90' title="bbox 1763 3342 3324 3405; baseline 0.003 -17"><span class='ocrx_word' id='word_1_660' title='bbox 1763 3342 1904 3389; x_wconf 77' lang='lat' dir='ltr'><strong>sibus</strong></span> <span class='ocrx_word' id='word_1_661' title='bbox 1916 3342 2338 3402; x_wconf 78' lang='lat' dir='ltr'><strong>fabulatoribus,</strong></span> <span class='ocrx_word' id='word_1_662' title='bbox 2358 3346 2518 3391; x_wconf 79' lang='lat' dir='ltr'><strong>eliam</strong></span> <span class='ocrx_word' id='word_1_663' title='bbox 2541 3346 2634 3403; x_wconf 83' lang='lat' dir='ltr'><strong>iis,</strong></span> <span class='ocrx_word' id='word_1_664' title='bbox 2655 3345 2773 3405; x_wconf 68' lang='grc' dir='ltr'><strong>(μῆ,</strong></span> <span class='ocrx_word' id='word_1_665' title='bbox 2796 3347 2894 3392; x_wconf 76' lang='lat' dir='ltr'><strong>visi</strong></span> <span class='ocrx_word' id='word_1_666' title='bbox 2919 3357 3018 3393; x_wconf 81' lang='lat' dir='ltr'><strong>non</strong></span> <span class='ocrx_word' id='word_1_667' title='bbox 3038 3344 3233 3398; x_wconf 64' lang='lat' dir='ltr'><strong>Judaei.</strong></span> <span class='ocrx_word' id='word_1_668' title='bbox 3258 3346 3324 3393; x_wconf 81' lang='lat' dir='ltr'><strong>de</strong></span> 
     </span>
     <span class='ocr_line' id='line_1_91' title="bbox 1765 3411 3323 3475; baseline 0.003 -18"><span class='ocrx_word' id='word_1_669' title='bbox 1765 3411 1918 3459; x_wconf 78' lang='lat' dir='ltr'><strong>rebus</strong></span> <span class='ocrx_word' id='word_1_670' title='bbox 1955 3414 2205 3473; x_wconf 77' lang='lat' dir='ltr'><strong>scripsere</strong></span> <span class='ocrx_word' id='word_1_671' title='bbox 2237 3412 2568 3472; x_wconf 74' lang='lat' dir='ltr'><strong>Judoeomm)</strong></span> <span class='ocrx_word' id='word_1_672' title='bbox 2593 3426 2638 3475; x_wconf 91' lang='lat' dir='ltr'><strong>p.</strong></span> <span class='ocrx_word' id='word_1_673' title='bbox 2687 3418 2739 3460; x_wconf 78' lang='lat'><strong>18</strong></span> <span class='ocrx_word' id='word_1_674' title='bbox 2782 3413 2929 3472; x_wconf 88' lang='lat' dir='ltr'><strong>(etin</strong></span> <span class='ocrx_word' id='word_1_675' title='bbox 2973 3414 3146 3464; x_wconf 82' lang='lat' dir='ltr'><strong>Euseb.</strong></span> <span class='ocrx_word' id='word_1_676' title='bbox 3195 3417 3244 3463; x_wconf 85' lang='lat' dir='ltr'><strong>P.</strong></span> <span class='ocrx_word' id='word_1_677' title='bbox 3270 3418 3323 3463; x_wconf 71' lang='lat' dir='ltr'><strong>F..</strong></span> 
     </span>
     <span class='ocr_line' id='line_1_92' title="bbox 1766 3480 3328 3542; baseline 0.002 -16"><span class='ocrx_word' id='word_1_678' title='bbox 1766 3482 1884 3527; x_wconf 86' lang='lat' dir='ltr'><strong>tom.</strong></span> <span class='ocrx_word' id='word_1_679' title='bbox 1913 3482 2006 3539; x_wconf 84' lang='lat' dir='ltr'><strong>lv,</strong></span> <span class='ocrx_word' id='word_1_680' title='bbox 2028 3493 2074 3542; x_wconf 90' lang='lat' dir='ltr'><strong>p.</strong></span> <span class='ocrx_word' id='word_1_681' title='bbox 2098 3487 2188 3529; x_wconf 77' lang='lat'><strong>356</strong></span> <span class='ocrx_word' id='word_1_682' title='bbox 2215 3480 2290 3528; x_wconf 86' lang='lat' dir='ltr'><strong>ed.</strong></span> <span class='ocrx_word' id='word_1_683' title='bbox 2314 3481 2611 3542; x_wconf 79' lang='lat' dir='ltr'><strong>Gaisiord.),</strong></span> <span class='ocrx_word' id='word_1_684' title='bbox 2640 3481 2720 3529; x_wconf 89' lang='lat' dir='ltr'><strong>ubi</strong></span> <span class='ocrx_word' id='word_1_685' title='bbox 2749 3482 2864 3531; x_wconf 87' lang='lat' dir='ltr'><strong>dicit</strong></span> <span class='ocrx_word' id='word_1_686' title='bbox 2888 3503 2899 3531; x_wconf 88' lang='lat'>:</span> <span class='ocrx_word' id='word_1_687' title='bbox 2925 3503 2946 3522; x_wconf 86' lang='lat'><em>«</em></span> <span class='ocrx_word' id='word_1_688' title='bbox 2978 3482 3069 3531; x_wconf 85' lang='lat' dir='ltr'><strong>Sed</strong></span> <span class='ocrx_word' id='word_1_689' title='bbox 3107 3486 3153 3531; x_wconf 83' lang='lat' dir='ltr'><strong>et</strong></span> <span class='ocrx_word' id='word_1_690' title='bbox 3179 3483 3328 3531; x_wconf 83' lang='lat' dir='ltr'><strong>histo·</strong></span> 
     </span>
     <span class='ocr_line' id='line_1_93' title="bbox 1766 3549 3321 3613; baseline 0.002 -17"><span class='ocrx_word' id='word_1_691' title='bbox 1766 3549 1846 3596; x_wconf 86' lang='lat' dir='ltr'><strong>rici</strong></span> <span class='ocrx_word' id='word_1_692' title='bbox 1874 3551 2153 3610; x_wconf 70' lang='lat' dir='ltr'><strong>Hecataeus,</strong></span> <span class='ocrx_word' id='word_1_693' title='bbox 2197 3550 2519 3612; x_wconf 76' lang='lat' dir='ltr'><strong>Eupolemus,</strong></span> <span class='ocrx_word' id='word_1_694' title='bbox 2549 3555 2843 3613; x_wconf 76' lang='lat' dir='ltr'><strong>Artapsnus,</strong></span> <span class='ocrx_word' id='word_1_695' title='bbox 2881 3552 3175 3612; x_wconf 76' lang='lat' dir='ltr'><strong>DemetriuS,</strong></span> <span class='ocrx_word' id='word_1_696' title='bbox 3213 3555 3321 3603; x_wconf 75' lang='lat' dir='ltr'><strong>Ari-</strong></span> 
     </span>
     <span class='ocr_line' id='line_1_94' title="bbox 1764 3619 3327 3683; baseline 0.003 -17"><span class='ocrx_word' id='word_1_697' title='bbox 1764 3622 1907 3677; x_wconf 84' lang='lat' dir='ltr'><strong>steas,</strong></span> <span class='ocrx_word' id='word_1_698' title='bbox 1929 3632 2037 3667; x_wconf 88' lang='lat' dir='ltr'><strong>meo</strong></span> <span class='ocrx_word' id='word_1_699' title='bbox 2056 3619 2249 3681; x_wconf 84' lang='lat' dir='ltr'><strong>quidem</strong></span> <span class='ocrx_word' id='word_1_700' title='bbox 2264 3620 2497 3669; x_wconf 80' lang='lat' dir='ltr'><strong>arbitratu</strong></span> <span class='ocrx_word' id='word_1_701' title='bbox 2522 3623 2712 3670; x_wconf 81' lang='lat' dir='ltr'><strong>suerunt</strong></span> <span class='ocrx_word' id='word_1_702' title='bbox 2730 3636 2896 3671; x_wconf 84' lang='lat' dir='ltr'><strong>omnes</strong></span> <span class='ocrx_word' id='word_1_703' title='bbox 2915 3621 3138 3683; x_wconf 79' lang='lat' dir='ltr'><strong>religione</strong></span> <span class='ocrx_word' id='word_1_704' title='bbox 3149 3625 3175 3671; x_wconf 83' lang='lat' dir='ltr'>J</span> <span class='ocrx_word' id='word_1_705' title='bbox 3183 3624 3327 3679; x_wconf 70' lang='lat' dir='ltr'><strong>mimi,</strong></span> 
     </span>
     <span class='ocr_line' id='line_1_95' title="bbox 1765 3689 3321 3752; baseline 0.003 -16"><span class='ocrx_word' id='word_1_706' title='bbox 1765 3701 1846 3736; x_wconf 80' lang='lat' dir='ltr'><strong>seu</strong></span> <span class='ocrx_word' id='word_1_707' title='bbox 1875 3689 1947 3738; x_wconf 81' lang='lat' dir='ltr'><strong>liis</strong></span> <span class='ocrx_word' id='word_1_708' title='bbox 1970 3689 2240 3738; x_wconf 85' lang='lat' dir='ltr'><strong>nominibus</strong></span> <span class='ocrx_word' id='word_1_709' title='bbox 2259 3691 2382 3738; x_wconf 87' lang='lat' dir='ltr'><strong>iuter</strong></span> <span class='ocrx_word' id='word_1_710' title='bbox 2403 3692 2655 3752; x_wconf 83' lang='lat' dir='ltr'><strong>populares</strong></span> <span class='ocrx_word' id='word_1_711' title='bbox 2675 3693 2850 3741; x_wconf 76' lang='lat' dir='ltr'><strong>fuerint</strong></span> <span class='ocrx_word' id='word_1_712' title='bbox 2875 3693 2974 3741; x_wconf 85' lang='lat' dir='ltr'><strong>noti</strong></span> <span class='ocrx_word' id='word_1_713' title='bbox 2991 3729 3004 3752; x_wconf 95' lang='lat'><strong>,</strong></span> <span class='ocrx_word' id='word_1_714' title='bbox 3024 3705 3107 3741; x_wconf 86' lang='lat' dir='ltr'><strong>seu</strong></span> <span class='ocrx_word' id='word_1_715' title='bbox 3129 3694 3321 3742; x_wconf 82' lang='lat' dir='ltr'><strong>nomina</strong></span> 
     </span>
     <span class='ocr_line' id='line_1_96' title="bbox 1766 3758 3323 3824; baseline 0.003 -19"><span class='ocrx_word' id='word_1_716' title='bbox 1766 3758 1969 3807; x_wconf 88' lang='lat' dir='ltr'><strong>mentiti.</strong></span> <span class='ocrx_word' id='word_1_717' title='bbox 2001 3779 2023 3801; x_wconf 75' lang='grc' dir='ltr'><strong>υ</strong></span> <span class='ocrx_word' id='word_1_718' title='bbox 2058 3760 2139 3808; x_wconf 81' lang='lat' dir='ltr'><strong>His</strong></span> <span class='ocrx_word' id='word_1_719' title='bbox 2156 3759 2277 3808; x_wconf 86' lang='lat' dir='ltr'><strong>adde</strong></span> <span class='ocrx_word' id='word_1_720' title='bbox 2300 3760 2381 3821; x_wconf 87' lang='lat' dir='ltr'><strong>qui</strong></span> <span class='ocrx_word' id='word_1_721' title='bbox 2405 3773 2557 3822; x_wconf 88' lang='lat' dir='ltr'><strong>nuper</strong></span> <span class='ocrx_word' id='word_1_722' title='bbox 2579 3761 2641 3810; x_wconf 87' lang='lat' dir='ltr'><strong>de</strong></span> <span class='ocrx_word' id='word_1_723' title='bbox 2659 3762 2824 3810; x_wconf 85' lang='lat' dir='ltr'><strong>eadem</strong></span> <span class='ocrx_word' id='word_1_724' title='bbox 2858 3776 2910 3810; x_wconf 91' lang='lat' dir='ltr'><strong>re</strong></span> <span class='ocrx_word' id='word_1_725' title='bbox 2932 3763 3091 3810; x_wconf 89' lang='lat' dir='ltr'><strong>denuo</strong></span> <span class='ocrx_word' id='word_1_726' title='bbox 3110 3763 3323 3824; x_wconf 73' lang='lat' dir='ltr'><strong>disputa-</strong></span> 
     </span>
     <span class='ocr_line' id='line_1_97' title="bbox 1771 3828 3323 3894; baseline 0.004 -18"><span class='ocrx_word' id='word_1_727' title='bbox 1771 3828 1858 3885; x_wconf 76' lang='lat' dir='ltr'><strong>vit,</strong></span> <span class='ocrx_word' id='word_1_728' title='bbox 1882 3832 1939 3877; x_wconf 84' lang='lat' dir='ltr'><strong>P.</strong></span> <span class='ocrx_word' id='word_1_729' title='bbox 1957 3832 2023 3878; x_wconf 75' lang='lat' dir='ltr'><strong>M.</strong></span> <span class='ocrx_word' id='word_1_730' title='bbox 2045 3832 2221 3878; x_wconf 78' lang='lat' dir='ltr'><strong>Cruiee</strong></span> <span class='ocrx_word' id='word_1_731' title='bbox 2238 3828 2286 3877; x_wconf 90' lang='lat' dir='ltr'><strong>in</strong></span> <span class='ocrx_word' id='word_1_732' title='bbox 2310 3830 2504 3878; x_wconf 86' lang='lat' dir='ltr'><strong>Dissert.</strong></span> <span class='ocrx_word' id='word_1_733' title='bbox 2532 3834 2598 3879; x_wconf 79' lang='lat' dir='ltr'><strong>De</strong></span> <span class='ocrx_word' id='word_1_734' title='bbox 2617 3832 2746 3881; x_wconf 82' lang='lat' dir='ltr'><strong>Flav.</strong></span> <span class='ocrx_word' id='word_1_735' title='bbox 2768 3833 2958 3894; x_wconf 81' lang='lat' dir='ltr'><strong>Josephi</strong></span> <span class='ocrx_word' id='word_1_736' title='bbox 2978 3833 3024 3880; x_wconf 85' lang='lat' dir='ltr'><strong>in</strong></span> <span class='ocrx_word' id='word_1_737' title='bbox 3044 3834 3323 3882; x_wconf 77' lang='lat' dir='ltr'><strong>auctoribus</strong></span> 
     </span>
     <span class='ocr_line' id='line_1_98' title="bbox 1765 3898 3323 3961; baseline 0.004 -16"><span class='ocrx_word' id='word_1_738' title='bbox 1765 3900 1932 3946; x_wconf 85' lang='lat' dir='ltr'><strong>contra</strong></span> <span class='ocrx_word' id='word_1_739' title='bbox 1963 3898 2189 3961; x_wconf 60' lang='lat' dir='ltr'><strong>apionem</strong></span> <span class='ocrx_word' id='word_1_740' title='bbox 2212 3899 2467 3948; x_wconf 77' lang='lat' dir='ltr'><strong>afferendis</strong></span> <span class='ocrx_word' id='word_1_741' title='bbox 2487 3900 2581 3950; x_wconf 81' lang='lat' dir='ltr'><strong>tide</strong></span> <span class='ocrx_word' id='word_1_742' title='bbox 2599 3905 2650 3950; x_wconf 88' lang='lat' dir='ltr'><strong>et</strong></span> <span class='ocrx_word' id='word_1_743' title='bbox 2678 3902 2980 3951; x_wconf 77' lang='lat' dir='ltr'><strong>auctoritate.</strong></span> <span class='ocrx_word' id='word_1_744' title='bbox 3005 3901 3150 3952; x_wconf 81' lang='lat' dir='ltr'><strong>Paris.</strong></span> <span class='ocrx_word' id='word_1_745' title='bbox 3179 3907 3294 3952; x_wconf 80' lang='grc'><strong>1844</strong></span> <span class='ocrx_word' id='word_1_746' title='bbox 3310 3940 3323 3960; x_wconf 88' lang='grc'>,</span> 
     </span>
     <span class='ocr_line' id='line_1_99' title="bbox 1766 3969 3323 4032; baseline 0.004 -18"><span class='ocrx_word' id='word_1_747' title='bbox 1766 3980 1813 4027; x_wconf 89' lang='lat' dir='ltr'><strong>p.</strong></span> <span class='ocrx_word' id='word_1_748' title='bbox 1841 3974 1901 4016; x_wconf 81' lang='grc'><strong>66</strong></span> <span class='ocrx_word' id='word_1_749' title='bbox 1931 3981 2036 4029; x_wconf 86' lang='lat' dir='ltr'><strong>sqq.</strong></span> <span class='ocrx_word' id='word_1_750' title='bbox 2059 3994 2122 4004; x_wconf 90' lang='lat'>—</span> <span class='ocrx_word' id='word_1_751' title='bbox 2159 3969 2429 4016; x_wconf 86' lang='lat' dir='ltr'><strong>Genuinum</strong></span> <span class='ocrx_word' id='word_1_752' title='bbox 2457 3982 2558 4018; x_wconf 83' lang='lat' dir='ltr'><strong>esse</strong></span> <span class='ocrx_word' id='word_1_753' title='bbox 2597 3971 2807 4020; x_wconf 77' lang='lat' dir='ltr'><strong>uecstoei</strong></span> <span class='ocrx_word' id='word_1_754' title='bbox 2842 3983 2965 4032; x_wconf 87' lang='lat' dir='ltr'><strong>opus</strong></span> <span class='ocrx_word' id='word_1_755' title='bbox 2996 3970 3174 4032; x_wconf 81' lang='lat' dir='ltr'><strong>opinati</strong></span> <span class='ocrx_word' id='word_1_756' title='bbox 3208 3977 3323 4020; x_wconf 89' lang='lat' dir='ltr'><strong>sunt</strong></span> 
     </span>
     <span class='ocr_line' id='line_1_100' title="bbox 1765 4036 3322 4100; baseline 0.003 -16"><span class='ocrx_word' id='word_1_757' title='bbox 1765 4040 2002 4096; x_wconf 75' lang='lat' dir='ltr'><strong>Spcnzer.</strong></span> <span class='ocrx_word' id='word_1_758' title='bbox 2033 4036 2080 4085; x_wconf 88' lang='lat' dir='ltr'><strong>in</strong></span> <span class='ocrx_word' id='word_1_759' title='bbox 2101 4039 2201 4085; x_wconf 88' lang='lat' dir='ltr'><strong>not.</strong></span> <span class='ocrx_word' id='word_1_760' title='bbox 2223 4037 2282 4085; x_wconf 82' lang='lat' dir='ltr'><strong>ad</strong></span> <span class='ocrx_word' id='word_1_761' title='bbox 2313 4039 2551 4100; x_wconf 82' lang='lat' dir='ltr'><strong>originem</strong></span> <span class='ocrx_word' id='word_1_762' title='bbox 2580 4040 2612 4088; x_wconf 93' lang='grc' dir='ltr'><strong>Ι.</strong></span> <span class='ocrx_word' id='word_1_763' title='bbox 2635 4040 2676 4100; x_wconf 87' lang='lat' dir='ltr'><strong>l,</strong></span> <span class='ocrx_word' id='word_1_764' title='bbox 2704 4043 2752 4089; x_wconf 89' lang='lat' dir='ltr'><strong>et</strong></span> <span class='ocrx_word' id='word_1_765' title='bbox 2771 4043 3000 4089; x_wconf 79' lang='lat' dir='ltr'><strong>Zorm&#39;us</strong></span> <span class='ocrx_word' id='word_1_766' title='bbox 3022 4039 3069 4087; x_wconf 91' lang='lat' dir='ltr'><strong>in</strong></span> <span class='ocrx_word' id='word_1_767' title='bbox 3093 4043 3322 4089; x_wconf 67' lang='lat' dir='ltr'><strong>Hecataei</strong></span> 
     </span>
     <span class='ocr_line' id='line_1_101' title="bbox 1768 4107 3323 4171; baseline 0.002 -15"><span class='ocrx_word' id='word_1_768' title='bbox 1768 4107 1947 4156; x_wconf 77' lang='lat' dir='ltr'><strong>Abder.</strong></span> <span class='ocrx_word' id='word_1_769' title='bbox 1985 4111 2308 4168; x_wconf 73' lang='lat' dir='ltr'><strong>Fraymenlis</strong></span> <span class='ocrx_word' id='word_1_770' title='bbox 2337 4108 2449 4168; x_wconf 88' lang='lat' dir='ltr'><strong>(sed</strong></span> <span class='ocrx_word' id='word_1_771' title='bbox 2489 4109 2544 4157; x_wconf 83' lang='lat' dir='ltr'><strong>iis</strong></span> <span class='ocrx_word' id='word_1_772' title='bbox 2576 4111 2793 4168; x_wconf 82' lang='lat' dir='ltr'><strong>tantum,</strong></span> <span class='ocrx_word' id='word_1_773' title='bbox 2830 4110 2913 4171; x_wconf 88' lang='lat' dir='ltr'><strong>qui</strong></span> <span class='ocrx_word' id='word_1_774' title='bbox 2945 4109 3004 4157; x_wconf 83' lang='lat' dir='ltr'><strong>ad</strong></span> <span class='ocrx_word' id='word_1_775' title='bbox 3042 4109 3323 4159; x_wconf 74' lang='lat' dir='ltr'><strong>,iudaeorum</strong></span> 
     </span>
     <span class='ocr_line' id='line_1_102' title="bbox 1765 4177 3321 4240; baseline 0.003 -16"><span class='ocrx_word' id='word_1_776' title='bbox 1765 4177 1876 4224; x_wconf 63' lang='lat' dir='ltr'><strong>hist.</strong></span> <span class='ocrx_word' id='word_1_777' title='bbox 1906 4179 2174 4237; x_wconf 78' lang='lat' dir='ltr'><strong>pertinent)</strong></span> <span class='ocrx_word' id='word_1_778' title='bbox 2195 4212 2209 4237; x_wconf 88' lang='lat'><strong>,</strong></span> <span class='ocrx_word' id='word_1_779' title='bbox 2232 4178 2390 4227; x_wconf 75' lang='lat' dir='ltr'><strong>Alton.</strong></span> <span class='ocrx_word' id='word_1_780' title='bbox 2421 4182 2564 4238; x_wconf 77' lang='lat'><strong>1730,</strong></span> <span class='ocrx_word' id='word_1_781' title='bbox 2586 4191 2633 4240; x_wconf 89' lang='lat' dir='ltr'><strong>p.</strong></span> <span class='ocrx_word' id='word_1_782' title='bbox 2657 4183 2701 4227; x_wconf 94' lang='grc'><strong>4.</strong></span> <span class='ocrx_word' id='word_1_783' title='bbox 2737 4179 3015 4228; x_wconf 85' lang='lat' dir='ltr'><strong>Tenendum</strong></span> <span class='ocrx_word' id='word_1_784' title='bbox 3035 4182 3192 4228; x_wconf 74' lang='lat' dir='ltr'><strong>tamen</strong></span> <span class='ocrx_word' id='word_1_785' title='bbox 3214 4183 3321 4228; x_wconf 82' lang='lat' dir='ltr'><strong>Zor-</strong></span> 
     </span>
     <span class='ocr_line' id='line_1_103' title="bbox 1770 4247 3323 4308; baseline 0.003 -15"><span class='ocrx_word' id='word_1_786' title='bbox 1770 4247 1931 4306; x_wconf 86' lang='lat' dir='ltr'><strong>nium,</strong></span> <span class='ocrx_word' id='word_1_787' title='bbox 1963 4247 2264 4306; x_wconf 85' lang='lat' dir='ltr'><strong>utjudicium</strong></span> <span class='ocrx_word' id='word_1_788' title='bbox 2283 4260 2423 4296; x_wconf 84' lang='lat' dir='ltr'><strong>suum</strong></span> <span class='ocrx_word' id='word_1_789' title='bbox 2449 4250 2670 4308; x_wconf 83' lang='lat' dir='ltr'><strong>tueatur,</strong></span> <span class='ocrx_word' id='word_1_790' title='bbox 2695 4251 2904 4297; x_wconf 75' lang='lat' dir='ltr'><strong>statuere</strong></span> <span class='ocrx_word' id='word_1_791' title='bbox 2931 4251 3206 4297; x_wconf 66' lang='lat' dir='ltr'><strong>Hecataeum</strong></span> <span class='ocrx_word' id='word_1_792' title='bbox 3238 4252 3323 4299; x_wconf 81' lang='lat' dir='ltr'><strong>Mi-</strong></span> 
     </span>
     <span class='ocr_line' id='line_1_104' title="bbox 1770 4314 3319 4379; baseline 0.005 -17"><span class='ocrx_word' id='word_1_793' title='bbox 1770 4314 1968 4374; x_wconf 86' lang='lat' dir='ltr'><strong>lesium,</strong></span> <span class='ocrx_word' id='word_1_794' title='bbox 2006 4328 2153 4376; x_wconf 89' lang='lat' dir='ltr'><strong>quem</strong></span> <span class='ocrx_word' id='word_1_795' title='bbox 2193 4315 2429 4364; x_wconf 89' lang='lat' dir='ltr'><strong>Diodorus</strong></span> <span class='ocrx_word' id='word_1_796' title='bbox 2451 4317 2511 4363; x_wconf 85' lang='lat' dir='ltr'><strong>de</strong></span> <span class='ocrx_word' id='word_1_797' title='bbox 2546 4317 2730 4366; x_wconf 79' lang='lat' dir='ltr'><strong>Judmis</strong></span> <span class='ocrx_word' id='word_1_798' title='bbox 2754 4317 2943 4379; x_wconf 78' lang='lat' dir='ltr'><strong>laudat,</strong></span> <span class='ocrx_word' id='word_1_799' title='bbox 2982 4331 3080 4367; x_wconf 87' lang='lat' dir='ltr'><strong>non</strong></span> <span class='ocrx_word' id='word_1_800' title='bbox 3114 4319 3319 4370; x_wconf 83' lang='lat' dir='ltr'><strong>eundem</strong></span> 
     </span>
     <span class='ocr_line' id='line_1_105' title="bbox 1768 4384 3321 4450; baseline 0.003 -19"><span class='ocrx_word' id='word_1_801' title='bbox 1768 4396 1869 4432; x_wconf 87' lang='lat' dir='ltr'><strong>esse</strong></span> <span class='ocrx_word' id='word_1_802' title='bbox 1930 4397 2041 4432; x_wconf 87' lang='lat' dir='ltr'><strong>cum</strong></span> <span class='ocrx_word' id='word_1_803' title='bbox 2102 4384 2327 4433; x_wconf 75' lang='lat' dir='ltr'><strong>Abderita</strong></span> <span class='ocrx_word' id='word_1_804' title='bbox 2352 4422 2367 4444; x_wconf 90' lang='lat'>‚</span> <span class='ocrx_word' id='word_1_805' title='bbox 2416 4389 2636 4447; x_wconf 79' lang='lat' dir='ltr'><strong>quamvis</strong></span> <span class='ocrx_word' id='word_1_806' title='bbox 2680 4386 2918 4437; x_wconf 79' lang='lat' dir='ltr'><strong>Abderitoe</strong></span> <span class='ocrx_word' id='word_1_807' title='bbox 2975 4387 3073 4437; x_wconf 80' lang='lat' dir='ltr'><strong>fere</strong></span> <span class='ocrx_word' id='word_1_808' title='bbox 3121 4390 3321 4450; x_wconf 72' lang='lat' dir='ltr'><strong>mqualis</strong></span> 
     </span>
     <span class='ocr_line' id='line_1_106' title="bbox 1768 4452 3310 4520; baseline 0.003 -20"><span class='ocrx_word' id='word_1_809' title='bbox 1768 4453 1910 4501; x_wconf 81' lang='lat' dir='ltr'><strong>fuisse</strong></span> <span class='ocrx_word' id='word_1_810' title='bbox 1934 4452 2123 4502; x_wconf 83' lang='lat' dir='ltr'><strong>debeat.</strong></span> <span class='ocrx_word' id='word_1_811' title='bbox 2149 4453 2275 4502; x_wconf 85' lang='lat' dir='ltr'><strong>idem</strong></span> <span class='ocrx_word' id='word_1_812' title='bbox 2305 4455 2505 4504; x_wconf 85' lang='lat' dir='ltr'><strong>zornius</strong></span> <span class='ocrx_word' id='word_1_813' title='bbox 2523 4456 2571 4504; x_wconf 88' lang='lat' dir='ltr'><strong>in</strong></span> <span class='ocrx_word' id='word_1_814' title='bbox 2601 4456 2803 4505; x_wconf 79' lang='lat' dir='ltr'><strong>verboso</strong></span> <span class='ocrx_word' id='word_1_815' title='bbox 2836 4458 3184 4507; x_wconf 77' lang='lat' dir='ltr'><strong>commentario</strong></span> <span class='ocrx_word' id='word_1_816' title='bbox 3224 4473 3310 4520; x_wconf 81' lang='lat' dir='ltr'><strong>pro</strong></span> 
     </span>
     <span class='ocr_line' id='line_1_107' title="bbox 1767 4522 3318 4587; baseline 0.004 -18"><span class='ocrx_word' id='word_1_817' title='bbox 1767 4535 1853 4569; x_wconf 91' lang='lat' dir='ltr'><strong>sua</strong></span> <span class='ocrx_word' id='word_1_818' title='bbox 1872 4523 2105 4570; x_wconf 84' lang='lat' dir='ltr'><strong>sententia</strong></span> <span class='ocrx_word' id='word_1_819' title='bbox 2131 4522 2292 4571; x_wconf 80' lang='lat' dir='ltr'><strong>laudat</strong></span> <span class='ocrx_word' id='word_1_820' title='bbox 2326 4525 2653 4587; x_wconf 73' lang='lat' dir='ltr'><strong>laquelotum</strong></span> <span class='ocrx_word' id='word_1_821' title='bbox 2668 4537 2762 4574; x_wconf 80' lang='lat' dir='ltr'><strong>sur</strong></span> <span class='ocrx_word' id='word_1_822' title='bbox 2781 4525 3069 4575; x_wconf 64' lang='lat' dir='ltr'><strong>vexistence</strong></span> <span class='ocrx_word' id='word_1_823' title='bbox 3097 4525 3159 4575; x_wconf 80' lang='lat' dir='ltr'><strong>de</strong></span> <span class='ocrx_word' id='word_1_824' title='bbox 3187 4530 3318 4577; x_wconf 75' lang='lat' dir='ltr'><strong>Dim</strong></span> 
     </span>
     <span class='ocr_line' id='line_1_108' title="bbox 1767 4595 3314 4659; baseline 0.005 -23"><span class='ocrx_word' id='word_1_825' title='bbox 1767 4604 1815 4652; x_wconf 79' lang='lat' dir='ltr'><strong>p.</strong></span> <span class='ocrx_word' id='word_1_826' title='bbox 1862 4595 1969 4640; x_wconf 89' lang='grc'><strong>484.</strong></span> <span class='ocrx_word' id='word_1_827' title='bbox 2016 4599 2123 4641; x_wconf 82' lang='lat'><strong>500.</strong></span> <span class='ocrx_word' id='word_1_828' title='bbox 2145 4618 2209 4627; x_wconf 92' lang='lat'>—</span> <span class='ocrx_word' id='word_1_829' title='bbox 2233 4595 2596 4643; x_wconf 73' lang='lat' dir='ltr'><strong>sainte-croix</strong></span> <span class='ocrx_word' id='word_1_830' title='bbox 2632 4595 2680 4643; x_wconf 86' lang='lat' dir='ltr'><strong>in</strong></span> <span class='ocrx_word' id='word_1_831' title='bbox 2701 4599 2888 4645; x_wconf 60' lang='lat' dir='ltr'><strong>Eram.</strong></span> <span class='ocrx_word' id='word_1_832' title='bbox 2910 4598 3084 4659; x_wconf 81' lang='lat' dir='ltr'><strong>eritiq.</strong></span> <span class='ocrx_word' id='word_1_833' title='bbox 3105 4595 3156 4644; x_wconf 85' lang='lat' dir='ltr'><strong>d.</strong></span> <span class='ocrx_word' id='word_1_834' title='bbox 3189 4596 3314 4644; x_wconf 71' lang='lat' dir='ltr'><strong>hist.</strong></span> 
     </span>
     <span class='ocr_line' id='line_1_109' title="bbox 1768 4660 3322 4727; baseline 0.003 -19"><span class='ocrx_word' id='word_1_835' title='bbox 1768 4660 1969 4709; x_wconf 74' lang='lat' dir='ltr'><strong>d&#39;Alex.</strong></span> <span class='ocrx_word' id='word_1_836' title='bbox 2009 4675 2056 4723; x_wconf 89' lang='lat' dir='ltr'><strong>p.</strong></span> <span class='ocrx_word' id='word_1_837' title='bbox 2098 4668 2189 4712; x_wconf 79' lang='lat'><strong>558</strong></span> <span class='ocrx_word' id='word_1_838' title='bbox 2216 4676 2265 4710; x_wconf 88' lang='lat' dir='ltr'><strong>n.</strong></span> <span class='ocrx_word' id='word_1_839' title='bbox 2285 4666 2314 4712; x_wconf 86' lang='grc'><strong>4</strong></span> <span class='ocrx_word' id='word_1_840' title='bbox 2343 4682 2356 4712; x_wconf 78' lang='lat' dir='ltr'><strong><em>z</em></strong></span> <span class='ocrx_word' id='word_1_841' title='bbox 2389 4682 2411 4705; x_wconf 74' lang='grc' dir='ltr'>σι</span> <span class='ocrx_word' id='word_1_842' title='bbox 2445 4665 2652 4713; x_wconf 73' lang='lat' dir='ltr'><strong>Hecatee</strong></span> <span class='ocrx_word' id='word_1_843' title='bbox 2683 4666 2839 4713; x_wconf 76' lang='lat' dir='ltr'><strong>sursit</strong></span> <span class='ocrx_word' id='word_1_844' title='bbox 2878 4666 2955 4714; x_wconf 80' lang='lat' dir='ltr'><strong>ete</strong></span> <span class='ocrx_word' id='word_1_845' title='bbox 2977 4665 3096 4727; x_wconf 77' lang='lat' dir='ltr'><strong>paye</strong></span> <span class='ocrx_word' id='word_1_846' title='bbox 3136 4678 3221 4725; x_wconf 84' lang='lat' dir='ltr'><strong>psr</strong></span> <span class='ocrx_word' id='word_1_847' title='bbox 3255 4666 3322 4712; x_wconf 78' lang='lat' dir='ltr'><strong>les</strong></span> 
     </span>
     <span class='ocr_line' id='line_1_110' title="bbox 1763 4731 3320 4797; baseline 0.004 -20"><span class='ocrx_word' id='word_1_848' title='bbox 1763 4731 1888 4778; x_wconf 81' lang='lat' dir='ltr'><strong>Juii&#39;s</strong></span> <span class='ocrx_word' id='word_1_849' title='bbox 1920 4745 2040 4792; x_wconf 89' lang='lat' dir='ltr'><strong>pour</strong></span> <span class='ocrx_word' id='word_1_850' title='bbox 2073 4732 2234 4794; x_wconf 80' lang='lat' dir='ltr'><strong>parler</strong></span> <span class='ocrx_word' id='word_1_851' title='bbox 2267 4733 2438 4795; x_wconf 74' lang='lat' dir='ltr'><strong>d‘eux,</strong></span> <span class='ocrx_word' id='word_1_852' title='bbox 2474 4748 2537 4782; x_wconf 91' lang='lat' dir='ltr'><strong>ou</strong></span> <span class='ocrx_word' id='word_1_853' title='bbox 2562 4735 2803 4797; x_wconf 79' lang='lat' dir='ltr'><strong>l’ouvrsge</strong></span> <span class='ocrx_word' id='word_1_854' title='bbox 2833 4734 2975 4797; x_wconf 86' lang='lat' dir='ltr'><strong>qu’en</strong></span> <span class='ocrx_word' id='word_1_855' title='bbox 3005 4736 3099 4784; x_wconf 81' lang='lat' dir='ltr'><strong>cite</strong></span> <span class='ocrx_word' id='word_1_856' title='bbox 3116 4734 3320 4795; x_wconf 74' lang='lat' dir='ltr'><strong>Joseplie</strong></span> 
     </span>
     <span class='ocr_line' id='line_1_111' title="bbox 1766 4801 3319 4868; baseline 0.005 -21"><span class='ocrx_word' id='word_1_857' title='bbox 1766 4813 1824 4848; x_wconf 84' lang='lat' dir='ltr'><strong>ne</strong></span> <span class='ocrx_word' id='word_1_858' title='bbox 1842 4802 1987 4850; x_wconf 81' lang='lat' dir='ltr'><strong>serait</strong></span> <span class='ocrx_word' id='word_1_859' title='bbox 2009 4815 2092 4864; x_wconf 84' lang='lat' dir='ltr'><strong>pas</strong></span> <span class='ocrx_word' id='word_1_860' title='bbox 2108 4801 2171 4852; x_wconf 88' lang='lat' dir='ltr'><strong>de</strong></span> <span class='ocrx_word' id='word_1_861' title='bbox 2196 4803 2290 4864; x_wconf 89' lang='lat' dir='ltr'><strong>lui,</strong></span> <span class='ocrx_word' id='word_1_862' title='bbox 2311 4804 2349 4851; x_wconf 85' lang='lat' dir='ltr'><strong>si</strong></span> <span class='ocrx_word' id='word_1_863' title='bbox 2385 4804 2479 4853; x_wconf 85' lang='lat' dir='ltr'><strong>l&#39;on</strong></span> <span class='ocrx_word' id='word_1_864' title='bbox 2495 4818 2556 4854; x_wconf 85' lang='lat' dir='ltr'><strong>en</strong></span> <span class='ocrx_word' id='word_1_865' title='bbox 2588 4805 2772 4868; x_wconf 78' lang='lat' dir='ltr'><strong>croyait</strong></span> <span class='ocrx_word' id='word_1_866' title='bbox 2786 4819 2848 4854; x_wconf 81' lang='lat' dir='ltr'><strong>au</strong></span> <span class='ocrx_word' id='word_1_867' title='bbox 2865 4806 3159 4867; x_wconf 74' lang='lat' dir='ltr'><strong>temoignsge</strong></span> <span class='ocrx_word' id='word_1_868' title='bbox 3174 4806 3319 4855; x_wconf 72' lang='lat' dir='ltr'><strong>d&#39;He-</strong></span> 
     </span>
     <span class='ocr_line' id='line_1_112' title="bbox 1768 4871 3321 4936; baseline 0.005 -19"><span class='ocrx_word' id='word_1_869' title='bbox 1768 4871 1990 4931; x_wconf 84' lang='lat' dir='ltr'><strong>rennius,</strong></span> <span class='ocrx_word' id='word_1_870' title='bbox 2019 4871 2272 4922; x_wconf 79' lang='lat' dir='ltr'><strong>lui-meme</strong></span> <span class='ocrx_word' id='word_1_871' title='bbox 2292 4887 2359 4923; x_wconf 88' lang='lat' dir='ltr'><strong>un</strong></span> <span class='ocrx_word' id='word_1_872' title='bbox 2382 4874 2466 4923; x_wconf 67' lang='lat' dir='ltr'><strong>des</strong></span> <span class='ocrx_word' id='word_1_873' title='bbox 2491 4876 2599 4936; x_wconf 85' lang='lat' dir='ltr'><strong>plus</strong></span> <span class='ocrx_word' id='word_1_874' title='bbox 2630 4876 2790 4925; x_wconf 74' lang='lat' dir='ltr'><strong>liei-dis</strong></span> <span class='ocrx_word' id='word_1_875' title='bbox 2820 4876 3067 4926; x_wconf 74' lang='lat' dir='ltr'><strong>taussaires</strong></span> <span class='ocrx_word' id='word_1_876' title='bbox 3105 4875 3165 4925; x_wconf 86' lang='lat' dir='ltr'><strong>de</strong></span> <span class='ocrx_word' id='word_1_877' title='bbox 3206 4874 3321 4924; x_wconf 79' lang='lat' dir='ltr'><strong>l&#39;sn·</strong></span> 
     </span>
     <span class='ocr_line' id='line_1_113' title="bbox 1768 4940 3322 5008; baseline 0.005 -21"><span class='ocrx_word' id='word_1_878' title='bbox 1768 4940 1956 5001; x_wconf 75' lang='lat' dir='ltr'><strong>tiquite.</strong></span> <span class='ocrx_word' id='word_1_879' title='bbox 1989 4961 2010 4984; x_wconf 73' lang='grc' dir='ltr'>υ</span> <span class='ocrx_word' id='word_1_880' title='bbox 2035 4946 2156 5000; x_wconf 83' lang='lat' dir='ltr'><strong>Quae</strong></span> <span class='ocrx_word' id='word_1_881' title='bbox 2189 4943 2304 5003; x_wconf 89' lang='lat' dir='ltr'><strong>quid</strong></span> <span class='ocrx_word' id='word_1_882' title='bbox 2336 4945 2538 5007; x_wconf 81' lang='lat' dir='ltr'><strong>probent</strong></span> <span class='ocrx_word' id='word_1_883' title='bbox 2580 4959 2669 5008; x_wconf 77' lang='lat' dir='ltr'><strong>ego</strong></span> <span class='ocrx_word' id='word_1_884' title='bbox 2704 4959 2890 5007; x_wconf 77' lang='lat' dir='ltr'><strong>quaero.</strong></span> <span class='ocrx_word' id='word_1_885' title='bbox 2912 4972 2976 4982; x_wconf 93' lang='lat'><strong>—</strong></span> <span class='ocrx_word' id='word_1_886' title='bbox 3013 4949 3210 4995; x_wconf 77' lang='lat' dir='ltr'><strong>Vossius</strong></span> <span class='ocrx_word' id='word_1_887' title='bbox 3250 4951 3322 4996; x_wconf 87' lang='lat' dir='ltr'><strong>Dc</strong></span> 
     </span>
     <span class='ocr_line' id='line_1_114' title="bbox 1768 5011 3316 5078; baseline 0.005 -21"><span class='ocrx_word' id='word_1_888' title='bbox 1768 5011 1884 5058; x_wconf 79' lang='lat' dir='ltr'><strong>llist.</strong></span> <span class='ocrx_word' id='word_1_889' title='bbox 1921 5025 1998 5071; x_wconf 83' lang='lat' dir='ltr'><strong>gr.</strong></span> <span class='ocrx_word' id='word_1_890' title='bbox 2025 5026 2073 5074; x_wconf 84' lang='lat' dir='ltr'><strong>p.</strong></span> <span class='ocrx_word' id='word_1_891' title='bbox 2101 5018 2157 5063; x_wconf 84' lang='lat' dir='ltr'><strong>s7</strong></span> <span class='ocrx_word' id='word_1_892' title='bbox 2180 5013 2294 5061; x_wconf 73' lang='lat' dir='ltr'><strong>nillil</strong></span> <span class='ocrx_word' id='word_1_893' title='bbox 2325 5013 2565 5074; x_wconf 86' lang='lat' dir='ltr'><strong>decernit;</strong></span> <span class='ocrx_word' id='word_1_894' title='bbox 2601 5037 2624 5058; x_wconf 74' lang='grc' dir='ltr'>«ι</span> <span class='ocrx_word' id='word_1_895' title='bbox 2665 5019 2911 5078; x_wconf 80' lang='lat' dir='ltr'><strong>Fortasse,</strong></span> <span class='ocrx_word' id='word_1_896' title='bbox 2930 5016 3026 5076; x_wconf 79' lang='lat' dir='ltr'><strong>sit,</strong></span> <span class='ocrx_word' id='word_1_897' title='bbox 3067 5019 3316 5065; x_wconf 78' lang='lat' dir='ltr'><strong>llecataeus</strong></span> 
     </span>
     <span class='ocr_line' id='line_1_115' title="bbox 1766 5079 3313 5146; baseline 0.005 -19"><span class='ocrx_word' id='word_1_898' title='bbox 1766 5092 1795 5127; x_wconf 78' lang='lat' dir='ltr'><strong>a</strong></span> <span class='ocrx_word' id='word_1_899' title='bbox 1819 5079 1998 5129; x_wconf 81' lang='lat' dir='ltr'><strong>Judaeis</strong></span> <span class='ocrx_word' id='word_1_900' title='bbox 2011 5094 2262 5142; x_wconf 79' lang='lat' dir='ltr'><strong>persuasus</strong></span> <span class='ocrx_word' id='word_1_901' title='bbox 2283 5081 2509 5134; x_wconf 78' lang='lat' dir='ltr'><strong>defecerit</strong></span> <span class='ocrx_word' id='word_1_902' title='bbox 2526 5099 2556 5133; x_wconf 76' lang='lat' dir='ltr'><strong>a</strong></span> <span class='ocrx_word' id='word_1_903' title='bbox 2582 5085 2805 5146; x_wconf 79' lang='lat' dir='ltr'><strong>religione</strong></span> <span class='ocrx_word' id='word_1_904' title='bbox 2824 5089 3118 5145; x_wconf 82' lang='lat' dir='ltr'><strong>Graecorum,</strong></span> <span class='ocrx_word' id='word_1_905' title='bbox 3141 5085 3179 5133; x_wconf 88' lang='lat' dir='ltr'><strong>si</strong></span> <span class='ocrx_word' id='word_1_906' title='bbox 3218 5098 3313 5134; x_wconf 88' lang='lat' dir='ltr'><strong>non</strong></span> 
     </span>
     <span class='ocr_line' id='line_1_116' title="bbox 1767 5148 3308 5216; baseline 0.006 -21"><span class='ocrx_word' id='word_1_907' title='bbox 1767 5148 1814 5196; x_wconf 89' lang='lat' dir='ltr'><strong>in</strong></span> <span class='ocrx_word' id='word_1_908' title='bbox 1837 5149 2111 5199; x_wconf 72' lang='lat' dir='ltr'><strong>universum</strong></span> <span class='ocrx_word' id='word_1_909' title='bbox 2126 5187 2140 5210; x_wconf 91' lang='lat'><strong>,</strong></span> <span class='ocrx_word' id='word_1_910' title='bbox 2160 5153 2326 5201; x_wconf 85' lang='lat' dir='ltr'><strong>saltem</strong></span> <span class='ocrx_word' id='word_1_911' title='bbox 2347 5154 2575 5202; x_wconf 72' lang='lat' dir='ltr'><strong>hactenus</strong></span> <span class='ocrx_word' id='word_1_912' title='bbox 2590 5190 2603 5212; x_wconf 85' lang='lat'>‚</span> <span class='ocrx_word' id='word_1_913' title='bbox 2629 5162 2682 5203; x_wconf 92' lang='lat' dir='ltr'><strong>ut</strong></span> <span class='ocrx_word' id='word_1_914' title='bbox 2719 5155 2865 5204; x_wconf 80' lang='lat' dir='ltr'><strong>videri</strong></span> <span class='ocrx_word' id='word_1_915' title='bbox 2889 5159 3044 5216; x_wconf 74' lang='lat' dir='ltr'><strong>posset</strong></span> <span class='ocrx_word' id='word_1_916' title='bbox 3072 5156 3308 5205; x_wconf 78' lang='lat' dir='ltr'><strong>constitu·</strong></span> 
     </span>
     <span class='ocr_line' id='line_1_117' title="bbox 1768 5220 2794 5287; baseline 0.01 -23"><span class='ocrx_word' id='word_1_917' title='bbox 1768 5221 1846 5264; x_wconf 79' lang='lat' dir='ltr'><strong>tus</strong></span> <span class='ocrx_word' id='word_1_918' title='bbox 1873 5220 1916 5266; x_wconf 68' lang='lat' dir='ltr'><strong>‘n</strong></span> <span class='ocrx_word' id='word_1_919' title='bbox 1938 5220 2148 5268; x_wconf 68' lang='lat' dir='ltr'><strong>confinio</strong></span> <span class='ocrx_word' id='word_1_920' title='bbox 2175 5223 2476 5270; x_wconf 75' lang='lat' dir='ltr'><strong>tenebrarum</strong></span> <span class='ocrx_word' id='word_1_921' title='bbox 2502 5223 2733 5287; x_wconf 81' lang='lat' dir='ltr'><strong>lucisque.</strong></span> <span class='ocrx_word' id='word_1_922' title='bbox 2775 5247 2794 5266; x_wconf 80' lang='grc' dir='ltr'>υ</span> 
     </span>
    </p>
   </div>
   <div class='ocr_carea' id='block_1_10' title="bbox 3070 5317 3121 5353">
    <p class='ocr_par' dir='ltr' id='par_1_14' title="bbox 3070 5317 3121 5353">
     <span class='ocr_line' id='line_1_118' title="bbox 3070 5317 3121 5353; baseline 0.02 -1"><span class='ocrx_word' id='word_1_923' title='bbox 3070 5317 3121 5353; x_wconf 75' lang='lat'><strong>2⁵</strong></span> 
     </span>
    </p>
   </div>
  </div>
 </body>
</html>
