3900 6042
534 467 643 515 188
848 501 856 508 .
1598 448 2084 508 ΑΒΙὸΤΟΤΕῌὸ
2139 448 2628 507 FRAGMENTA.

532 584 814 664 Πριηνεὺς,
850 586 1102 661 Πιττακῷ
1140 580 1487 656 Ἀντιμενίδας
1513 579 1602 637 καὶ
1633 581 1891 649 Ἀλκαῖος,
1924 581 2085 638 Ἀνα-
2261 585 2514 637 Socrates
2541 585 2679 636 Hist.
2713 585 2915 637 Ecclcs.
2949 586 3062 651 111,
3097 586 3193 661 23,
3223 606 3283 659 p,
3320 585 3425 640 165
3454 586 3540 641 ed.
3561 588 3744 641 parf-5·

536 673 728 753 ξαγόρα
751 673 1006 736 Σωσίὸιος
1072 669 1161 727 καὶ
1194 667 1461 745 Σιμωνίδῃ
1490 667 1818 745 Τιμοκρέων.
2188 670 2332 723 1686
2363 689 2375 723 :
2411 669 2527 726 Οὖκ
2555 666 2889 745 αἰσχύνονται
2910 668 3133 735 πολλοὺς
3157 671 3458 750 ἀνθρώπους
3488 670 3744 728 ἀποθεώ-

1096 799 1525 859 ΠΑΡΟῙΜΙΑΙ.
2179 776 2360 818 σαντες
2387 754 2478 811 καὶ
2505 752 2606 811 εἴθε
2631 775 2690 830 γε
2717 752 2814 811 κᾶν
2833 755 3092 832 χρηστοὺς
3109 756 3198 814 τὸν
3220 758 3414 836 τρόπον
3441 756 3478 827 ἢ
3508 756 3745 820 δικαίους

2178 836 2212 908 ἢ
2255 838 2548 918 σώφρονας,
2584 842 2718 898 ἀλλὰ
2749 842 3028 918 ἀνοίγνους,
3053 841 3285 915 ἀδίκους,
3316 841 3450 919 μέθῃ
3481 844 3748 900 δεδουλω-

618 933 904 1012 Παροιμίαι
930 932 978 988 α’
1001 936 1144 987 inter
1161 933 1364 1004 scripta
1388 934 1487 987 Ar.
1515 941 1792 984 memorat
1811 932 2092 1003 Diogenes
2182 924 2389 1000 μένους,
2438 925 2734 1005 Ἡρακλέας
2780 929 2913 1007 φημὶ
2950 928 3041 986 καὶ
3077 930 3354 994 Διονύσους
3386 929 3475 986 καὶ
3513 928 3749 998 Ἀσκλη-

536 1026 782 1080 Laertius
823 1026 890 1089 V,
922 1022 1016 1076 26.
1060 1020 1342 1092 Expressis
1372 1018 1557 1071 verbis
1597 1018 1930 1089 opusculum
1979 1017 2088 1071 hoc
2180 1011 2350 1078 πιούς·
2381 1013 2495 1070 καθ’
2522 1003 2593 1069 ὧν
2645 1018 2872 1093 συνεχῶς
2899 1016 2953 1071 ἐν
2989 1016 3095 1082 τοῖς
3120 1018 3276 1073 αὐτοῦ
3310 1015 3480 1092 λόγοις
3527 1016 3746 1090 ὀμνύων

535 1130 804 1182 nusquam
837 1109 1117 1162 laudatur.
1148 1107 1450 1176 Putarique
1480 1107 1651 1178 possit
1680 1107 1949 1158 seriorem
1983 1105 2088 1158 ali-
2184 1098 2424 1164 Αιδοίνιος
2449 1101 2542 1157 οὔκ
2566 1099 2896 1177 αἰσχύνεται·
2921 1091 2994 1157 ὧν
3034 1101 3151 1168 τοὺς
3180 1101 3476 1181 ἀρσενικοὺς
3521 1101 3618 1158 καὶ
3653 1107 3747 1171 θη-

535 1218 702 1270 quem
755 1195 1057 1269 proverbia
1102 1212 1225 1264 quae
1268 1194 1325 1244 in
1355 1186 1568 1245 Politiis
1615 1192 1714 1263 (fr.
1768 1208 1893 1244 110.
1961 1190 2086 1262 139.
2179 1184 2363 1251 λυκοὺς
2388 1184 2578 1265 ἔρωτας
2604 1188 2648 1243 εἷ
2680 1187 3170 1266 ἅπαριθμησαίμην,
3202 1189 3400 1267 μακρὸς
3428 1192 3556 1264 ἡμῖν
3587 1188 3747 1246 ἔσται

544 1286 671 1349 143.
700 1284 828 1351 167,
860 1300 909 1335 a.
955 1280 1082 1335 168.
1122 1298 1247 1348 170·
1294 1279 1421 1348 176.
1460 1277 1585 1332 181.
1638 1276 1765 1348 193.
1798 1276 1839 1350 ),
1872 1277 2090 1330 Rheto—
2181 1275 2209 1328 6
2239 1277 2331 1339 τῆς
2376 1272 2754 1352 παρεκὸάσεως
2800 1273 2980 1351 λόγος·
3007 1275 3223 1352 ἀρκέσαι
3257 1276 3312 1332 δὲ
3355 1281 3522 1332 ταῦτα
3545 1278 3750 1351 γνῶναι

534 1373 665 1424 ric-is
687 1381 743 1423 ct
774 1352 987 1423 Ethicis’
1005 1366 1374 1438 philosophus
1400 1366 1598 1436 passim
1629 1363 1889 1429 adducit,
1910 1364 2084 1417 colle-
2182 1358 2436 1416 ἐθέλουσιν
2461 1364 2489 1416 6
2508 1359 2570 1418 ’A
2590 1382 2646 1438 ρι
2663 1360 2891 1418 στοτέλ
2907 1385 3007 1426 ους
3031 1365 3078 1421 l]
3095 1361 3286 1427 έπλος
3315 1360 3404 1418 καὶ
3426 1361 3747 1421 emmunim»

535 1459 675 1529 gisse
705 1467 760 1509 et
786 1454 887 1509 sub
917 1452 1228 1507 Aristotelis
1257 1452 1485 1503 nomine
1520 1450 1777 1506 edidisse.
1810 1454 1882 1504 At
1922 1450 2086 1502 etiam
2185 1447 2444 1526 Στέφανος
2485 1446 2576 1504 καὶ
2612 1447 2856 1523 Ῥηγίνου
2889 1451 2916 1505 6
2941 1447 3310 1523 Πολυμνήμων
3335 1449 3427 1505 καὶ
3456 1452 3558 1506 τῶν
3589 1473 3750 1519 ποιη-

537 1544 665 1598 data
692 1560 862 1614 opera
882 1539 1234 1595 Aristotelem
1253 1537 1553 1609 proverbia
1567 1547 1822 1590 tractasse
1838 1536 2090 1607 liquetex
2181 1536 2281 1588 τῶν
2308 1532 2366 1589 τὸ
2391 1535 2602 1603 πλῆθος.
2635 1534 2712 1589 Ex
2747 1538 2977 1591 Socrate
2995 1537 3188 1591 eadem
3213 1539 3420 1610 repetit
3457 1524 3750 1612 Nicepho-

539 1630 807 1683 Athenaeo
825 1630 901 1695 11,
933 1645 990 1698 p.
1027 1626 1127 1696 60,
1159 1625 1218 1691 C,
1250 1625 1345 1676 ubi
1369 1625 1476 1677 ita:
1502 1621 1870 1700 Κηφισόδωρος
1898 1623 1925 1675 6
1955 1619 2085 1678 Ἰσο·
2183 1640 2274 1675 rus
2301 1621 2437 1678 llist.
2471 1625 2623 1680 Eccl.
2653 1625 2730 1689 X,
2758 1623 2854 1697 36,
2879 1626 2993 1681 vol.
3013 1626 3059 1691 1,
3087 1643 3149 1697 p.
3176 1623 3251 1696 89
3277 1627 3451 1679 Paris.
3492 1625 3666 1681 1630.

537 1713 751 1792 κράτους
777 1710 1009 1788 μαθητὴς
1035 1712 1086 1767 ἐν
1120 1716 1226 1773 τοῖς
1248 1706 1384 1764 κατὰ
1409 1706 1791 1785 Ἀριστοτέλους
1820 1710 1835 1783 (
1858 1704 2089 1784 τέσσαρα
2261 1710 2574 1763 Eustathius
2595 1710 2666 1764 ad
2690 1712 2758 1765 Il.
2782 1711 2847 1777 B,
2865 1729 2920 1783 p.
2949 1710 3084 1776 285,
3107 1718 3176 1775 2.ss
3205 1713 3373 1768 Rom.
3398 1731 3410 1765 :
3440 1709 3678 1788 Ἱστορεῖ
3695 1711 3748 1769 δὲ

538 1801 582 1857 δ’
622 1800 731 1858 ἐστὶ
776 1805 942 1855 ταῦτα
976 1795 1192 1874 βιὸλία)
1240 1797 1456 1873 ἐπιτιμᾷ
1482 1797 1558 1870 τῷ
1601 1791 1895 1872 φιλοσόφῳ,
1934 1795 2003 1858 ὥς
2032 1795 2089 1849 οὐ
2182 1796 2209 1850 6
2243 1793 2395 1857 αὐτὸς
2438 1793 2729 1873 Πορφύριος
2756 1796 2847 1853 καὶ
2887 1793 2967 1851 ὅτι
3006 1795 3360 1874 Ἀριστοτέλης
3411 1796 3746 1876 σύγγραμμα

538 1886 813 1956 ποιήσαντι
851 1884 1009 1960 λόγου
1037 1881 1173 1948 ἄξιον
1210 1880 1270 1937 τὸ
1298 1879 1583 1958 παροιμίας
1613 1883 1868 1959 ἀθροῖσαι.
1908 1914 1985 1922 -
2007 1883 2087 1938 Cf.

539 1976 846 2031 Aristotelis
874 1973 1143 2027 sententia
1189 1989 1280 2043 ap.
1322 1972 1609 2043 Synesium
1657 1973 1892 2024 Encom.
1936 1973 2089 2028 Calir.

540 2062 615 2134 59
641 2062 732 2117 ed.
773 2063 949 2115 Turn.
1000 2077 1013 2111 :
1051 2057 1172 2117 Πῶς
1196 2053 1238 2109 δ’
1268 2053 1385 2131 οὐχὶ
1414 2053 1568 2132 σορὸν
1595 2059 1626 2124 ἡ
1664 2054 1944 2133 παροιμία,
1972 2054 2091 2133 περὶ

537 2137 609 2201 ὧν
637 2141 992 2222 Ἀριστοτέλης
1012 2139 1183 2221 φησὶν,
1213 2138 1291 2196 ὅτι
1320 2143 1549 2205 παλαιᾶς
1578 2142 1676 2198 εἶσι
1709 2140 2011 2221 φιλοσοφίας
2039 2143 2092 2198 ἐν

538 2234 651 2295 ταῖς
682 2228 948 2307 μεγίσταις
968 2225 1252 2303 ἀνθρώπων
1272 2230 1481 2304 φθοραῖς
1515 2226 1841 2302 ἀπολομένης
1866 2228 2091 2303 ἐγκατα-

540 2316 807 2392 λείμματα
852 2312 1203 2393 περισωθέντα
1252 2309 1337 2369 διὰ
1362 2311 1642 2386 συντομίαν
1669 2311 1759 2370 καὶ
1800 2312 2089 2384 δεξιότητα.

541 2406 625 2460 (tf.
674 2403 1082 2459 Schneidewin.
1127 2401 1347 2457 Praelat.
1397 2401 1470 2455 ad
1494 2402 1860 2475 Paroemiogr.
1913 2421 1970 2475 p.
2012 2404 2089 2456 11.

541 2496 800 2546 Ceterum
844 2489 963 2543 fieri
1004 2489 1163 2543 facile
1189 2499 1373 2561 potest
1411 2499 1474 2540 ut
1511 2507 1656 2542 unus
1698 2489 1782 2541 vel
1827 2490 1968 2543 alter
2010 2491 2093 2543 lo·

543 2599 671 2643 ῡιιε,
698 2597 864 2651 quem
889 2577 1103 2631 Potitiis
1131 2576 1391 2641 attribui,
1419 2593 1450 2629 e
1480 2576 1916 2629 Proverhiorum
1947 2576 2094 2630 libro

541 2668 746 2738 petitus
767 2668 854 2723 sit.
870 2662 1133 2737 Superest
1149 2681 1292 2717 unus
1305 2663 1461 2715 locus
1480 2679 1647 2733 quem
1664 2663 1758 2716 hic
1780 2663 2089 2717 exhibebo:

1252 2748 1384 2803 280.

623 2841 938 2895 Eustathius
965 2836 1038 2892 ad
1057 2839 1225 2892 Hom.
1261 2837 1457 2908 Odyss.
1482 2838 1548 2903 V,
1577 2835 1690 2900 408
1724 2852 1738 2892 ε
1764 2832 1833 2892 Ὁ
1861 2832 1913 2890 δὲ
1946 2835 2098 2899 αὐτὸς

546 2928 660 2997 (sc.
692 2927 982 2980 Pausanias
1025 2924 1297 2996 gramm.)
1323 2918 1577 2994 λέγεικαὶ
1622 2920 1700 2977 ὅτι
1745 2920 2099 2999 Ἀριστοτέλης

545 3014 742 3087 ἱστορεῖ
786 3012 968 3084 λοιμοῦ
999 3007 1351 3086 κατασχόντος
1382 3006 1472 3064 καὶ
1500 3007 1736 3086 κοράκων
1764 3011 1969 3066 πολλῶν
2010 3033 2095 3087 γε·

548 3096 775 3172 νομένων
814 3094 930 3161 τοὺς
956 3093 1253 3173 ἀνθρώπους
1281 3092 1589 3172 θηρεύοντας
1615 3093 1796 3159 αὐτοὺς
1827 3095 1917 3152 καὶ
1944 3119 2097 3175 περι-

548 3181 886 3261 καθαίροντας
916 3181 1177 3245 ἐπαοιδαῖς
1201 3181 1405 3259 ἀφιέναι
1429 3182 1623 3246 ζῶντας
1639 3180 1729 3237 καὶ
1749 3180 2006 3258 ἐπιλέγειν
2024 3186 2098 3262 τῷ

547 3272 742 3348 λοιμῷ·
773 3269 950 3347 φεῦγ’
997 3268 1054 3332 ἐς
1093 3266 1411 3344 κόρακας.
1444 3270 1578 3324 Aliae
1607 3271 1898 3341 proverbii
1921 3273 2100 3344 expli-

549 3360 795 3414 cationes
824 3359 859 3412 l.
884 3358 922 3413 l.
951 3356 1282 3423 afferuntur,
1317 3374 1554 3427 quarum
1591 3374 1703 3411 uua
1737 3359 1982 3429 pertinet
2028 3359 2099 3414 ad

547 3447 837 3500 historiam
872 3445 1201 3521 Boeotorum
1235 3444 1621 3498 Thessalorum
1660 3463 1673 3497 z
1714 3442 2019 3508 Παυσανίας
2047 3443 2103 3501 δέ

549 3551 705 3608 φησιν
744 3526 821 3585 ὅτι
846 3530 1085 3593 Βοιωτοῖς
1114 3527 1376 3605 ἔχρησενὸ
1396 3527 1505 3592 θεὸς
1534 3527 1651 3585 ἔνθα
1683 3530 1858 3587 λευκοὶ
1886 3530 2103 3608 κόρακες

552 3618 724 3681 αὐτοῖς
746 3618 987 3694 ὀφθῶσιν,
1016 3618 1123 3672 ἐκεῖ
1155 3615 1434 3672 κατοικεῖν·
1466 3613 1657 3680 ἰδόντες
1682 3607 1770 3673 οὗν
1798 3639 1925 3695 φησι
1946 3618 2105 3694 κόρα-

551 3718 645 3759 κας
684 3692 995 3768 πετομένους
1035 3692 1155 3771 περὶ
1198 3691 1288 3751 τὸν
1339 3694 1712 3770 Παγασητικὸν
1763 3697 1976 3766 κόλπον,
2015 3693 2102 3761 οὓς

553 3780 741 3839 ἄκακοι
769 3781 946 3845 παῖδες
975 3777 1269 3860 ἐγύψωσαν,
1294 3778 1508 3857 ᾤκησαν
1536 3783 1670 3849 ἐκεῖ,
1701 3780 2013 3847 καλέσαντες
2043 3781 2103 3838 τὸ

550 3867 742 3947 χωρίον
786 3866 1060 3947 Κόρακας,
1101 3866 1312 3946 ὕστερον
1356 3866 1408 3925 δὲ
1440 3869 1643 3933 Αἰολεῖς
1673 3867 1981 3934 ἐκὸαλόντες
2009 3870 2099 3925 αὖ·

2183 1881 2741 1960 πραγματευσάμενος,
2772 1880 2899 1961 ὅπερ
2928 1882 3117 1952 ἐκλήθη
3167 1884 3456 1955 Πέπλος,
3492 1890 3750 1960 γενεαλο-

2181 1968 2296 2044 γίας
2314 1991 2368 2026 τε
2391 1966 2654 2044 ἡγεμόνων
2675 1967 2872 2036 ἐξέθετο
2893 1969 2982 2026 καὶ
3010 1973 3137 2026 νεῶν
3159 1969 3393 2028 ἑκάστων
3413 1972 3634 2050 ἀριθμὸν
3654 1974 3746 2032 καὶ

2183 2055 2560 2129 ἐπιγράμματα
2590 2056 2659 2120 εἰς
2706 2055 2918 2127 αὐτοὺς,
2962 2056 2996 2113 ἃ
3024 2057 3109 2113 καὶ
3145 2057 3503 2137 ἀναγράφεται
3546 2063 3575 2117 6
3607 2063 3749 2137 Πορ·

2183 2142 2357 2220 φύριος
2384 2143 2436 2197 ἐν
2459 2149 2562 2207 τοῖς
2581 2144 2650 2207 εἷς
2687 2140 2772 2199 τὸν
2805 2141 3072 2219 Ὅμηρον,
3123 2142 3269 2199 ἁπλᾶ
3297 2143 3425 2201 ὄντα
3456 2144 3551 2202 καὶ
3596 2146 3745 2203 οὐδέν

2182 2251 2233 2284 τι
2269 2224 2412 2306 παχὺ
2454 2227 2544 2285 καὶ
2568 2229 2880 2307 φλεγμαῖνον
2918 2228 3132 2306 ἔχοντα·
3191 2229 3399 2309 δίστιχα
3448 2230 3504 2289 δὲ
3555 2230 3622 2289 τὰ
3648 2234 3748 2291 ὅλα

2184 2316 2353 2372 ἐκεῖνα
2385 2314 2506 2393 δίχα
2535 2320 2626 2373 τοῦ
2657 2315 2891 2394 ῥηθέντος
2920 2317 2991 2381 εἷς
3017 2318 3106 2372 τὸν
3141 2314 3369 2377 Αἴαντα.

2263 2405 2478 2474 Quibus
2498 2406 2821 2459 testimoniis
2840 2407 2879 2459 si
2895 2404 3148 2476 junxeris
3176 2408 3488 2480 fragmenta
3522 2415 3711 2484 operis
3728 2456 3743 2479 ‚

2186 2491 2413 2563 colligas
2475 2490 2784 2545 fabularem
2813 2491 2885 2545 de
2911 2492 3020 2546 diis
3052 2505 3106 2547 et
3143 2494 3414 2549 heroibus
3453 2497 3745 2553 historiam

2186 2578 2245 2630 in
2273 2578 2447 2649 Peplo
2473 2579 2780 2651 expositam
2810 2597 2924 2633 esse
2950 2598 3118 2652 prosa
3144 2584 3422 2651 oratione,
3456 2585 3534 2638 ita
3564 2597 3744 2640 tamen

2186 2675 2250 2716 ut
2275 2664 2622 2736 singulorum
2668 2666 2905 2720 heroum
2926 2667 3170 2721 historiae
3212 2671 3564 2741 epigramma
3609 2674 3744 2726 sub-

2180 2748 2394 2820 jectum
2435 2761 2599 2819 esset,
2643 2754 2880 2824 patriam
2918 2753 3350 2826 uniuscujusque
3390 2765 3445 2809 et
3492 2770 3747 2829 parentes

2190 2837 2499 2907 mortisque
2552 2856 2726 2910 genus
2756 2839 2949 2910 paucis
2993 2841 3502 2912 comprehendens.
3553 2848 3747 2900 Versus

2191 2923 2275 2975 isti
2295 2925 2646 2978 memoriales
2677 2924 2838 2978 fuisse
2876 2926 2936 2978 in
2955 2944 3118 2979 usum
3161 2927 3472 2998 juventutis
3506 2933 3744 3003 putandi

2188 3021 2331 3064 sunt.
2361 3012 2579 3064 Horum
2604 3030 2700 3065 eos
2721 3014 2818 3084 qui
2847 3014 3160 3067 Homericis
3171 3014 3440 3069 heroibus
3459 3016 3745 3074 illustran-

2191 3094 2275 3147 dis
2307 3107 2484 3149 essent
2509 3108 2859 3168 excerpserat
2888 3099 3263 3171 Porphyrius3
3306 3117 3374 3155 ex
3423 3104 3747 3179 Porphyrio

2191 3179 2538 3254 deprompsit
2565 3184 2896 3251 Eustathius,
2921 3186 3019 3255 qui
3035 3204 3208 3257 quum
3229 3190 3410 3259 ipsum
3434 3192 3748 3248 Aristotelis

2191 3268 2399 3321 librum
2438 3288 2554 3322 non
2577 3271 2828 3336 vidisset,
2858 3282 3066 3326 temere
3092 3277 3423 3346 persuasisse
3455 3278 3563 3332 sibi
3593 3281 3747 3335 vide-

2191 3365 2283 3408 tur
2311 3356 2706 3429 epigrammata
2733 3359 2956 3412 nonnisi
2990 3359 3062 3412 ad
3088 3360 3258 3416 duces
3280 3365 3619 3420 Homericos
3649 3387 3749 3421 na-

2191 3443 2456 3513 viumque
2476 3444 2785 3515 catalogum
2807 3446 3155 3516 pertinuisse.
3179 3449 3300 3503 Alia
3319 3449 3572 3521 ejusdem
3593 3456 3746 3527 Pepli

2192 3529 2589 3599 epigrammata
2636 3531 2907 3584 nescimus
2960 3550 2989 3585 a
3042 3551 3288 3604 quonam
3317 3550 3580 3611 excerpta
3615 3542 3748 3596 Ste-

2190 3614 2407 3684 phanus
2441 3616 2650 3668 invenit
2674 3617 2733 3668 in
2759 3616 2956 3671 codice
2989 3620 3337 3679 Florentino,
3368 3625 3490 3678 Alia
3531 3628 3749 3682 Tzetzes

2193 3701 2249 3753 in
2277 3701 2499 3755 scholiis
2529 3703 2840 3757 Homericis
2857 3705 3090 3775 praebet.
3121 3705 3261 3762 llinc
3282 3710 3514 3765 collecta
3541 3713 3746 3769 deinde

2193 3787 2250 3839 in
2281 3789 2648 3861 Anthologias
2694 3790 3038 3863 migrarunt3
3072 3797 3394 3867 nuperrime
3418 3810 3606 3853 autem
3640 3804 3747 3856 exi-

2195 3874 2362 3926 miam
2392 3875 2455 3928 iis
2483 3893 2712 3946 operam
2752 3880 2970 3932 navavit
2999 3880 3459 3938 Schneidewinus
3486 3887 3502 3957 (
3525 3887 3582 3939 iu
3628 3889 3747 3941 Phi·

551 3954 667 4021 τοὺς
690 3953 921 4031 ἔπεμπον
952 3953 1187 4019 ἐκεῖτοὺς
1214 3954 1670 4034 φυγαδευομένους.
1702 3958 1787 4015 Cf.
1805 3959 2035 4012 Photius
2051 3970 2107 4012 et
2195 3960 2386 4033 lologo
2417 3962 2562 4025 1846
2583 3961 2709 4015 fasc
2746 3981 2765 4015 1
2783 3982 2877 4036 ,p.
2908 3984 2929 4018 1
2961 3983 3085 4038 sqq.
3105 3964 3147 4040 )‚
3173 3967 3437 4042 idemque
3452 3973 3669 4044 primus
3691 3977 3744 4028 in

551 4045 747 4100 Suidas
764 4063 816 4099 v.
848 4041 934 4106 Ἐς
963 4040 1208 4120 κόρακας.
1238 4045 1403 4098 Plura
1431 4044 1528 4098 dat
1552 4046 1878 4099 Leutschius
1903 4045 1976 4099 ad
2004 4047 2109 4099 Pa·-
2194 4049 2470 4102 rationem
2501 4050 2670 4103 totius
2691 4052 2877 4123 operis
2895 4056 3203 4109 accuratius
3226 4057 3531 4128 inquisivit.

554 4148 716 4187 roem.
744 4133 800 4199 1,
831 4149 889 4203 p.
940 4130 1011 4201 78
1058 4150 1143 4204 sq.
1177 4130 1261 4187 Cf.
1290 4133 1453 4185 etiam
1480 4131 1888 4188 Schneidewin.
1911 4132 1947 4185 l.
1987 4133 2021 4185 l.
2051 4135 2108 4185 iu
2274 4137 2394 4189 Jam
2424 4136 2579 4206 quod
2605 4148 2891 4191 auctorem
2935 4142 3160 4209 attinet,
3188 4143 3649 4202 Schneidewinus
3688 4168 3741 4221 p.

553 4220 852 4293 praesat.p.
892 4220 1002 4276 111.
2149 4198 2156 4299 Ι
2203 4241 2271 4275 ιο
2321 4223 2396 4275 ita
2437 4223 2602 4276 habet
2653 4243 2665 4275 :
2716 4248 2738 4271 α
2770 4226 2924 4298 Pepli
2955 4229 3167 4282 mentio
3207 4246 3322 4283 non
3371 4229 3433 4283 fit
3475 4234 3532 4286 in
3564 4235 3744 4289 indice

2149 4306 2156 4355 Ι
2194 4309 2527 4381 scriptorum
2554 4310 2863 4363 Aristotelis
2885 4328 2976 4378 eo,
3008 4331 3174 4383 quem
3197 4316 3474 4389 Diogenes
3491 4321 3741 4374 Laertius

1120 4355 1141 4432 [
1170 4355 1501 4413 ΠΕΠΑΟΣ·
1534 4353 1555 4428 ]
1698 4392 1707 4397 ’
2196 4396 2450 4466 reliquit;
2482 4414 2676 4449 verum
2697 4398 2907 4450 rettulit
2926 4400 2982 4451 in
2999 4418 3294 4455 numerum
3319 4404 3650 4476 Anonymus
3672 4407 3738 4460 ab

636 4481 721 4533 De
741 4479 887 4533 libro
916 4479 1274 4534 Aristotelico
1299 4519 1314 4543 ‚
1346 4479 1442 4549 qui
1472 4474 1677 4538 Πέπλος
1701 4478 1717 4550 (
1740 4478 1825 4531 vel
1857 4473 2101 4552 Πέπλοι)
2196 4480 2422 4552 AEgidio
2469 4483 2725 4554 lllenagio
2775 4485 3021 4555 primum
3060 4486 3242 4541 editus
3291 4490 3442 4561 apud
3482 4494 3740 4547 Buhlium

560 4567 901 4632 inscribitur,
924 4567 1235 4620 testimonia
1257 4575 1473 4619 exstant
1500 4564 1616 4618 duo
1638 4565 1819 4619 haeccc
1850 4584 1880 4617 :-
2197 4569 2363 4622 Arist.
2396 4571 2543 4640 Opp.
2578 4580 2712 4625 tom.
2751 4572 2805 4637 1,
2837 4590 2891 4644 p.
2932 4572 3004 4637 64
3034 4589 3048 4628 ε
3093 4570 3322 4630 Πέπλον.
3357 4577 3516 4632 Idem
3548 4581 3740 4635 iterum

569 4678 3742 4706 Q

561 4729 764 4778 aemulus
799 4731 1031 4790 cercops;
1065 4728 1290 4777 defuncto
1321 4732 1483 4776 autem
1524 4727 1865 4789 xenophanes;
1908 4728 2110 4777 Pindaro
2757 4736 3210 4797 PROVERBJA

562 4806 676 4853 item
695 4817 808 4853 cum
824 4804 1134 4865 Amphituene
1150 4806 1249 4853 Coo
1264 4804 1504 4853 eontentio
1521 4804 1609 4852 suit
1622 4840 1637 4863 ‚
1656 4804 1840 4852 Thaleti
1862 4818 1975 4852 cum
1999 4806 2110 4853 Phe·
2912 4852 3014 4901 280

564 4881 734 4942 recyde
750 4917 764 4942 ,
786 4881 1036 4943 Biantique
1057 4894 1170 4929 cum
1189 4880 1353 4930 salaro
1378 4880 1615 4940 Prienae03
1639 4881 1824 4930 Pittaco
1843 4894 1955 4928 cum
1975 4881 2111 4930 Anti·
3021 4887 3034 4900 ·

564 4957 753 5007 menide
769 4959 817 5006 et
855 4957 1037 5018 Alcaeo,
1074 4962 1363 5017 Anaxagorae
1404 4970 1515 5005 cum
1554 4956 1763 5018 Sosibio,
1788 4956 2113 5018 Simonidique
2265 4943 2565 5005 Μῑὸῑθῑθῑθὸ,
2615 4947 2848 4996 Pausania
2893 4950 3040 5009 ῑῶῖθ,
3090 4952 3279 5010 mrsu·
3334 4956 3467 5012 Ρθόῑθ
3507 4960 3743 5015 firme

566 5048 679 5082 ..um
714 5034 1060 5083 Tuum-‚monta
2203 5031 2356 5079 quum
2393 5022 2526 5068 corvi
2564 5021 2781 5072 adessent
2815 5026 3068 5086 permulti,
3109 5026 3326 5076 homines
3358 5042 3444 5077 eos
3487 5032 3666 5092 cepisse
3697 5038 3742 5081 et

2204 5098 2454 5156 purgantes
2476 5097 2876 5149 inmutationibus
2906 5101 3141 5151 dimisisse
3163 5103 3324 5163 vivos,
3351 5105 3600 5168 simulque
3629 5110 3740 5169 pesti

2204 5172 2377 5222 dixisse
2399 5194 2408 5220 z
2431 5177 2566 5235 Fttqc
2592 5177 2664 5225 acl
2685 5190 2875 5225 corvos.
