3900 6042
496 462 609 513 ⁸72

3127 5 3849 203 *¹*

1587 447 2093 509 MANETIIONIS
2135 448 2604 511 SEBENNY'I'AE

566 582 843 657 Dynastiae
871 584 1001 639 xvl
1050 600 1140 656 ap.
1189 549 1513 637 Africanum
1567 582 1699 635 anni
1733 593 1862 636 sunt
1903 580 2041 640 518.
2132 576 2295 643 citur,
2324 593 2419 650 eos
2455 587 2668 631 tantum
2714 576 2948 651 intelligi
2977 578 3226 647 debere,
3258 581 3364 653 qui
3399 576 3706 641 Paetoru-

489 673 749 728 Proxime
789 670 861 725 ad
890 672 1037 725 hunc
1079 687 1374 724 numerum
1417 668 1847 724 acceduntanni
1890 667 1995 725 511
2021 710 2038 739 ‚

489 778 632 831 quos
659 760 932 831 Iosephus
956 757 1216 825 exhibet,
1238 757 1313 811 ita
1334 767 1518 811 tamen
1536 796 1553 824 ,
1580 767 1646 810 ut
1665 757 2040 829 comprehen-

490 844 627 900 dant
649 863 825 899 annos
868 844 984 916 ²59
1012 861 1209 917 regum
1242 841 1709 899 antecedentium.
1743 844 1868 898 Hoc
1903 861 2040 898 vero

486 934 516 987 J
521 931 713 1005 osephi
725 942 1101 986 commentum
1110 949 1221 985 esse
1230 929 1470 996 videtur,
1487 930 1585 1001 qui
1597 948 1772 984 annos
1782 929 2043 1002 dynastiae

485 1020 618 1074 XVI
643 1017 715 1073 ad
757 1017 973 1091 dynast.
999 1018 1103 1072 XV
1132 1028 1189 1072 et
1230 1017 1363 1072 XVI
1386 1017 1671 1085 retulerit,
1704 1035 1774 1071 ne
1804 1017 2041 1071 nimium

484 1106 753 1161 Manetho
776 1104 1054 1177 discrepet
1080 1122 1113 1159 a
1134 1103 1458 1158 Judaeomm
1487 1102 1856 1177 chronologia
1870 1123 1886 1172 ;
1908 1122 2039 1159 nam

484 1190 789 1246 secundum
816 1190 1055 1245 Genesin
1086 1186 1173 1261 (c.
1212 1187 1337 1263 19),
1370 1199 1434 1242 ut
1473 1189 1589 1262 ipse
1622 1188 1896 1261 Iosephus
1926 1190 2038 1261 ait,

484 1276 666 1333 Judaei
703 1276 776 1351 (i.
802 1294 853 1331 e.
886 1277 1139 1330 Pastores
1177 1293 1287 1331 sec.
1334 1274 1484 1349 Jos.)
1529 1276 1753 1329 nonnisi
1797 1280 1910 1341 400
1938 1293 2042 1329 an·-

484 1366 570 1418 nis
596 1360 655 1417 in
681 1364 927 1436 AEgypto
956 1360 1287 1415 commorati
1318 1372 1465 1415 sunt.
1500 1361 1598 1415 His
1634 1361 1804 1435 igitur
1831 1379 1901 1416 ex
1922 1362 2040 1416 Ma-

484 1450 729 1505 nethone
756 1449 1099 1503 substituerit
1122 1465 1299 1503 annos
1329 1445 1395 1501 51
1415 1466 1464 1514 1,
1496 1466 1602 1520 per
1633 1467 1776 1521 quos
1788 1466 2041 1523 regnasse

484 1540 738 1592 Pastores
760 1538 817 1589 in
841 1537 1087 1610 lEgypto
1111 1536 1203 1589 ait.
1253 1533 1422 1605 Quod
1455 1533 1661 1589 deinde
1686 1536 2042 1590 subsecutum

483 1640 597 1677 esse
619 1623 695 1677 ait
717 1622 927 1676 bellum
950 1620 1301 1690 diuturnum,
1327 1620 1385 1674 id
1406 1623 1671 1693 componi
1698 1634 1883 1696 potest
1909 1640 2040 1677 cum

486 1710 732 1765 Africani
778 1708 1029 1781 dynastia
1055 1709 1246 1776 XVII,
1275 1726 1471 1782 regum
1494 1708 1781 1764 Pastorum
1805 1722 1860 1765 et
1889 1710 2042 1765 'rhe-

481 1796 754 1851 baeorum.
787 1798 854 1854 V.
882 1796 1122 1853 Bunsen.
1152 1813 1210 1867 p.
1261 1795 1328 1848 18
1373 1804 1428 1849 et
1453 1796 1750 1850 Boeckhius
1795 1815 1854 1869 p.
1902 1795 2036 1869 239.

482 1884 780 1939 Boeckhius
815 1893 1003 1937 tamen
1038 1884 1207 1937 etiam
1246 1883 1407 1937 aliter
1436 1884 1601 1937 statui
1627 1900 1790 1957 posse
1822 1883 2036 1939 docuit.

480 1972 760 2028 Nimirum
789 1987 965 2042 quum
987 1970 1046 2022 in
1068 1968 1319 2042 dynastia
1338 1970 1499 2024 XVII
1530 1980 1922 2025 recenseantur
1965 1968 2037 2034 43

481 2076 640 2133 reges
665 2059 917 2112 Pastores
937 2066 993 2111 et
1009 2074 1166 2131 reges
1185 2056 1510 2128 Diospolitae
1535 2058 1667 2112 item
1693 2057 1764 2121 43
1796 2058 2040 2130 (sirecte

483 2162 750 2200 numerus
766 2143 986 2219 habet),
1030 2143 1190 2198 facile
1222 2141 1343 2197 fieri
1368 2145 1611 2216 potuisse
1643 2155 1709 2198 ut
1730 2146 2041 2218 Excerptor

482 2231 833 2287 Manethonis
862 2230 935 2285 ad
961 2249 1131 2285 unam
1155 2230 1466 2303 dynastiam
1502 2232 1663 2287 XVII
1701 2234 2042 2305 Diospolitas

481 2338 639 2393 reges
661 2336 853 2373 omnes
875 2317 1139 2386 referret,
1163 2336 1409 2391 quorum
1445 2318 1626 2390 major
1656 2338 1784 2392 pars
1804 2320 1919 2391 jam
1947 2339 2042 2375 re-

481 2417 747 2481 gnaverat
772 2405 1122 2479 temporibus
1147 2406 1436 2460 Pastorum
1467 2406 1733 2479 dynastiae
1761 2409 1911 2465 XVI.
1938 2410 2045 2463 Ita-

483 2514 593 2568 que
615 2507 861 2569 tempus,
906 2514 1011 2570 per
1050 2495 1209 2568 quod
1254 2506 1508 2569 pastores
1529 2497 1795 2571 κρατῆσαι
1829 2496 1920 2563 τῆς
1945 2494 2034 2553 Αἷ-

480 2582 708 2655 mim-ou,
737 2585 798 2640 id
833 2596 914 2639 est
935 2586 1039 2641 soli
1065 2601 1319 2659 regnasse
1337 2624 1354 2652 ‚
1383 2583 1738 2657 dicebantur,
1775 2585 1943 2639 licere
1985 2585 2044 2638 in

481 2672 709 2728 brevius
754 2673 1082 2728 contrahere
1130 2681 1188 2726 et
1238 2671 1547 2745 Iosephum
1598 2689 1726 2725 cum
1775 2670 2041 2726 Africano

483 2760 782 2815 conciliare
808 2761 958 2815 hunc
982 2761 1042 2814 in
1063 2758 1299 2815 modum
1331 2776 1347 2817 ε

558 2902 705 2973 Dyn.
747 2902 872 2955 XV.
954 2902 1206 2955 Pastores
1230 2909 1466 2973 regnant
1481 2899 1586 2953 soli
1711 2900 1822 2965 284

958 2988 1209 3041 Pastores
1233 2994 1472 3060 regnant
1491 2986 1598 3039 soli
1711 3006 1821 3058 227

559 3066 705 3136 Dyn.
742 3064 898 3121 XVI.

1711 3091 1817 3148 511

956 3186 1207 3239 Pastores
1227 3196 1284 3239 et
1304 3184 1630 3258 Diospolitae
1713 3179 1820 3257 29¹
1910 3109 1942 3165 5
1956 3110 2024 3167 ¹8

558 3274 708 3344 Dyn.
735 3272 916 3343 xvu„
964 3272 1219 3326 Pastores
1229 3281 1285 3326 et
1305 3269 1633 3361 Diospolitae
1719 3270 1823 3327 151

1723 3404 1837 3463 [εἴη

558 3537 681 3590 Jam
722 3536 947 3591 sirecte
989 3536 1153 3590 statui
1193 3536 1419 3592 Eusebii
1455 3536 1669 3593 fontem
1701 3557 1770 3594 ex
1811 3552 2045 3597 auctore

481 3619 730 3690 fluxisse,
770 3622 868 3694 qui
910 3622 1202 3677 Pastorum
1247 3622 1523 3696 dynastias
1552 3627 1782 3680 omnino
1812 3645 1930 3682 non
1980 3630 2040 3683 in

482 3716 812 3781 computum
840 3707 1154 3779 admiserit3
1184 3728 1362 3765 annos
1386 3716 1497 3776 4102
1515 3752 1531 3779 ‚
1561 3712 1767 3784 quibus
1788 3732 1859 3768 ex
1880 3716 2041 3789 inge-

480 3796 635 3849 niosa
661 3793 911 3850 Boeckhii
938 3797 1155 3851 ratione
1175 3797 1501 3869 Diospolitae
1519 3816 1629 3854 una
1648 3818 1774 3855 cum
1799 3801 2038 3856 Pastori-

481 3880 589 3936 bus
626 3892 963 3956 regnarunt,
999 3894 1127 3955 apte
1163 3902 1507 3956 componere
1544 3887 1674 3942 licet
1713 3906 1840 3941 cum
1882 3891 2039 3945 annis

485 3975 617 4037 440,
640 3987 783 4041 quos
805 3968 1067 4042 dynastiae
1081 3970 1184 4027 XV
1203 3981 1259 4026 et
1280 3971 1413 4027 XVI
1435 3970 1579 4045 (250
1600 3983 1656 4029 et
1679 3974 1816 4049 190)
1840 3975 2038 4031 tribuit

482 4055 774 4113 Eusebius.
821 4057 908 4111 De
947 4055 1195 4130 dynastia
1230 4058 1395 4114 XVII
1423 4060 1563 4132 quid
1594 4062 1902 4117 Bunsenius
1925 4073 2033 4118 sta·

482 4145 655 4198 tuerit
677 4161 845 4216 supra
878 4144 997 4214 jam
1024 4141 1411 4204 indicavimus.
1441 4147 1767 4203 Absurdum
1799 4160 1910 4217 αι,
1940 4151 2035 4204 in·-

484 4231 637 4301 quit,
680 4247 842 4303 reges
869 4228 942 4294 43
984 4232 1207 4287 nonnisi
1253 4250 1358 4305 per
1408 4233 1510 4288 151
1544 4252 1721 4289 annos
1756 4253 2030 4308 regnasse.

482 4315 681 4388 Itaque
701 4334 812 4390 pro
852 4315 923 4381 43
946 4319 1114 4403 pw't
1149 4316 1182 4373 5
1200 4360 1217 4388 ‚
1241 4331 1408 4392 atque
1430 4322 1537 4375 hoc
1557 4320 1730 4375 modo
1779 4322 2030 4391 obtinet,

481 4410 547 4455 ut
582 4418 777 4457 omnes
801 4404 1055 4459 Pastores
1081 4403 1294 4477 dynast.
1326 4407 1452 4475 XV,
1490 4406 1622 4464 XVI
1654 4418 1712 4462 et
1736 4407 1899 4464 XVII
1926 4428 2035 4464 nu-

482 4505 642 4543 mero
655 4490 773 4563 sint⁸
795 4488 900 4563 433
924 4490 1035 4545 hoc
1054 4491 1225 4565 igitur
1253 4503 1453 4549 notare
1481 4495 1716 4549 voluisse
1740 4495 2034 4552 Manetho-

482 4589 614 4627 nem
642 4573 797 4630 dicit.
840 4576 1021 4630 Porro
1058 4576 1210 4631 baud
1253 4579 1433 4634 credit
1458 4579 1617 4651 juxta
1662 4579 1734 4645 43
1784 4583 2036 4639 Pastoroe

484 4659 721 4716 totidem
748 4661 911 4721 fuisse
937 4680 1098 4737 reges
1118 4664 1405 4725 Thebaeos.
1437 4668 1616 4741 Igitur
1638 4686 1748 4741 pro
1778 4668 1850 4733 43
1870 4671 2036 4743 ponit

488 4742 561 4799 53
578 4787 594 4815 ,
619 4748 752 4820 quia
767 4765 1089 4821 persuasum
1115 4749 1220 4805 sibi
1252 4751 1424 4807 habet
1442 4771 1600 4827 reges
1617 4755 1747 4809 istos
1774 4752 1868 4824 53,
1890 4774 2036 4829 quos

482 4842 612 4904 post
646 4835 1117 4890 Amumarthaeum
1155 4837 1543 4894 Eratosthenes
1582 4843 1916 4898 recensuisse
1945 4844 2031 4899 di·

2130 663 2480 735 temporibus
2506 664 2810 738 regnarint.
2841 663 3020 719 Addit
3038 665 3292 738 denique
3316 668 3559 722 omnino
3586 686 3710 723 non

2128 750 2370 821 potuisse
2391 751 2788 805 Manethonern
2814 750 2951 806 duas
2977 770 3182 825 reg-um
3202 752 3442 809 familias
3463 773 3580 810 una
3605 755 3714 829 dy·

2132 837 2305 891 nastia
2320 835 2814 910 comprehendere.
2837 838 3007 909 Quod
3019 851 3254 895 eatenus
3267 851 3493 895 tantum
3505 861 3710 899 verum

2131 933 2240 991 est,
2271 935 2544 996 quatenus
2566 942 2759 979 omnes
2784 943 2875 979 eas
2911 924 3221 997 dynastias,
3253 946 3400 1002 quas
3411 928 3582 1000 juxta
3625 931 3711 986 al·

2133 1019 2276 1065 teras
2302 1010 2566 1083 quasdam
2594 1012 2902 1066 Bunsenius
2914 1030 3172 1086 regnasse
3194 1016 3414 1085 statuit,
3435 1017 3710 1073 Manetho

2129 1099 2421 1170 separatim
2440 1108 2497 1153 et
2520 1099 2593 1152 ita
2616 1109 2866 1154 recenset
2882 1111 2947 1155 ut
2968 1101 3143 1156 altera
3161 1114 3320 1174 post,
3350 1101 3506 1177 (non
3525 1104 3712 1181 juta)

2131 1184 2359 1239 alteram
2380 1203 2633 1259 regnasse
2649 1185 2829 1243 videri
2850 1186 3072 1242 debeat.
3101 1191 3178 1243 At
3195 1189 3406 1261 majori
3422 1209 3564 1246 cum
3587 1196 3706 1247 veti

2130 1272 2343 1345 specie,
2385 1273 2620 1344 opinor,
2653 1272 2855 1327 ordine
2891 1274 3115 1329 inverso
3151 1275 3368 1333 dixen's
3405 1278 3712 1335 Manetho-

2129 1376 2257 1412 nem
2290 1377 2465 1431 quum
2490 1359 2552 1413 in
2593 1358 2756 1415 XVII
2785 1358 3038 1432 dynastia
3081 1362 3363 1418 Thebaeos
3399 1376 3460 1418 et
3513 1367 3711 1421 Pasto-

2127 1464 2217 1500 res
2251 1464 2410 1520 reges
2446 1446 2611 1500 simul
2652 1459 2944 1520 regnantes
2971 1452 3362 1523 composuerit
3379 1491 3398 1520 ,
3439 1450 3608 1506 idem
3635 1452 3714 1508 fl-

2130 1544 2350 1587 eturum
2368 1533 2550 1601 fuisse,
2575 1534 2739 1588 etiam
2756 1535 2815 1587 in
2826 1534 2944 1588 aliis
2965 1533 3252 1608 dynastiis,
3268 1539 3318 1591 si
3339 1556 3492 1610 quas
3513 1539 3716 1596 alten

2122 1619 2279 1690 juxta
2309 1621 2508 1676 alteras
2525 1636 2779 1694 regnasse
2796 1622 2958 1675 statui
2982 1623 3265 1678 voluisset.

2207 1708 2385 1781 Igitur
2397 1718 2686 1781 pastorum
2703 1718 2958 1783 tempora
2972 1726 3083 1764 sec.
3103 1710 3534 1766 Manethonem
3559 1713 3716 1768 Affi-

2130 1796 2253 1848 eani
2270 1794 2759 1869 comprehendunt
2773 1812 2948 1849 annos
2963 1791 3075 1868 953
3096 1794 3368 1867 (amri—5
3381 1816 3402 1851 1
3415 1798 3578 1865 841
3591 1798 3626 1854 5
3637 1819 3660 1855 1
3675 1796 3714 1875 1.

2127 1880 2430 1937 Bunsenius
2447 1891 2706 1954 numerat
2717 1900 2833 1956 9²9
2852 1880 3114 1959 (26045
3128 1882 3358 1948 18415
3372 1903 3392 1939 1
3409 1884 3455 1960 ).
3475 1887 3726 1951 Initium.

2128 1984 2324 2022 eorum
2359 1967 2692 2041 ponendum
2730 1987 2844 2024 esse
2869 1971 3179 2043 suspicatur
3213 1981 3350 2043 post
3375 1989 3608 2028 annun
3634 1974 3722 2038 63,

2128 2056 2273 2130 regis
2347 2046 2774 2127 Amumarthaei,
2819 2058 3089 2131 postremi
3144 2076 3347 2113 eorum
3363 2100 3382 2123 ‚
3438 2078 3602 2131 quos
3641 2081 3712 2117 ex

2129 2144 2503 2198 Eratosthenis
2547 2144 2825 2199 laterculis
2853 2145 3134 2217 Myncello
3182 2156 3421 2204 enotare
3461 2148 3710 2225 phenit-

2128 2229 2295 2302 Apud
2333 2231 2730 2285 Manethonem
2778 2234 3255 2290 Amumarthaeum
3299 2249 3506 2293 censet
3544 2239 3714 2299 fuisse

2127 2334 2316 2389 regem
2347 2320 2572 2372 tertium
2604 2317 2866 2390 dynastiae
2898 2321 3060 2376 XIII.
3090 2323 3367 2396 Reliquos
3388 2325 3576 2398 hujus
3597 2329 3710 2402 dy-

2128 2404 2314 2456 nastiae
2340 2421 2498 2477 reges
2518 2405 2678 2460 sicuti
2704 2408 3052 2480 septuaginta
3076 2426 3172 2463 sex
3197 2410 3402 2466 Xoitss
3425 2411 3722 2486 dynastio-

2129 2488 2284 2557 XIV,
2311 2490 2635 2546 tributarios
2671 2493 2990 2565 pastoribus
3020 2494 3202 2551 fuisse.
3229 2528 3307 2539 —
3337 2498 3722 2569 posu-emm,

2128 2586 2408 2647 pastorem
2461 2579 2671 2652 excipit
2713 2581 2930 2652 primus
2987 2598 3091 2636 rex
3139 2581 3412 2655 dynastiae
3465 2588 3672 2648 XVIII
3685 2633 3720 2663 ,-

2135 2663 2367 2720 Amosis.
2400 2695 2479 2705 --
2505 2665 2764 2719 Ceterum
2789 2666 2863 2721 ad
2887 2668 3178 2725 Pastorum
3213 2679 3482 2744 tempora
3509 2679 3710 2748 perti-

2129 2761 2264 2804 nent
2312 2753 2540 2807 nomina
2604 2771 2802 2827 regum
2868 2753 3240 2811 Theba-orum
3257 2798 3274 2825 ,
3335 2777 3466 2833 quae
3523 2764 3705 2823 alta.

2130 2837 2332 2892 tabulae
2372 2838 2726 2895 Carnacianae
2763 2839 2997 2897 dimidia
3031 2861 3160 2916 pars
3197 2846 3454 2906 exhibet.
3515 2852 3718 2915 Porro,

2131 2941 2200 2978 ex
2228 2925 2580 2997 nominibus,
2606 2944 2730 2999 quae
2753 2928 2814 2982 in
2835 2927 3158 3002 fragmentis
3183 2934 3388 3005 papyri
3411 2937 3702 2995 Turian-

2129 3011 2200 3064 sis
2224 3024 2517 3085 supersunt
2530 3054 2546 3082 ,
2567 3031 2636 3068 ex
2653 3015 2840 3087 Lepsii
2859 3013 3229 3074 adornatione
3243 3019 3554 3080 referenda
3583 3026 3700 3083 he

2133 3098 2318 3153 forent
2343 3101 2490 3154 circa
2514 3102 2816 3176 sexaginta.
2846 3100 2980 3173 Quae
3003 3122 3180 3176 quum
3206 3108 3410 3163 mutila
3431 3111 3552 3167 sint
3575 3114 3698 3186 ple·

2131 3204 2338 3259 raque,
2367 3197 2425 3241 et
2442 3185 2513 3241 ad
2540 3205 2644 3242 nos
2667 3206 2869 3262 parum
2896 3192 3214 3263 pertineant
3230 3233 3247 3260 ,
3276 3211 3580 3254 recensere
3605 3201 3696 3256 hie

2131 3273 2484 3345 supersedeo.
2507 3277 2573 3329 V.
2596 3277 2834 3333 Bunsen.
2857 3295 2919 3349 p.
2952 3277 3027 3349 39
3050 3297 3174 3351 sqq.
3203 3281 3292 3335 Ex
3309 3290 3698 3343 montanas-

2132 3360 2438 3416 Bunsenius
2460 3380 2520 3434 p.
2548 3359 2620 3427 45
2649 3373 2918 3435 quattuor
2934 3382 3132 3439 regum
3161 3368 3400 3425 nomina
3430 3376 3694 3448 appu-it,

2129 3445 2326 3501 iisdem
2354 3447 2702 3521 temporibus
2718 3489 2736 3518 ,
2766 3459 2830 3504 ut
2855 3450 3101 3523 videtur,
3123 3453 3495 3517 vindicanda.

2369 3611 2739 3671 DYNASTIA
2775 3614 3058 3671 DECIMA
3097 3614 3414 3678 OCTAVA.

2847 3766 2944 3827 50.

2603 3910 2751 3965 SEC.
2794 3908 3197 3969 JOSEPHUM.

2201 4067 2473 4139 Iosephus
2491 4066 2549 4123 C.
2575 4069 2784 4141 Apion.
2804 4070 2851 4136 1,
2879 4067 2946 4123 15
2975 4087 2989 4121 ε
3017 4064 3174 4125 Ἀλλὰ
3199 4067 3321 4145 περὶ
3348 4067 3454 4144 μὲν
3497 4071 3686 4133 τιν’τε·

2124 4151 2176 4207 ἐν
2196 4149 2372 4216 ἄλλοις
2409 4150 2698 4228 ποιήσομαι
2733 4150 2830 4222 τὴν
2859 4150 3088 4219 ἐξέτασιν
3124 4152 3530 4232 ἅκριὸεστίραν.
3559 4158 3686 4220 Καὶ

2121 4236 2176 4293 δὲ
2203 4241 2295 4307 τῆς
2338 4238 2679 4318 ἀρχαιότητος
2725 4238 2917 4312 ταύτης
2948 4239 3304 4319 παρατίθεμαι
3351 4241 3484 4310 τοὺς
3523 4248 3683 4323 Αἴτνη

2120 4322 2297 4391 πτίους
2324 4325 2606 4405 μάρτυρας.
2691 4326 2863 4387 Πάλιν
2890 4317 2978 4385 οὗν
3003 4325 3068 4385 τὰ
3096 4331 3186 4385 τοῦ
3231 4330 3560 4399 Μανεθῶνος
3585 4334 3684 4399 ὥς

2119 4408 2230 4487 ἔχει
2257 4409 2381 4491 πρὸς
2403 4410 2496 4482 τὴν
2542 4414 2646 4470 τῶν
2673 4411 2872 4490 χρόνων
2899 4412 3043 4481 τάξιν
3073 4416 3382 4493 ὑπογραψυ.
3437 4418 3596 4488 Ouid
3631 4418 3684 4478 ἃ

2120 4496 2276 4556 οὕτω·
2309 4524 2331 4550 ι
2361 4498 2516 4559 Μετὰ
2541 4499 2601 4558 τὸ
2630 4499 2848 4568 ἐξελθεῖν
2895 4498 2945 4568 ἐξ
2980 4501 3251 4578 Αἰγύπτου
3293 4503 3386 4561 τὸν
3430 4505 3564 4564 λαὸν
3587 4508 3684 4564 ii·

2119 4583 2472 4679 ποιμένωνιεῖς
2501 4586 2854 4665 Ἱεροσόλυμα·
2888 4591 2917 4644 ὁ
2941 4586 3176 4647 {affinitas
3203 4586 3397 4654 αὐτοὺς
3425 4590 3488 4658 ἐξ
3517 4590 3682 4669 Alfi-

2119 4692 2249 4728 πτου
2282 4670 2522 4749 βασιλεὺς
2571 4672 2925 4749 Τίθμωσις
2959 4676 3298 4751 (δειΙιηεω-ὶς
3325 4680 3676 4755 Euam)

2120 4756 2424 4817 ἐὸασίλευσε
2438 4758 2573 4835 μετὰ
2590 4765 2755 4819 ταῦτα
2786 4760 2876 4833 ἔτη
2896 4760 3060 4819 εἴκοσι
3084 4761 3238 4821 πέντε
3255 4765 3352 4822 καὶ
3380 4769 3560 4840 μ’ἧΠ(
3574 4766 3680 4827 ¹:⁸⁶⁹·

2119 4865 2305 4921 σαρας,
2333 4845 2423 4903 καὶ
2457 4846 2759 4916 ἐτελεύτησε
2782 4891 2801 4923 ,
2828 4847 2920 4906 καὶ
2951 4849 3220 4929 παρέλαὸε
3246 4848 3347 4921 τὴν
3380 4852 3558 4932 ἀρχὴν
3583 4852 3674 4911 ιδ-

547 4996 642 5046 sed
669 4998 731 5047 de
760 4998 863 5049 istis
895 4999 1091 5062 quidem
1116 5001 1229 5051 alibi
1264 5002 1617 5066 inquisitionem
1646 5006 1815 5056 faciam
1847 5008 2038 5070 diligen·
2126 5024 2189 5061 ex
2210 5014 2410 5076 AEgypto
2428 5018 2730 5076 egressusest
2747 5018 3003 5067 Pastorum
3022 5017 3230 5081 populus
3245 5018 3312 5068 ad
3327 5020 3668 5087 nieman

490 5073 680 5123 tiorem.
696 5076 837 5125 Nune
849 5079 1009 5126 autem
1030 5077 1173 5139 hujus
1189 5079 1488 5142 antiquitatis
1505 5084 1648 5132 testes
1670 5083 1885 5146 produco
1902 5089 2037 5149 AEgy·

488 5152 627 5211 ptios.
697 5155 863 5216 itaque
902 5168 1066 5205 rursus
1087 5170 1143 5206 ea
1172 5171 1284 5219 quoe
1314 5158 1510 5208 tradidit
1533 5162 1783 5223 manetho,
1820 5163 1879 5211 ad
1903 5164 2037 5226 quod

2122 5090 2206 5150 qui
2227 5090 2335 5140 ilios
2350 5103 2413 5141 ex
2431 5093 2632 5154 AEgypto
2649 5091 2830 5154 pepulit
2848 5106 2934 5143 rex
2954 5094 3252 5154 Tethmosis,
3269 5099 3444 5158 pontu
3463 5094 3666 5161 repr}

2123 5166 2261 5216 annis
2279 5166 2447 5229 viginti
2469 5170 2521 5218 et
2548 5168 2788 5232 quinque,
2820 5173 2871 5218 et
2891 5170 3135 5220 mensibus
3154 5174 3412 5234 quattuor,
3435 5177 3492 5223 et
3505 5174 3660 5225 defin-

489 5232 678 5292 tempus
700 5231 982 5296 referantur,
1007 5233 1271 5295 subjiciam.
1338 5238 1416 5287 sic
1441 5239 1569 5288 enim
1592 5239 1662 5289 ait
1689 5260 1700 5289 :
1728 5260 1752 5284 κ
1777 5244 2035 5304 Postquam
2123 5244 2232 5294 ctus
2260 5246 2332 5294 esi
2356 5262 2369 5295 z
2393 5256 2686 5309 regnumque
2703 5246 2886 5308 accepit
2921 5245 3049 5297 fliius
3076 5247 3179 5309 eius
3199 5248 3458 5311 Ghebrou,
3478 5260 3660 5313 ημ-
