3900 6042
491 480 587 529 ‚0.
1742 464 2091 525 111οΝ1311
2141 466 2413 526 auom!

481 600 525 656 εἰ
561 596 772 673 μάθοιεν
816 594 876 654 τὸ
914 594 1213 655 Παλλάδιον
1241 593 1301 652 τὸ
1344 591 1573 659 διοπετὲς
1604 592 1957 670 καλούμενον,
2000 591 2029 650 ὃ
2067 594 2081 647 l
2125 594 2316 666 κτῆτης
2334 594 2612 677 κατῴκησε
2636 593 2771 673 μετὰ
2803 594 2895 668 τὴν
2929 599 3022 667 τῆς
3044 596 3203 658 Ἰλίου
3234 598 3503 678 πόρθησιν,
3545 597 3679 657 καθὰ

482 682 744 759 Διομήδης
766 681 857 740 καὶ
882 681 1165 749 Ὀδυσσεὺς
1181 684 1506 760 ἱστοροῦνται
1530 679 1626 757 μὶν
1638 681 1912 760 ὑφελέσθαι
1926 679 2034 737 ἀπὸ
2121 683 2384 749 Διονύσιος
2405 682 2496 749 καὶ
2522 681 2660 742 Δίων
2697 686 2725 741 6
2756 682 3072 751 Κοκκειανὸς
3101 683 3192 743 καὶ
3211 683 3401 752 πάντες
3423 688 3472 745 οἱ
3492 683 3561 744 τὰ
3581 688 3680 743 τῶν

486 771 668 842 Ἰλίου,
705 767 1167 847 παρακαταθέσθαι
1199 766 1254 826 δὲ
1276 770 1618 847 Δημοφῶντι,
1647 769 1708 825 ἐκ
1728 770 1817 825 τοῦ
1862 766 2037 827 Πέλο-
2122 767 2404 845 Ῥωμαίων
2422 768 2713 849 γράψαντες
2739 772 3022 850 ἱστοροῦσι.

481 879 574 921 πος
604 859 769 916 ὀστῶν
797 854 1237 928 κατεσκευάσθαι,
1265 853 1500 933 καθάπερ
1533 855 1620 913 τὸν
1662 851 1955 931 Ὀλύμπιον
1982 853 2037 922 ἐξ

483 943 657 1001 ἄλλων
697 944 862 1001 ὀστῶν
909 941 1131 1002 Ἰνδικοῦ
1170 938 1365 1020 θηρίου.
1398 940 1507 1000 Καὶ
1528 938 1594 1012 δὴ
1622 938 1708 999 τὸν
1732 943 2036 1019 ἱστοροῦντα

484 1027 747 1090 Διονύσιον
781 1032 835 1088 ἐν
860 1031 935 1109 τῷ
957 1027 1183 1108 πέμπτῳ
1206 1027 1353 1106 μέρει
1373 1032 1464 1085 τοῦ
1491 1025 1699 1087 Κύκλου
1722 1026 2036 1105 παρίστημι.

398 1120 407 1129 ”
561 1122 647 1174 De
659 1116 912 1174 Palladio
935 1136 1008 1174 ex
1025 1118 1235 1173 ossibus
1247 1117 1471 1190 Pelopis
1487 1117 1747 1173 consecto
1760 1123 1828 1172 cf.
1843 1117 2034 1172 Schol.

482 1206 552 1260 11.
575 1208 671 1273 lv,
690 1224 788 1279 92;
813 1207 1032 1261 Tzetzes
1045 1205 1117 1260 ad
1135 1207 1271 1278 Lyc.
1298 1202 1394 1272 53,
1421 1222 1489 1277 9¹
1507 1223 1557 1272 1,
1586 1204 1873 1259 Posthom.
1900 1202 2037 1272 5753

486 1294 718 1348 Pausan.
746 1295 814 1362 V,
848 1292 950 1362 13,
983 1290 1045 1361 53
1071 1291 1355 1349 Welcker.
1390 1289 1544 1359 Crcl.
1567 1308 1627 1364 p.
1662 1300 1756 1360 79.

1228 1430 1284 1486 6.

564 1569 753 1625 Schol.
790 1567 954 1624 Pind.
985 1567 1148 1642 Pyt-h.
1177 1570 1235 1637 1,
1277 1585 1386 1641 109
1423 1586 1437 1622 ι
1466 1567 1616 1637 Φησὶ
1651 1567 1752 1643 γὰρ
1779 1570 2044 1630 Διονύσιος

488 1657 745 1733 χρησμοῖς
769 1652 1085 1718 ’Λπόλλωνος
1096 1651 1579 1728 ἀκολουθησάμενον
1597 1651 1683 1710 τὸν
1702 1650 2041 1722 Φιλοκτήτην

491 1743 826 1820 ἀφυπνῶσαι,
856 1739 944 1798 τὸν
969 1738 1024 1798 δὲ
1051 1739 1317 1818 Μαχάονα
1349 1739 1609 1818 ἀφελόντα
1629 1743 1718 1798 τοῦ
1746 1736 1927 1806 ἕλκους
1952 1737 2045 1803 τὰς

491 1826 833 1894 διασαπείσας
860 1826 1059 1906 σάρκας
1092 1825 1183 1884 καὶ
1218 1822 1571 1885 ἒπυιλύσαντα
1591 1823 1713 1905 οἴνῳ
1749 1824 1809 1884 τὸ
1834 1830 2044 1905 τραῦμα

491 1914 746 1973 ἕπιπάσαι
771 1913 1023 1992 βοτάνην,
1050 1911 1116 1982 ἣν
1141 1910 1451 1983 Ἀσκληπιὸς
1470 1909 1651 1990 εἴληφε
1672 1910 1818 1991 παρὰ
1841 1912 2043 1990 Χείρω-

489 2024 599 2073 νος,
623 2000 713 2058 καὶ
738 1999 897 2066 οὕτως
919 2002 1229 2076 ὑγιασθῆναι
1249 1998 1337 2058 τὸν
1361 1998 1529 2074 ἥρωα.

571 2088 812 2157 Eadem,
839 2088 939 2143 sed
966 2088 1221 2156 brevius,
1251 2104 1320 2142 ex
1341 2087 1614 2162 Dionysio
1637 2086 1811 2144 refert
1824 2090 2047 2144 Tzetzes

495 2175 567 2230 ad
588 2178 726 2249 Lyc.
752 2193 823 2248 91
840 2194 863 2230 1
876 2215 891 2229 .

1240 2333 1297 2384 7.

856 2456 895 2487 ‘
970 2464 1016 2518 E
1055 2463 1276 2519 LIBRO
1316 2463 1571 2519 SEXTO.

579 2611 871 2667 Athenaeus
894 2611 1008 2678 XI,
1031 2629 1088 2684 p.
1112 2617 1246 2681 477,
1268 2611 1315 2665 E
1339 2628 1353 2663 τ
1386 2605 1651 2673 Διονύσιος
1672 2606 1715 2664 δ’
1736 2609 1764 2664 6
1779 2605 1981 2682 Σάμιος
1997 2609 2051 2667 ἰν

498 2696 603 2762 τοῖς
623 2696 742 2776 περὶ
767 2701 858 2754 τοῦ
887 2694 1101 2756 Κύκλου
1134 2693 1195 2752 τὸ
1222 2693 1514 2771 Ὁμηρικὸν
1540 2691 1806 2753 κισσύὸιον
1830 2694 2052 2770 κυμὸίον

498 2783 598 2865 ἔφη
610 2827 626 2853 ,
645 2784 858 2863 γράφων
874 2782 1051 2848 οὕτως·
1072 2808 1097 2833 ι
1128 2779 1233 2841 Καὶ
1252 2779 1407 2838 αὐτὸν
1427 2777 1708 2845 Ὀδυσσεὺς
1730 2783 1863 2860 ὀρῶν
1883 2785 2053 2841 ταῦτα

500 2875 778 2946 ποιοῦντα,
806 2867 1088 2948 πληρώσας
1114 2872 1205 2925 τοῦ
1237 2866 1374 2925 οἴνου
1402 2865 1623 2942 κυμὸίον
1645 2866 1823 2925 δίδωσι
1849 2875 2007 2927 πιεῖν.
2027 2893 2053 2921 ι

580 2958 743 3013 Idem
760 2960 847 3013 XI
861 2998 878 3025 ,
891 2976 953 3030 p.
980 2956 1112 3026 481,
1126 2958 1172 3011 Ε
1194 2974 1208 3010 2
1233 2952 1495 3018 Διονύσιος
1513 2953 1556 3009 δ’
1577 2955 1605 3010 6
1627 2951 1827 3028 Σάμιος
1844 2955 1898 3011 ἐν
1917 2951 2054 3050 ἔκτιρ

501 3033 624 3113 περὶ
661 3039 751 3092 τοῦ
793 3031 1004 3092 Κύκλου
1041 3031 1103 3090 τὸ
1131 3030 1258 3089 αὐτὸ
1298 3029 1460 3088 οἴεται
1489 3020 1621 3087 εἶναι
1664 3030 1934 3089 κισσύὸιον
1963 3054 2055 3089 και

505 3118 751 3196 κυμὸίον.
781 3117 932 3188 Φησὶ
953 3116 1080 3198 γὰρ,
1108 3119 1178 3182 ὡς
1200 3115 1510 3189 Ὀδυσσεὺς,
1532 3115 1814 3196 πληρώσας
1835 3115 2055 3193 κυμὸίον

507 3206 765 3286 ἀκράτου,
791 3202 949 3283 ὤρεξε
972 3207 1047 3283 τῷ
1071 3202 1343 3262 Κύκλωπι.

587 3292 721 3371 Περὶ
740 3298 829 3350 τοῦ
850 3292 1063 3352 Κύκλου
1084 3292 1296 3348 dictum
1317 3293 1700 3368 negligentius,
1716 3303 1783 3347 ut
1803 3289 2059 3370 Διόδωρος

508 3381 751 3461 περὶτῶν
788 3381 1168 3453 Βιὸλιοθηκῶν,
1196 3381 1336 3447 XII,
1373 3399 1435 3453 p.
1476 3379 1611 3449 541,
1644 3376 1912 3457 Κλέαρχος
1937 3378 2058 3457 περὶ

509 3468 649 3528 Βίων
699 3479 806 3525 etc.
852 3466 1022 3538 Quod
1077 3484 1197 3520 non
1249 3467 1752 3523 animadvertentes
1791 3470 2056 3523 nonnulli

510 3556 841 3627 Dionysium
871 3552 943 3608 de
970 3553 1128 3626 cyclo
1161 3552 1324 3624 epico
1352 3553 1627 3626 scripsisse
1662 3563 1954 3626 putarunt.
1987 3556 2054 3609 V.

510 3641 794 3698 Welcker.
820 3641 862 3695 l.
890 3639 930 3694 1.
960 3658 1023 3712 p.
1052 3638 1126 3694 80
1152 3657 1234 3712 sq.

1259 3775 1314 3831 8.

590 3918 782 3976 schol.
803 3919 976 3973 Hom.
1003 3915 1113 3973 Od.
1137 3917 1312 3984 xm,
1335 3914 1409 3972 85
1436 3935 1451 3970 τ
1476 3914 1691 3974 Σκύλλα
1714 3917 1945 3997 θυγάτηρ
1969 3916 2064 3996 μὲν

514 3997 577 4076 ἦν
610 4003 879 4082 Φόρκυνος
906 4000 997 4060 καὶ
1034 4000 1263 4073 Ἑκάτης
1289 4000 1348 4058 τὸ
1389 3999 1485 4076 μὲν
1513 3999 1723 4079 μέγεθος
1763 4006 2062 4081 θαυμαστή·

516 4085 625 4171 εἶχε
654 4088 709 4148 δὶ
736 4088 899 4154 πόδας
935 4085 1028 4164 μὲν
1056 4084 1281 4160 δώδεκα,
1311 4085 1538 4167 κεφαλὰς
1570 4089 1625 4146 δὲ
1654 4088 1739 4167 ἓξ,
1768 4093 1822 4149 ἐν
1859 4092 2065 4173 ἑκάστῳ

517 4178 571 4236 δὲ
593 4175 866 4253 στομάτων
891 4178 1025 4254 τρεῖς
1051 4172 1261 4251 στίχους
1287 4171 1524 4245 ὀδόντων,
1553 4175 1845 4255 ὀφθαλμοὺς
1866 4177 1921 4236 δὲ
1965 4201 2069 4237 πυ-

519 4265 748 4342 ροειδεῒς.
776 4260 882 4321 Καὶ
898 4261 958 4320 τὸ
978 4258 1073 4338 μὲν
1088 4260 1218 4319 ἄλλο
1240 4263 1395 4337 σῶμα
1415 4257 1695 4340 ἐκρύπτετο
1716 4265 1876 4335 αὐτῆς
1895 4264 1948 4322 ἔν
1967 4287 2068 4324 τινι

517 4348 761 4428 σπηλαίῳ
798 4345 936 4406 κατὰ
977 4345 1132 4426 βύθου
1182 4345 1523 4425 βεὸλημένον,
1568 4348 1798 4429 συμφυὲς
1827 4343 1960 4409 οὖσα
2000 4355 2067 4430 τῇ

518 4436 705 4516 πέτρα·
730 4433 824 4501 τὰς
845 4434 901 4493 δὲ
916 4432 1146 4515 κεφαλὰς
1162 4436 1322 4505 αὐτῆς
1344 4424 1483 4513 εἶχεν
1498 4433 1595 4502 ἔξω
1610 4436 1915 4516 περιμήκεις
1934 4437 2070 4497 ὥστε

519 4520 768 4581 δύνασθαι
791 4521 896 4579 ἀπὸ
916 4524 1009 4593 τῆς
1029 4520 1222 4601 πέτρας
1244 4522 1316 4587 εἰς
1334 4521 1428 4591 τὴν
1451 4526 1578 4579 ναῦν
1601 4520 1824 4601 φθάνειν.
1853 4522 2070 4596 Ταύτην

520 4608 726 4687 λέγεται
739 4606 826 4666 τὸν
840 4605 1112 4686 Ἡρακλέα
1133 4605 1288 4666 ὁπότε
1305 4604 1397 4672 τὰς
1416 4606 1677 4685 Γηρυόνου
1691 4612 1810 4687 βοῦς
1831 4598 1977 4688 ἦγεν,
2002 4614 2072 4678 ὡς

523 4688 654 4755 εἶδεν
679 4692 1156 4770 ἀπληστευομένην,
1176 4694 1389 4752 ἀνελεῖν·
1409 4692 1497 4751 τὸν
1521 4693 1575 4752 δὲ
1590 4694 1791 4771 πατέρα
1809 4694 1896 4754 διὰ
1914 4696 2073 4778 πυρὸς

524 4781 819 4859 ἀναγκάσαι
839 4780 997 4839 πάλιν
1014 4778 1175 4850 αὐτὴν
1193 4781 1465 4851 ἀναζῆσαι.
1488 4778 1562 4841 ‘fl
1575 4781 1778 4862 ἱστορία
1790 4781 1936 4863 παρὰ
1953 4788 2071 4844 Διο-

523 4867 701 4948 νυσίῳ.

1271 4973 1309 5028 9

606 5096 822 5149 Tzetzes
859 5091 933 5146 ad
960 5094 1096 5163 Lyc.
1127 5107 1240 5164 912
1285 5110 1299 5145 :
1344 5085 1507 5147 Ἔνθα
1549 5094 1637 5147 νῦν
1672 5095 1706 5161 ἡ
1748 5090 1908 5164 Χώνη
1937 5092 2076 5168 ἐστὶ,

529 5176 716 5258 χωρίον
744 5168 807 5249 ἦν
838 5177 1043 5255 πρῶτον
1065 5173 1342 5252 λεγόμενον
1374 5175 1666 5255 Οἰνωτρία,
1693 5176 1821 5237 ὅπου
1855 5181 1882 5236 6
1909 5180 2076 5240 Φιλο-

2203 863 2287 915 De
2313 860 2585 932 Dionysio
2604 860 3069 916 Halicarnassensi
3090 860 3289 934 aliquis
3318 850 3679 935 cogitaverim

2123 945 2223 1001 sed
2258 948 2304 1002 is
2338 945 2411 1001 de
2445 945 2553 1000 hac
2594 963 2658 1001 re
2703 945 2873 1014 nihi13
2919 946 3170 1021 intellige
3209 946 3682 1021 cyclographum,

2125 1050 2296 1104 quem
2320 1032 2380 1086 in
2405 1032 2664 1105 proxime
2685 1031 3142 1087 antecedentibus
3161 1033 3383 1088 Tzetzes
3410 1031 3681 1088 laudave-

2127 1128 2214 1174 rat
2254 1115 2351 1195 (sr.
2384 1118 2482 1195 6).
2513 1122 2699 1191 Atque
2731 1118 3002 1174 Rhodium
3024 1130 3314 1175 auctorem
3347 1121 3405 1174 in
3431 1138 3502 1175 eo
3531 1139 3685 1192 quo-

2128 1223 2239 1277 que
2260 1223 2532 1279 agnosce,
2559 1205 2716 1278 quod
2739 1206 3049 1262 Philocteta
3070 1224 3160 1279 ap.
3183 1208 3363 1264 Tzetz.
3393 1207 3433 1261 1.
3461 1207 3501 1261 1.
3534 1207 3686 1261 Rho-

2127 1292 2231 1345 diis
2256 1293 2316 1346 in
2344 1293 2502 1346 Italia
2523 1303 2720 1348 contra
2748 1293 3094 1348 Pallenenses
3126 1292 3362 1347 colonos
3399 1293 3685 1366 opitularis

2131 1378 2389 1433 cecidisse
2443 1378 2671 1434 dicitur.
2707 1380 2790 1434 Ex
2842 1379 3046 1434 eodem
3091 1380 3396 1453 Dionysio,
3455 1381 3686 1452 opinor,

2130 1462 2344 1519 fluxere
2371 1483 2494 1537 quae
2514 1465 2589 1520 ad
2607 1484 2662 1519 v.
2694 1483 2807 1539 9²7
2835 1464 2908 1520 de
2923 1484 3083 1520 sacro
3105 1466 3428 1522 Philoctetae
3451 1485 3690 1521 narran-

2133 1548 2254 1606 tur.'
2269 1553 2527 1608 Ceterum
2553 1551 2626 1608 de
2643 1554 2838 1608 Chone
2859 1552 2977 1607 vid.
3011 1554 3319 1608 Antiochus
3339 1544 3409 1607 fr.
3434 1554 3495 1622 6;
3521 1554 3692 1626 Apol·

2132 1637 2450 1694 lodorusfr.
2485 1638 2618 1709 ¹733
2643 1637 2869 1695 Servius
2890 1638 2966 1695 ad
2986 1640 3142 1714 Vir-g.
3174 1641 3301 1699 AEn.
3328 1642 3441 1709 111,
3471 1647 3609 1706 402.

2869 1805 2958 1841 10.

2213 1931 2593 1989 TzetzesChil.
2621 1934 2769 2002 XII,
2810 1950 2921 2007 179
2960 1952 2975 1987 τ

2260 2076 2352 2125 Καὶ
2370 2076 2399 2123 ὁ
2420 2074 2608 2138 Ὀρφεὺς
2627 2075 2866 2138 ἰσόχρονος
2887 2080 2957 2138 τῷ
2982 2076 3202 2139 Ἡρακλεῖ
3217 2077 3395 2140 ὑπῆρχε
3408 2112 3426 2137 ,

2259 2145 2348 2208 πρὸ
2365 2143 2544 2206 χρόνων
2562 2144 2686 2201 ὄντες
2700 2145 2867 2194 ἑκατὸν
2884 2150 2969 2194 τοῦ
2986 2148 3198 2208 Τρωικοῦ
3220 2148 3445 2209 πολέμου.

2260 2214 2340 2269 Ὡς
2355 2214 2406 2262 δὲ
2429 2212 2618 2276 Ὀρφεὺς
2637 2214 2684 2264 ἐν
2702 2215 2910 2270 Λιθικοῖς
2930 2216 3034 2278 περὶ
3055 2216 3198 2264 αὑτοῦ
3218 2232 3297 2277 μοι
3315 2218 3437 2279 λέγει
3451 2253 3468 2278 ,

2261 2283 2448 2333 Ἑλένου
2470 2299 2515 2331 τι
2539 2283 2816 2346 βραχύτερον
2838 2285 3027 2347 ὕστερον
3041 2285 3158 2333 εἶναι
3176 2286 3296 2347 λέγει
3309 2298 3323 2312 ·

2262 2350 2430 2402 τούτου
2452 2358 2539 2415 μιᾷ
2560 2354 2610 2402 δὲ
2624 2358 2759 2417 γενεᾷ
2778 2354 2987 2417 Ὅμηρος
3012 2356 3234 2417 ὑστερίζει
3247 2391 3262 2416 ,

2264 2424 2292 2471 6
2308 2424 2431 2472 κατὰ
2448 2422 2689 2473 Διονύσιον
2706 2424 2848 2486 ἄνδρα
2864 2425 2946 2474 τὸν
2967 2426 3286 2490 κυκλογράφον

2267 2493 2343 2542 ἐπὶ
2369 2498 2464 2542 τῶν
2480 2494 2563 2542 δύο
2584 2500 2839 2557 στρατειῶν
2860 2495 3107 2557 λεγόμενος
3125 2496 3368 2560 ὑπάρχειν,

2268 2563 2510 2621 θηὸαῑκῆς
2529 2563 2764 2622 Ἑλλήνων
2783 2579 2833 2612 τε
2852 2568 2935 2622 τῆς
2952 2565 3028 2612 διὰ
3046 2557 3129 2619 τήν
3152 2565 3357 2624 Ἑλένην.

2267 2632 2495 2695 Διόδωρός
2508 2649 2559 2681 τε
2582 2633 2813 2696 σύντροχα
2830 2634 2951 2695 λέγει
2973 2634 3206 2698 Διονυσίῳ
3220 2670 3237 2697 ,

2266 2703 2348 2750 καὶ
2367 2702 2511 2765 ἕτεροι
2531 2703 2686 2766 μυρίοι
2705 2703 2772 2752 δέ.

2224 2841 2436 2897 Eadem
2474 2844 2678 2915 repetit
2701 2844 2922 2899 Tzetzes
2949 2842 3025 2899 ad
3050 2844 3290 2901 Hesiod.
3318 2863 3380 2919 p.
3430 2846 3504 2903 15
3529 2849 3704 2906 Gaisf.

2146 2934 2286 2990 Cum
2318 2935 2406 2989 bis
2432 2935 2713 2990 cohaerent
2744 2954 2869 3011 quae
2895 2943 3197 2994 afferuntur
3221 2940 3282 2993 in
3311 2941 3565 2998 Crameri
3593 2949 3701 3000 An.

2145 3022 2244 3079 Gr.
2274 3023 2505 3078 Parisin.
2530 3024 2650 3081 vol.
2680 3024 2767 3092 II,
2797 3043 2857 3097 p.
2884 3042 3021 3094 227,
3044 3043 3116 3096 27
3161 3045 3176 3080 2
3203 3022 3462 3105 Διόδωρος
3490 3030 3704 3088 ἀποδεί-

2147 3127 2296 3164 κνυσι
2321 3111 2499 3165 τοῦτον
2531 3108 2636 3184 (sc.
2671 3107 2760 3167 τὸν
2792 3107 3076 3189 Ὅμηρον)
3099 3110 3200 3191 πρὸ
3229 3115 3322 3182 τῆς
3344 3112 3708 3193 Ἡρακλειδῶν

2148 3193 2367 3252 καθόδου
2400 3195 2826 3266 τετελευτηκότα.
2865 3200 3002 3254 Erat
3024 3201 3143 3255 haec
3166 3201 3400 3258 Cratetis
3430 3207 3709 3261 sententia

2153 3280 2301 3356 (vid.
2332 3293 2522 3338 nostra
2549 3285 2768 3358 Fragm.
2793 3284 3053 3340 chronol.
3077 3304 3139 3358 p.
3183 3287 3292 3361 196
3319 3290 3413 3344 cll.
3454 3292 3706 3347 Nitzsch.

2150 3369 2293 3423 nist.
2311 3370 2485 3424 Hom.
2503 3371 2582 3438 11,
2603 3389 2664 3442 p.
2685 3388 2782 3443 91,
2802 3370 3087 3430 Welcker.
3113 3392 3173 3446 p.
3201 3374 3359 3451 203).
3379 3377 3708 3451 Dionysius,

2151 3456 2378 3528 opinor,
2405 3455 2708 3529 discipulus
2727 3459 2832 3512 fuit
2847 3458 3098 3515 Cratetis».
3120 3460 3409 3518 Diodorus
3431 3474 3624 3520 autem
3640 3466 3712 3520 li-

2152 3543 2259 3598 bro
2275 3544 2380 3611 111,
2404 3543 2498 3612 67,
2517 3543 2590 3598 de
2608 3554 2764 3600 aetate
2781 3546 3016 3601 Homeri
3031 3564 3159 3602 cum
3174 3549 3535 3623 Apollodoro
3554 3552 3710 3621 sacit3

2153 3630 2589 3703 cyclographum
2603 3631 2777 3703 igitur
2786 3643 3006 3688 secutus
3017 3634 3088 3687 sit
3101 3634 3249 3690 libro
3262 3648 3440 3706 sexto,
3454 3656 3567 3711 pro
3584 3639 3714 3695 fon-

2152 3716 2293 3769 tium
2313 3717 2579 3771 varietate
2590 3719 2895 3789 pugnantia
2920 3718 3069 3774 inter
3084 3738 3142 3774 se
3163 3726 3368 3778 referre
3389 3723 3545 3779 haud
3562 3728 3715 3780 veri·

2155 3812 2260 3856 tus.
2278 3804 2353 3856 At
2368 3819 2441 3857 ne
2454 3802 2647 3858 credas
2663 3804 2994 3877 Dionysium
3008 3808 3444 3882 cyclographum
3463 3813 3714 3868 eundem

2155 3905 2268 3943 esse
2293 3906 2423 3943 cum
2443 3889 2792 3961 Mytilenaeo,
2823 3909 2992 3963 quem
3017 3893 3174 3949 libris
3190 3897 3277 3951 111
3302 3908 3361 3951 et
3376 3898 3453 3952 lv
3475 3897 3708 3955 Diodo-

2155 3992 2250 4029 rus
2276 3974 2478 4030 ducem
2498 3976 2696 4031 habuit
2730 3975 2844 4051 (Sic
2871 3978 3121 4035 Lobeck.
3148 3982 3427 4056 Aglaoph.
3452 4002 3571 4058 990
3597 3987 3713 4062 sq.)

2155 4063 2296 4117 Nam
2319 4061 2420 4116 lib.
2443 4063 2546 4118 111.
2571 4062 2670 4133 67,
2695 4081 2749 4132 2,
2771 4064 3075 4138 ‘sbamyrin
3101 4078 3158 4122 et
3181 4069 3469 4143 Orpheum
3491 4084 3548 4127 et
3563 4075 3715 4129 Her-

2157 4148 2339 4201 culem
2357 4149 2486 4202 Lini
2508 4148 2809 4222 discipulos
2827 4150 3011 4222 fixisse,
3029 4152 3274 4227 ideoque
3292 4156 3487 4213 iisdem
3508 4161 3716 4218 vixiaee

2160 4234 2529 4308 temporibus,
2560 4235 2715 4291 dicit.
2746 4239 2848 4293 His
2865 4243 3146 4297 contraria
3161 4253 3290 4297 sunt
3311 4261 3435 4316 quae
3458 4262 3527 4299 ex
3542 4247 3717 4302 sebo-

2157 4322 2245 4375 liis
2293 4323 2498 4376 Tzetzae
2553 4322 2627 4377 ad
2683 4324 2865 4399 Alleg.
2914 4327 3087 4382 Hom.
3141 4326 3239 4403 (in
3285 4330 3483 4387 codice
3533 4331 3712 4389 Paris.

2157 4408 2230 4464 N.
2251 4407 2424 4482 2705)
2446 4411 2723 4483 excerpsit
2737 4412 3037 4468 Diibnerus
3055 4418 3573 4485 meus,Welcke1-us
3591 4418 3655 4493 (l.
3671 4423 3711 4476 1.

2159 4512 2218 4566 p.
2258 4494 2397 4570 193)
2419 4495 2633 4568 publici
2656 4499 2783 4552 fecit
2803 4497 2962 4570 juris.
2986 4501 3208 4559 Etenim
3231 4504 3448 4560 Tzetzae
3473 4506 3546 4561 ad
3568 4509 3736 4562 Dio--

2163 4580 2369 4635 dorum
2395 4599 2712 4654 provocans
2734 4585 2931 4641 scribit
2953 4586 3072 4642 haec
3103 4607 3118 4642 ε
3149 4589 3410 4666 Ληροῧσιν
3432 4588 3530 4668 [οἳ]
3565 4583 3716 4650 εἷπον

2162 4662 2241 4721 ὅτι
2285 4667 2313 4722 6
2341 4664 2635 4733 Ὀδυσσέως
2660 4668 2978 4749 Τηλέμαχος
3005 4669 3217 4749 ὕστερον
3244 4664 3308 4745 ἦν
3334 4672 3604 4755 Ὅμηρος,
3639 4682 3717 4746 ὥς

2163 4752 2318 4822 δῆλον
2335 4753 2394 4811 ἐκ
2415 4756 2503 4811 τοῦ
2520 4751 2708 4831 χρόνου
2727 4756 3059 4835 Προναπίδου
3079 4763 3172 4817 τοῦ
3189 4758 3431 4841 Ὁμήρου
3457 4764 3717 4823 διδασκά-

2164 4836 2287 4908 λου,
2306 4836 2360 4904 ὃς
2392 4828 2457 4909 ἦν
2477 4839 2647 4918 τρίτος
2683 4840 2789 4899 ἀπὸ
2814 4841 3064 4920 Κάδμου,
3082 4841 3329 4924 Ὅμηρος
3364 4848 3420 4907 δὲ
3448 4849 3714 4930 τέταρτος.

2166 4922 2237 4984 ‘O
2253 4923 2493 5005 Θάμυρις
2503 4926 2557 4983 δὲ
2570 4927 2727 4985 πάλιν
2737 4930 2957 4997 παλαιὸς
2966 4921 3029 5002 ἦν
3049 4931 3310 5013 ίσόχρονος
3321 4937 3365 4995 K
3373 4935 3439 4993 άδ
3441 4959 3562 5011 μου,
3571 4937 3720 4997 πάτο-

2167 5033 2261 5076 πος
2285 5010 2534 5091 Ὀρφέως.
2561 5013 2781 5095 Ὀρφεὺς
2803 5016 2857 5073 δὲ
2892 5018 3170 5091 Μενίππης
3194 5011 3259 5092 ἦν
3279 5021 3388 5088 υἱὸς
3407 5025 3504 5093 τῆς
3516 5025 3718 5101 Θαμύ-

2169 5097 2304 5175 ριδος
2325 5098 2605 5177 θυγατρὸς,
2634 5101 2730 5160 κᾶν
2761 5104 3116 5183 άλληγορικῶς
3139 5110 3233 5178 τῆς
3267 5109 3574 5182 Καλλίοπης
3606 5112 3716 5178 υίὸς

2166 5181 2392 5260 λέγεται.
2425 5190 2744 5245 Secundum
2771 5192 2886 5247 haec
2915 5194 3085 5268 igitur
3105 5196 3363 5271 Orpheus
3391 5217 3509 5255 non
3531 5219 3716 5275 vequa-
