3900 6042
504 512 618 567 5⁶8

1604 484 2100 548 MANETRONJS
2138 480 2609 544 SERENNYTAE

494 646 720 698 Arinen.
750 654 858 709 pro
884 633 1076 688 diebus
1102 638 1369 685 numerat.
1384 644 1589 690 annos,
1623 622 1782 678 scioli
1808 632 1889 675 est
1913 637 2048 675 mu·
2098 624 2104 629 ’
2139 631 2326 675 censet
2347 618 2575 674 Boeckh.
2609 635 2669 690 p.
2704 614 2835 680 154.
2866 613 3044 688 Apud
3077 613 3282 668 Euseh.
3319 615 3484 666 Arm.
3521 630 3710 667 maen

494 729 652 793 tatio.
679 725 859 798 Reges
876 725 1116 795 quinque
1130 735 1259 773 cum
1275 713 1538 780 Eusebio,
1559 728 1678 765 non
1695 711 2051 783 septuaginta

493 825 623 861 eum
650 803 914 859 Africano
935 795 1319 853 numerandos
1345 810 1460 849 esse
1480 791 1599 845 sere
1622 805 1816 844 omnes
1839 797 2050 841 statue-

496 902 629 947 runt
646 933 662 959 ‚
706 890 804 962 qui
827 888 1056 957 antiqua
1080 885 1198 938 baec
1234 882 1306 937 ad
1331 898 1477 935 verae
1502 877 1747 932 historiae
1780 872 2053 947 probabi-

497 981 706 1033 litatem
730 990 1076 1047 componere
1101 970 1347 1025 student.
1371 971 1454 1023 Ac
1486 964 1793 1020 Bunsenius
1823 958 2052 1032 quidem

496 1067 574 1120 ita
599 1081 723 1118 rem
741 1061 985 1133 explicat
1000 1069 1065 1112 ut
1082 1075 1151 1112 ex
1169 1057 1329 1110 litera
1360 1049 1400 1109 ε’
1428 1070 1499 1107 ex
1519 1061 1680 1124 parte
1696 1047 1879 1102 deleta
1900 1042 2054 1117 apud

500 1152 825 1208 Africanum
872 1146 1107 1201 evaserit
1148 1143 1311 1196 litera
1331 1137 1394 1195 o'.
1439 1138 1593 1194 Nihil
1632 1134 1835 1190 dubito
1852 1173 1868 1201 ,
1916 1131 2058 1202 quin

500 1238 774 1295 Eusebius
814 1233 978 1289 sicuti
1004 1231 1299 1288 Africanus
1323 1225 1577 1282 statuerit
1612 1232 1826 1277 certum
1851 1235 2058 1273 uume-

502 1342 631 1380 rum
646 1335 1115 1396 regumregnasse
1130 1334 1234 1390 per
1244 1313 1486 1369 eundem
1501 1326 1796 1365 numerum
1811 1305 2054 1361 dierum.

504 1414 703 1482 ltaque
723 1425 829 1481 pro
859 1401 896 1460 ε’
925 1405 1116 1477 potius
1141 1400 1309 1456 fuerit
1326 1394 1394 1453 σε’
1428 1395 1571 1472 (75).
1598 1393 1778 1466 quue
1803 1409 1874 1447 eo
1897 1407 2062 1443 com—

503 1497 783 1572 probatur
833 1491 991 1565 quod
1043 1490 1154 1544 hoc
1196 1495 1413 1542 tantum
1450 1482 1626 1537 modo
1677 1480 1805 1536 erui
1846 1476 2065 1550 possint

506 1601 666 1657 reges
701 1599 806 1653 ¹92
824 1621 841 1647 ‚
863 1595 1006 1650 quos
1026 1578 1212 1649 primo
1238 1585 1391 1628 tomo
1416 1590 1447 1626 a
1466 1568 1805 1625 Manethone
1823 1563 2064 1620 recensi-

509 1682 726 1726 tosesse
752 1665 1022 1722 Eusebius
1038 1661 1209 1717 tradit
1238 1657 1336 1733 (8.
1362 1676 1422 1732 9.
1449 1655 1505 1713 8.
1540 1674 1631 1725 17.
1665 1654 1760 1711 31.
1786 1650 1879 1722 75.
1912 1651 1971 1706 5.
2006 1653 2064 1713 4.

516 1774 608 1829 19.
641 1753 907 1826 16:192
926 1750 968 1825 ).
998 1780 1077 1791 —-
1096 1749 1355 1803 Ceterum
1385 1761 1562 1817 quum
1583 1743 1675 1796 vel
1696 1740 1948 1813 quinque
1973 1753 2069 1791 re·-

510 1861 604 1919 ges
628 1844 723 1896 vix
750 1858 853 1914 per
883 1856 956 1908 70
981 1837 1100 1891 dies
1122 1834 1439 1908 regum-int,
1468 1831 1711 1885 Bunsen.
1745 1844 1815 1881 ex
1831 1840 2069 1879 numero

516 1925 617 1995 κζ’,
643 1928 740 1999 qui
756 1943 958 1999 regum
982 1932 1061 1978 est
1079 1920 1359 1992 sequentis
1382 1916 1644 1989 dynastiae
1662 1955 1678 1983 ,
1701 1912 1924 1968 assumit
1949 1911 2073 1964 lite-

513 2034 632 2071 ram
650 2011 719 2081 κ’,
743 2012 988 2082 ideoque
1008 2007 1271 2081 dynastiae
1291 2006 1516 2059 tribuit:
1537 2020 1713 2056 annos
1728 2018 1825 2068 20,
1841 1999 1960 2052 dies
1977 2014 2072 2065 70.

513 2105 694 2159 Porro
719 2116 892 2171 quum
910 2096 1052 2151 alias
1073 2093 1338 2148 Manetho
1367 2089 1614 2147 Africani
1642 2087 1759 2142 dies
1779 2101 2076 2139 numerare

513 2206 632 2243 uon
652 2188 859 2251 soleat,
913 2183 1025 2237 hoc
1055 2193 1241 2235 tamen
1270 2180 1401 2233 loco
1439 2186 1742 2251 propterea
1781 2171 1843 2226 id
1868 2172 2078 2226 sactum

516 2293 661 2345 esse,
693 2270 851 2344 quod
877 2287 1021 2324 unus
1047 2286 1078 2323 e
1104 2266 1331 2339 regibus
1353 2263 1518 2335 hujus
1542 2261 1679 2334 dyn.
1711 2278 1818 2333 per
1847 2276 1920 2328 70
1949 2269 2078 2311 tan-

412 2362 419 2367 '
518 2374 641 2417 tum
661 2360 778 2415 dies
807 2367 1105 2431 regnasset.
1161 2356 1297 2424 Quae
1321 2351 1515 2425 quanti
1536 2346 1790 2405 facienda
1823 2346 1965 2413 sint,
2016 2353 2077 2397 tu

395 2476 400 2483 ·
520 2447 728 2504 videas,
765 2474 837 2486 —
855 2444 1115 2498 Ceterum
1140 2438 1435 2495 Boeckhius
1455 2439 1516 2491 in
1539 2453 1817 2491 annorum
1845 2449 2083 2504 compu-

524 2535 733 2589 tatione
771 2550 876 2605 pro
899 2530 1099 2585 diebus
1128 2546 1202 2598 70
1235 2527 1427 2600 posuit
1447 2540 1656 2581 annum
1674 2563 1690 2591 ‚
1717 2520 1984 2595 quoniam
2005 2520 2082 2573 sic

524 2621 753 2676 demum
794 2615 1031 2673 conflari
1078 2616 1252 2689 possit
1301 2631 1516 2668 summa
1567 2627 1845 2666 annorum
1892 2605 2046 2661 2300
2062 2645 2079 2675 ,

525 2719 668 2780 quot
682 2708 741 2761 iu
756 2706 942 2779 primo
952 2704 1100 2759 libro
1122 2702 1386 2758 Manetho
1403 2714 1749 2755 enumerasse
1763 2695 1987 2750 dicitur.
2006 2721 2086 2734 —

524 2792 740 2864 Quodsi
753 2794 900 2845 ’verae
913 2791 1059 2845 histo
1066 2790 1157 2843 riae
1173 2789 1366 2843 colore
1383 2787 1587 2842 tradita
1603 2784 1917 2839 illuminare
1929 2779 2084 2847 velis,

526 2882 775 2953 cogitare
799 2870 929 2932 lice‘t
946 2887 1076 2949 post
1101 2887 1341 2930 mortem
1374 2871 1683 2929 Nitocridis
1711 2864 1967 2945 ἀναρχίαν
1992 2865 2090 2920 ob-

529 2965 753 3019 tinuisse
800 2980 906 3035 per
950 2962 1069 3016 dies
1126 2961 1227 3031 75,
1260 2961 1465 3035 quibus
1502 2975 1735 3032 magnus
1764 2956 2089 3028 principum

530 3068 793 3108 numerus
811 3066 1049 3123 regnum
1077 3050 1453 3121 appetiissent.

942 3203 1231 3261 OCTAVA
1270 3201 1658 3259 DYNASTIA.

1265 3322 1361 3382 25.

978 3467 1129 3527 SEC.
1176 3461 1636 3521 AFRICANUM.

614 3609 852 3683 Syncell.
881 3626 942 3682 p.
978 3605 1073 3675 58,
1099 3604 1144 3664 C
1171 3624 1185 3659 :
1215 3598 1409 3678 Ὀγδόη
1434 3596 1706 3657 δυναστεία
1737 3599 1791 3655 Μ
1809 3598 2092 3675 εμφιτῶν

540 3693 869 3775 βασιλέων
901 3692 1007 3764 κζ’,
1032 3689 1079 3749 οἳ
1099 3687 1283 3748 ἐὸασί
1299 3692 1545 3747 λευσαν
1579 3683 1668 3757 ἔτη
1695 3681 1841 3764 pits-¹.
1856 3682 2093 3743 Γίνονται

537 3780 631 3844 σὺν
642 3791 747 3850 τοῖς
760 3777 1188 3863 προτεταγμένοις
1197 3776 1290 3849 ἔτη
1310 3773 1476 3857 ,αχλο’
1494 3776 1596 3833 τῶν
1612 3770 1749 3833 ὀκτὼ
1760 3773 2089 3832 δυναστειῶν.

1267 3917 1364 3974 26.
1387 3919 1391 3922 ’

1016 4042 1162 4099 SEU.
1204 4035 1599 4094 EUSEBI'UM.

618 4177 779 4233 Idem
812 4193 874 4248 p.
910 4172 1007 4247 59,
1051 4175 1100 4229 A
1131 4189 1146 4229 ε
1176 4165 1373 4242 Ὀγδόη
1411 4160 1685 4221 δυναστεία
1725 4161 2094 4241 Μεμφιτῶν

544 4258 878 4343 βασιλέων
902 4258 1107 4333 πέντε,
1134 4253 1185 4313 οἳ
1211 4253 1552 4313 ἐὸασίλευσαν
1578 4249 1668 4320 ἔτη
1697 4247 1898 4306 ἑκατόν.
1926 4246 2097 4306 Γίνον-

542 4372 630 4408 ται
653 4346 745 4406 σὺν
768 4355 874 4412 τοῖς
904 4341 1336 4423 προτεταγμένοις
1358 4338 1450 4410 ἔτη
1475 4329 1602 4417 dep&
1618 4360 1651 4407 η
1667 4335 1681 4359 ’
1705 4338 1807 4392 τῶν
1835 4336 1973 4392 ὀκτὼ
2007 4335 2093 4393 δυ·

541 4438 811 4494 ναστειῶν.
844 4435 1016 4507 (Male
1036 4435 1123 4488 his
1154 4431 1470 4505 junguntur
1501 4446 1624 4499 quae
1650 4433 1962 4497 sequuntur
2001 4441 2092 4496 ap.

543 4528 711 4599 Sync.
748 4541 762 4577 ε
790 4522 908 4578 κατ’
940 4515 1263 4597 Ἀφρικανόν.
1298 4518 1455 4571 Patet
1487 4515 1605 4568 haec
1634 4530 1747 4567 esse
1773 4511 2097 4584 inscriptio—

545 4630 672 4667 nem
696 4627 892 4665 eorum
910 4647 928 4677 ,
962 4625 1087 4679 quae
1107 4612 1418 4677 sequuntur
1450 4600 1522 4655 de
1546 4599 1683 4671 dyn.
1710 4596 1844 4670 1X.)

623 4705 892 4761 Eusebius
904 4703 1114 4758 Chron.
1130 4717 1144 4757 :
1160 4700 1368 4753 Octava
1382 4697 1644 4767 dynastia
1661 4690 2095 4764 Memphitarum

546 4796 649 4849 IX
696 4792 810 4867 (ita
846 4801 1060 4862 textus;
1102 4804 1297 4860 margo
1340 4803 1354 4837 :
1377 4778 1571 4857 “X1X)
1606 4798 1833 4853 regum,
1873 4795 2097 4851 quorum

544 4883 848 4936 dommate'o
866 4895 1038 4931 annos
1057 4886 1271 4929 centum
1295 4873 1592 4943 occupavit.
1952 4932 1961 4941 ·

626 4965 796 5039 Apud
842 4963 1168 5020 Africanum
1211 4961 1256 5015 si
1294 4957 1672 5012 numeraveris
1719 4971 1895 5008 annos
1956 4949 2062 5015 146
2078 4991 2095 5019 ‚

549 5072 769 5110 summa
806 5068 1087 5107 annornm
1114 5049 1261 5103 foret
1290 5044 1436 5111 1643
1464 5041 1481 5121 (
1508 5038 1917 5117 1497÷146);
1953 5041 2100 5111 Syn-

432 5174 456 5197 ·
548 5142 719 5196 celius
737 5147 1001 5212 supputat
1021 5155 1111 5193 an.
1151 5133 1320 5207 1639.
1343 5134 1525 5207 Igitur
1551 5130 1813 5203 dynastiae
1836 5129 1968 5185 VIII
1996 5127 2102 5180 tri-

550 5228 673 5285 buit
707 5244 798 5283 on.
834 5231 962 5289 142.
996 5226 1177 5295 Atque
1206 5223 1315 5275 hoc
1346 5238 1454 5292 pro
1480 5236 1614 5273 vero
1634 5214 1958 5272 habendum
1991 5229 2104 5268 esse

2142 725 2299 781 reges
2321 714 2611 778 ponuntur
2626 720 2736 776 pro
2756 702 3026 774 quinque.
3056 702 3168 756 Per
3189 717 3452 755 errorem
3468 711 3537 753 ut
3554 698 3715 754 vide·

2144 805 2237 848 tur
2257 791 2311 850 Θ
2328 799 2704 865 permutatum
2723 808 2852 844 cum
2875 788 2944 846 E.
2967 789 3238 843 Similiter
3260 786 3335 845 fr.
3361 786 3439 842 32
3461 804 3555 860 ap.
3579 788 3716 858 Syn·

2145 882 2345 936 cellum
2373 876 2493 936 00¹
2519 896 2628 951 pro
2660 873 2794 934 OE'.
2821 876 3134 932 Barbarus:
3164 875 3455 930 Similiter
3477 876 3715 928 alima·

2145 967 2574 1041 quattuordecim
2611 982 2788 1020 annos
2826 965 2942 1020 CX
2939 966 3001 1021 L.
3038 964 3190 1017 Anni
3223 974 3452 1017 centum
3497 960 3722 1016 Eusebii

2147 1064 2266 1108 tum
2294 1054 2353 1107 in
2374 1053 2478 1107 hac
2503 1063 2621 1106 tum
2649 1051 2710 1105 in
2730 1061 2996 1123 sequente
3016 1050 3275 1122 dynastia
3293 1049 3597 1125 scriptoris
3619 1064 3722 1102 ne·

2147 1141 2423 1215 gligentiae
2447 1138 2741 1194 debentur.
2772 1127 3078 1192 Bunsenius
3111 1154 3223 1211 pro
3254 1134 3348 1201 κζ’
3367 1135 3608 1210 regibus
3629 1151 3724 1190 ar-

2147 1228 2321 1282 bitrio
2349 1244 2451 1282 suo
2482 1236 2741 1280 numerat
2758 1221 2825 1290 ζ’.

2600 1346 2802 1401 NONA
2853 1344 3254 1399 DYNASTIA.

2880 1520 2950 1571 ²7
2960 1542 2974 1556 .

2601 1634 2751 1693 SEC.
2799 1632 3260 1689 AFRJGANUM.

2239 1777 2477 1850 Syncell.
2506 1793 2567 1848 p.
2612 1770 3059 1850 59Β1Ἔνοίτη
3104 1768 3500 1828 δυναστεία
3537 1768 3729 1847 Ἤρι-

2162 1863 2613 1921 κλεοπολιτῶν
2664 1858 2972 1939 βασιλέων
3027 1856 3127 1930 ιθ’,
3167 1854 3228 1915 οἳ
3261 1855 3728 1915 ἐὸασίλευσιν

2166 1948 2276 2020 ἔτη
2314 1938 2516 2007 uer-§v
2540 1950 2568 2005 ὁ
2602 1950 2804 2027 πρῶτος
2840 1943 3135 2024 Ἀχθόης,
3174 1943 3614 2009 &adrat-octav
3645 1942 3735 2019 πρὸ

2167 2038 2321 2094 αὐτοῦ
2345 2033 2615 2111 γενόμενος
2638 2034 2742 2100 τοῖς
2765 2037 2816 2092 ἐν
2859 2032 3008 2112 πάσῃ
3042 2030 3310 2111 Αἰγύπτῳ
3369 2030 3528 2089 κακὲ
3589 2027 3738 2107 εἰργέ-

2167 2146 2326 2199 σατο,
2356 2121 2566 2201 ὕστερον
2590 2120 2644 2180 δὲ
2664 2120 2825 2200 μανία
2843 2119 3115 2197 περιέπεσε
3152 2118 3245 2177 καὶ
3265 2117 3380 2176 ὑπὸ
3411 2118 3738 2196 apameens-

2169 2211 2434 2293 διεφθάρη.
2461 2214 2568 2270 Pro
2592 2208 2666 2268 ufl'
2688 2212 2995 2268 Bunsenius
3013 2210 3184 2266 vellet
3203 2206 3287 2265 σθ’
3314 2205 3340 2285 (
3359 2228 3484 2279 207
3504 2208 3552 2284 ).

2898 2339 2992 2396 28.

2655 2462 2808 2520 SEC.
2852 2459 3246 2517 EUSEBIUM,

2252 2586 2408 2641 Idem
2438 2603 2498 2658 p.
2545 2583 2657 2653 60,
2691 2585 2745 2639 A
2792 2579 3071 2649 τἘνοίτη
3117 2574 3514 2636 δυναστεία
3557 2573 3745 2654 Ἦρα-

2173 2670 2606 2743 κλεοπολιτῶν
2648 2673 2725 2747 βα
2742 2666 2972 2727 σιλέων
2997 2664 3209 2725 τεσσά
3227 2687 3385 2743 ρων,
3419 2662 3493 2720 οἳ
3529 2661 3750 2721 cenet·

2175 2759 2416 2816 λευσαν
2448 2756 2560 2828 ἔτη
2610 2756 2866 2815 ἑκατόν·
2916 2746 2988 2814 ὧν
3028 2756 3227 2833 πρῶτος
3267 2749 3604 2828 Ἀχθῶης
3645 2750 3750 2829 {sit

2178 2847 2308 2904 cod.
2345 2848 2437 2919 B„
2462 2865 2572 2920 vgo
2589 2840 2777 2923 Ἄχθος
2794 2847 2811 2922 )
2827 2889 2844 2921 ,
2867 2840 3150 2906 δεινότατος
3178 2843 3283 2896 τῶν
3331 2836 3444 2916 πρὸ
3475 2840 3752 2913 ωὖτοῧγε·

2178 2932 2384 3007 νόμενος
2396 2978 2415 3007 ,
2443 2940 2548 2999 τοῖς
2570 2934 2623 2990 ἐν
2648 2931 2794 3011 παίσῃ
2823 2929 3073 3009 Αἰγύπτῳ
3093 2926 3233 2986 κακὰ
3256 2925 3592 3004 εἰργάσατο,
3617 2924 3755 2983 ὅστε.

2182 3040 2267 3101 ρον
2294 3018 2347 3077 δὲ
2369 3020 2531 3099 μανία
2553 3016 2830 3098 περιέπεσε
2862 3019 2952 3077 καὶ
2980 3016 3079 3075 ὑπὸ
3100 3014 3442 3094 κροκοδείλου
3469 3014 3747 3092 διεφθάρη.

2257 3110 2459 3166 Euseb.
2489 3111 2699 3168 chron.
2730 3129 2790 3183 p.
2818 3129 2893 3184 97
2919 3127 2934 3163 ε
2957 3110 3122 3164 Nona
3143 3107 3417 3175 dynastia
3442 3105 3754 3158 Hennaeu-

2173 3200 2476 3272 politarum
2499 3199 2599 3252 IV
2607 3215 2818 3272 regum,
2842 3200 3010 3249 annis
3022 3195 3089 3251 C.
3109 3193 3316 3247 Horum
3326 3197 3579 3266 primus
3597 3189 3756 3246 och:

2180 3291 2290 3341 tois
2308 3290 2640 3340 soevisSImus
2667 3282 3018 3355 regnmsnst,
3038 3285 3136 3354 qui
3166 3280 3276 3334 sibi
3295 3290 3742 3352 prmo-ant.

2181 3379 2592 3445 uniuersumque
2610 3374 2907 3445 AEfflptum
2920 3371 3059 3424 diris
3067 3367 3506 3422 calamitatibus
3520 3362 3750 3436 fixit.

2181 3463 2343 3517 Idem
2373 3463 2610 3534 denique
2645 3464 2886 3515 vesania
2911 3468 3186 3533 coneptu-5
3208 3467 3290 3511 est
3319 3467 3445 3509 eta
3471 3455 3753 3511 oeuoeffib

2175 3561 2506 3623 peremptus.

2260 3639 2536 3711 Excerpta
2555 3635 2801 3693 Barbara
2832 3636 2871 3690 1.
2897 3635 2938 3693 l.
2971 3642 3269 3689 numerant
3301 3649 3519 3707 reg-um
3547 3632 3754 3705 vigum*

2185 3723 2327 3801 (pro
2355 3724 2738 3800 undeviginti)
2765 3741 2940 3779 annos
2975 3728 3111 3795 409.

2604 3889 2886 3946 DECIMA
2919 3884 3302 3942 DYNASTIA.

2914 4025 3004 4080 29.

2644 4134 2788 4189 SEC.
2818 4129 3265 4186 AFRICANUM.

2265 4259 2506 4333 Syncell.
2536 4278 2600 4332 p.
2625 4257 2720 4332 59,
2744 4259 2823 4314 B:
2846 4254 3054 4325 Δεκᾶτη
3077 4249 3354 4310 δυναστεία
3375 4250 3462 4312 Ἤ
3479 4253 3748 4331 paulu-

2188 4348 2475 4405 πολιτῶν
2503 4345 2835 4423 βασιλέων
2861 4340 2977 4414 20¹,
2999 4340 3050 4401 οἳ
3070 4339 3422 4400 ἐὸασίλευσαν
3443 4339 3549 4413 ἔτη
3581 4336 3714 4421 ρκ’.

2913 4498 3007 4554 30.

2670 4632 2816 4708 SEC.
2859 4630 3248 4687 EUSEBIUM.

2267 4775 2444 4832 Idem.
2469 4791 2527 4846 p.
2552 4772 2708 4841 60,Β
2734 4791 2749 4827 z
2780 4768 2989 4840 Δεκάτη
3027 4765 3305 4825 δυναστεία
3329 4765 3742 4846 ‘tipum-

2190 4862 2292 4917 τῶν
2337 4857 2591 4936 βασιλέων
2639 4857 2717 4927 ιδ’,
2748 4854 2798 4915 οἳ
2838 4856 3184 4914 ἐδασίλευσαν
3223 4852 3318 4925 ἔτη
3360 4854 3503 4933 (7³²¹-

2269 4949 2473 5004 Euseb.
2489 4947 2703 5005 Chron.
2720 4964 2780 5019 p.
2797 4965 2872 5019 97
2889 4965 2904 5001 t
2925 4947 3161 5000 Decima
3173 4945 3446 5016 dynastia
3454 4945 3735 4999 Hermino-

2184 5039 2488 5111 politarum
2531 5035 2697 5089 XIX
2734 5051 2924 5106 regum
2965 5038 3132 5087 annis
3194 5032 3550 5089 CLXXXV
3595 5028 3730 5104 (18⁶5

2192 5124 2788 5198 Samuelis).Excerpt.
2815 5121 2985 5178 Barb.
3014 5121 3051 5175 1.
3075 5120 3116 5173 1.
3153 5131 3461 5177 numerant
3485 5137 3516 5188 7
3559 5134 3736 5192 regn

2196 5228 2371 5267 annm
2397 5215 2531 5274 204.
