3900 6042
1576 495 2082 555 FRAGMENTA.

3321 509 3438 558 619

240 638 303 683 et
325 628 476 682 libro
506 644 660 681 nono
687 624 871 681 adhuc
903 625 963 678 in
990 626 1337 697 temporibus
1359 626 1494 681 belli
1512 627 1798 700 Pelopon-
1889 636 1945 682 et
1990 629 2201 702 legatos
2240 627 2570 701 pertinuisse
2597 626 2821 682 videtur
2862 625 2963 694 (cs.
3001 629 3085 683 De
3128 627 3209 686 lit.
3264 630 3433 687 Attic.

238 722 451 777 nesiaci
476 730 745 787 versetur,
770 728 970 791 sponte
989 720 1235 780 nascitur
1254 721 1495 792 suspicio
1521 722 1801 776 institutos

236 806 575 863 nautodicas
594 807 757 861 fuisse
783 807 871 861 vel
898 806 1091 879 paucis
1108 807 1265 861 annis
1281 817 1409 880 post
1428 825 1673 881 pugnam
1694 810 1798 863 Sa-

238 895 560 962 laminiam,
586 894 674 948 vel
701 894 861 948 brevi
894 903 1023 967 post
1048 911 1243 966 pacem
1281 895 1603 950 Cimoneam
1630 914 1800 967 quam

240 981 463 1051 dicunt,
486 991 652 1054 atque
671 980 1043 1054 fragmentum
1067 990 1321 1035 nostrum
1343 998 1412 1036 ex
1433 1000 1501 1036 eo
1524 982 1645 1055 ipso
1665 984 1801 1038 Cra-

240 1071 358 1129 teri
398 1071 587 1142 operis
612 1069 741 1123 loco
785 1071 1026 1142 petitum
1054 1086 1197 1138 esse,
1227 1069 1329 1123 ubi
1369 1069 1683 1143 psephisma
1728 1070 1800 1125 de

240 1158 503 1215 creandis
526 1157 843 1213 nautodicis
861 1156 1067 1215 attulit.

999 1286 1052 1346 5.

324 1417 578 1475 laexicon
596 1415 832 1473 Rhetor.
854 1415 926 1471 ad
942 1416 1078 1472 calc.
1094 1417 1279 1472 Photii
1298 1435 1357 1490 p.
1377 1417 1514 1487 667,
1527 1437 1549 1472 ι
1562 1436 1594 1472 2
1620 1437 1633 1471 ε
1654 1418 1799 1475 Εἰσ-

246 1500 477 1579 αγγελί
493 1524 526 1558 α
543 1523 559 1539 ·
601 1498 739 1558 κατὰ
771 1503 955 1558 κοινῶν
996 1500 1086 1559 καὶ
1127 1501 1374 1582 ἀγράφων
1426 1502 1763 1579 ἀδικημάτων
1785 1526 1798 1541 ·

245 1588 384 1659 αὕτη
414 1586 508 1663 μὲν
536 1577 624 1645 οὖν
653 1591 688 1658 ἡ
721 1587 993 1647 Καικιλίου
1024 1586 1165 1656 δόξα.
1201 1588 1533 1668 Θεόφραστος
1561 1589 1615 1647 δὲ
1642 1591 1694 1647 ἂν
1723 1592 1801 1670 τῷ

245 1674 483 1754 τετάρτῳ
511 1672 645 1752 Περὶ
680 1672 852 1749 νόμων
882 1671 1010 1749 φησὶ
1045 1673 1310 1750 γενέσθαι,
1339 1673 1429 1732 ἐάν
1454 1698 1532 1741 τις
1557 1676 1795 1752 καταλύῃ

244 1760 339 1818 τὸν
372 1761 536 1835 δῆμον
566 1761 769 1839 ῥήτωρ,
812 1756 848 1828 ἢ
890 1758 965 1835 μὴ
993 1758 1058 1817 τὰ
1101 1759 1288 1838 ἄριστα
1316 1759 1645 1841 συμὸουλεύῃ
1683 1763 1800 1844 [τῷ

247 1848 443 1927 δήμῳ]
470 1846 723 1927 χρήματα
750 1845 1054 1922 λαμὸάνων,
1081 1845 1119 1917 ἢ
1159 1848 1246 1907 ἐάν
1274 1871 1352 1916 τις
1376 1847 1645 1928 προδιδοὺς
1682 1873 1795 1928 χω-

248 1936 361 2015 ρίον
385 1933 402 2013 (
422 1934 658 2014 φρουρίον
685 1935 889 2010 Phot.)
914 1934 949 2005 ἢ
978 1940 1099 2002 ναῦς
1120 1934 1155 2005 ἢ
1179 1933 1339 2005 πεζὴν
1358 1935 1624 2015 στρατιὰν,
1649 1936 1685 2009 ἢ
1710 1938 1799 1997 ἐάν

246 2045 326 2089 τις
352 2023 423 2089 εἰς
451 2020 566 2087 τοὺς
591 2021 867 2094 πολεμίους
896 2023 1174 2101 ἀφικνῆται
1200 2020 1362 2100 [ἄνευ
1391 2027 1482 2081 τοῦ
1501 2028 1801 2105 πεμφθῆναι

246 2110 396 2189 παρὰ
416 2113 506 2167 τοῦ
536 2108 741 2186 δήμου]
772 2106 806 2179 ἢ
838 2111 1122 2188 μισθοφορῇ
1145 2112 1271 2187 παρ’
1295 2112 1465 2176 αὐτοῖς
1491 2106 1525 2179 ἢ
1551 2110 1800 2190 στρατεύ·

246 2219 377 2267 ηται
404 2197 518 2273 μετ’
543 2197 730 2266 αὐτῶν,
750 2194 785 2265 ἢ
813 2195 1221 2274 δῶραλαμὸάνῃ
1249 2195 1376 2273 [ἐπὶ
1397 2195 1572 2276 plateas,
1595 2202 1684 2255 τοῦ
1709 2198 1802 2269 δή·

250 2285 404 2363 μου].
438 2284 788 2359 Συνομολογεὶ
815 2281 869 2342 δὲ
897 2290 999 2348 τοῖς
1022 2281 1121 2340 ὑπὸ
1146 2283 1483 2364 Θεοφράστου
1512 2284 1623 2364 (sc.
1651 2287 1800 2362 λεγο-

249 2369 490 2449 μένοις),
521 2369 601 2428 ὅτι
634 2367 1003 2446 Θεμιστοκλέα
1032 2365 1328 2448 εἰσήγγειλε
1354 2372 1493 2430 κατὰ
1533 2372 1800 2453 Κράτερον

248 2458 530 2526 Δεωὸότας
556 2457 902 2532 Ἀλκμαίωνος
927 2456 1290 2535 Ἄγραύληθεν.

333 2547 427 2613 Εἰς
468 2543 584 2611 τοὺς
613 2544 892 2620 πολεμίους
928 2545 1075 2623 κτλ.]
1123 2546 1310 2603 Codex
1353 2547 1426 2611 εἰς
1455 2567 1503 2605 τ.
1544 2544 1802 2621 πολίμους

250 2633 572 2714 ἀφικνεῖται,
597 2631 633 2702 ἢ
661 2632 827 2704 νικοίη
858 2631 985 2709 παρ’
1012 2634 1249 2698 αὐτοῖς...
1281 2630 1316 2703 ἢ
1349 2632 1489 2710 δῶρα
1521 2632 1767 2710 λαμδάνη
1786 2657 1798 2670 ·

249 2722 590 2795 συνομολογεῖ
608 2717 662 2776 δὲ
681 2742 731 2781 τ.
756 2721 806 2779 ὓ.
830 2720 1169 2798 Θεοφράστου
1192 2721 1294 2777 εἴτε
1315 2720 1676 2796 Θεμιστοκλέα
1702 2726 1802 2779 εἰσ-

251 2807 437 2887 αγγέλ.
470 2805 505 2878 ἢ
537 2805 824 2884 εἰσήγγειλε
862 2805 1106 2884 κρατερὸς
1134 2804 1416 2877 Δεσὸώτης
1443 2809 1558 2869 κτλ.
1595 2812 1804 2866 Emen-

252 2894 412 2952 davit
431 2905 489 2952 et
516 2896 799 2969 supplevit
820 2896 1061 2950 Meierus
1090 2895 1162 2950 ad
1190 2895 1248 2953 h.
1283 2895 1325 2952 l.
1343 2936 1360 2963 ‚
1391 2895 1488 2968 qui
1524 2920 1548 2945 α
1581 2899 1804 2953 Partem

248 2983 769 3058 supplementorum
787 3024 803 3051 ‚
828 2984 1039 3055 inquit,
1067 2982 1284 3037 Polluci
1310 2985 1469 3052 VIII,
1493 2982 1565 3038 52
1595 2984 1800 3056 debe0,

251 3071 356 3145 qui
378 3087 552 3143 quum
573 3070 739 3125 etiam
761 3070 880 3143 ipse
900 3087 999 3123 sua
1014 3086 1074 3123 se
1092 3070 1164 3123 ab
1178 3070 1562 3143 Theophrasto
1584 3080 1801 3129 mutua·

251 3167 377 3211 tum
394 3174 511 3215 esse
527 3155 883 3231 profiteatur,
904 3157 1045 3212 alter
1058 3172 1127 3211 ex
1143 3158 1321 3212 altero
1334 3160 1698 3230 grammatico
1713 3177 1799 3216 re·

253 3242 564 3318 dintegrari
581 3255 781 3319 potest.
795 3243 969 3318 Apud
979 3244 1268 3299 Pollucem
1284 3246 1457 3318 igitur
1470 3245 1587 3301 haec
1607 3248 1807 3321 legim-

253 3341 352 3386 tur
383 3349 398 3385 :
430 3328 731 3407 Ἐγίγνοντο
758 3327 814 3387 δὲ
842 3328 1161 3407 εἰσαγγελίαι
1187 3328 1324 3387 κατὰ
1354 3330 1460 3409 (ita
1490 3335 1638 3388 enim
1666 3336 1802 3389 scri·

252 3417 507 3475 bendum
536 3429 649 3489 est,
677 3438 853 3492 quum
879 3420 937 3473 in
961 3419 1121 3475 libris
1146 3416 1234 3476 καὶ
1256 3430 1352 3474 aut
1379 3430 1507 3476 ante
1535 3420 1797 3496 εἷσαγγελ.

251 3516 355 3562 aut
379 3516 506 3562 ante
533 3502 670 3563 κατὰ
716 3502 1132 3583 interponatur)
1178 3507 1281 3561 τῶν
1322 3505 1685 3563 καταλυόντων
1714 3505 1802 3564 τὸν

251 3592 419 3666 δῆμον
449 3589 676 3671 ρητόρων
700 3589 735 3662 ἢ
769 3589 844 3667 μὴ
883 3590 952 3649 τὰ
980 3590 1167 3668 ἄριστα
1188 3594 1273 3670 τῷ
1299 3590 1481 3670 δήμῳ
1521 3591 1796 3669 λεγόντων,

250 3675 291 3747 ἢ
316 3675 441 3758 πρὸς
462 3676 579 3745 τοὺς
603 3679 880 3753 πολεμίους
909 3676 1062 3736 ἄνευ
1086 3683 1198 3737 τοῦ
1228 3700 1267 3735 π
1284 3683 1607 3757 εμφθῆναι
1640 3681 1799 3737 ἀπελ·

251 3763 463 3834 θόντων,
487 3763 523 3836 ἢ
563 3764 855 3839 προδόντων
880 3764 1118 3845 φρουρίον
1148 3764 1183 3836 ἢ
1219 3765 1464 3843 στρατιὰν
1492 3762 1526 3835 ἢ
1564 3771 1709 3836 ναῦς,
1737 3769 1805 3833 ὡς

252 3850 670 3931 ΘεόφραστοςΙν
713 3855 789 3929 τῷ
831 3853 1221 3928 (scribendum
1255 3865 1354 3909 aut
1380 3852 1434 3909 ἐν
1474 3856 1603 3923 τοῖς,
1633 3865 1729 3910 aut
1751 3854 1803 3911 ἐν

252 3939 332 4015 τῷ
353 3938 398 3994 δ’
416 3944 433 4013 )
462 3937 592 4017 Περὶ
614 3937 808 4015 νόμων.
836 3942 1077 4014 Reliqua
1095 3942 1476 4015 supplementa
1494 3954 1673 3997 semet
1689 3944 1805 4015 ipsa

252 4027 595 4098 tuebuntur3
634 4029 714 4082 sic
742 4025 829 4083 ἐπὶ
874 4025 1047 4104 βλάὸῃ
1086 4031 1175 4083 τοῦ
1205 4026 1373 4102 δήμου
1408 4048 1476 4085 ex
1516 4031 1802 4087 Demosth-

253 4113 395 4170 Mid.
416 4134 476 4188 p.
505 4113 643 4188 551,
675 4134 747 4170 22
778 4114 1088 4187 adjicienda
1107 4118 1332 4189 putavi,
1358 4117 1542 4190 quod,
1564 4119 1663 4173 etsi
1686 4120 1803 4173 De-

253 4203 571 4259 mosthenes
582 4205 666 4258 De
689 4201 807 4261 fals.
835 4203 1011 4276 leg.p.
1031 4203 1206 4276 343‚9
1220 4215 1418 4259 auctor
1436 4216 1518 4259 est
1538 4207 1659 4278 lege
1683 4224 1806 4260 cau-

253 4299 381 4344 tum
408 4289 572 4345 fuisse
599 4287 778 4353 ἅπλῶς
800 4289 1055 4364 μηδαμῶς
1078 4291 1218 4367 δῶρα
1241 4288 1558 4365 λαμὸάνειν,
1585 4310 1655 4346 ne
1682 4294 1807 4364 quis

255 4377 488 4432 omniuo
524 4377 673 4432 dona
706 4379 1010 4450 acciperet,
1047 4377 1105 4432 id
1135 4378 1322 4451 quod,
1364 4381 1407 4433 si
1437 4379 1667 4450 quidem
1694 4399 1806 4433 non

249 4464 423 4538 plane
450 4466 618 4521 falsus
640 4476 723 4520 est
758 4466 1156 4521 Demosthenes
1171 4506 1190 4539 ,
1214 4466 1286 4521 ad
1320 4477 1570 4521 oratores
1595 4476 1806 4521 tantum

316 4714 676 4777 Theophrastus
714 4715 837 4765 libro
875 4718 1051 4777 quarto
1088 4718 1161 4765 De
1195 4716 1375 4777 legibus
1411 4716 1478 4765 ait
1519 4718 1810 4779 εἰσαγγελίαν

253 4789 440 4840 institui
462 4792 501 4839 si
520 4792 682 4841 rhetor
702 4792 874 4859 aliquis
908 4794 1088 4842 statum
1121 4793 1236 4854 reip.
1272 4794 1551 4855 popularem
1592 4797 1809 4843 evertere

254 4867 448 4917 studeat
477 4881 573 4917 non
614 4869 797 4931 optima
829 4869 1006 4931 populo
1044 4870 1333 4930 persuadens
1369 4870 1499 4931 quod
1531 4873 1812 4934 pecunia·ae

255 4944 497 5006 eorrumpi
518 4957 683 5006 passus
702 4945 791 5007 sit,
812 4946 889 4995 vel
910 4946 948 4994 si
982 4946 1093 5007 quis
1114 4945 1360 4995 castellum
1393 4948 1468 4997 vel
1505 4947 1702 4997 classem
1736 4950 1810 4997 vel

256 5022 525 5084 pedestrem
543 5022 805 5072 exercitum
824 5023 1114 5085 prodiderit,
1139 5025 1215 5072 vel
1237 5024 1297 5073 ad
1324 5025 1482 5075 hostes
1508 5039 1559 5075 se
1576 5026 1808 5087 conferat,

258 5099 437 5162 populo
452 5111 545 5147 non
561 5099 789 5163 jubente,
807 5100 881 5149 vel
897 5099 1188 5150 mercedest)
1204 5101 1419 5151 hostibus
1436 5102 1701 5152 conductus
1719 5104 1808 5151 mi-

259 5177 412 5227 litiam
432 5190 545 5225 cum
568 5178 625 5227 iis
647 5179 789 5227 faciat
804 5215 819 5238 ,
838 5179 913 5228 vel
931 5179 971 5227 si
990 5180 1097 5241 quis
1118 5179 1244 5228 dona
1263 5182 1311 5228 in
1332 5194 1445 5242 reip.
1470 5169 1700 5230 damnum
1734 5196 1809 5231 rc-

259 5253 420 5317 cipiat.
452 5256 697 5305 consentit
721 5269 831 5304 cum
859 5256 932 5305 his
956 5257 1087 5318 quod
1120 5258 1169 5307 iu
1197 5258 1566 5309 Themistoclem
1595 5259 1809 5321 εἰσαγγε-

1888 732 1948 787 p.
1990 713 2159 788 353),
2194 709 2493 789 εἰσαγγελία
2539 724 2722 769 tamen
2756 722 3118 785 acceptorum
3156 713 3439 771 donorum

1889 818 2052 857 causa
2080 803 2171 857 vix
2199 803 2362 857 aliter
2391 802 2601 855 institui
2626 811 2878 874 poterat,
2900 802 3006 855 nisi
3024 818 3087 856 ea
3115 801 3441 858 viderentur

1886 888 1947 941 in
1966 890 2269 961 perniciem
2285 888 2605 960 reipublicae
2628 896 2856 960 accepta
2869 904 3005 946 esse.
3029 889 3165 943 Mox
3189 891 3440 947 scriben-

1889 975 2027 1030 dum
2063 994 2177 1032 esse
2209 974 2542 1051 συνομολογεῑ
2572 973 2626 1031 δὲ
2655 985 2762 1033 etc.
2802 973 2882 1049 (v,
2909 971 3104 1052 supra)
3127 977 3243 1048 jam
3268 979 3459 1053 signi-.

1887 1060 2048 1117 ficavi
2101 1065 2161 1119 in
2215 1063 2685 1120 commentatione
2749 1064 2833 1119 De
2884 1066 3230 1123 ostracismo.
3281 1090 3306 1115 »
3363 1096 3442 1108 ..-

1889 1150 1972 1206 Cf.
1987 1150 2273 1208 Plutarch.
2293 1150 2560 1208 Themist.
2583 1168 2633 1204 c.
2655 1149 2727 1205 23
2748 1164 2761 1208 ε
2786 1145 2853 1207 ‘0
2872 1147 2924 1205 δὲ
2941 1148 3271 1228 γραψάμενος
3288 1150 3462 1210 αὐτὸν·

1889 1234 2378 1313 (Themistoclem)
2405 1234 2683 1307 Λεωὸότης
2697 1226 2762 1306 ἦν
2786 1234 3131 1310 Ἀλκμαίωνος
3150 1236 3434 1317 Ἀγραύλη-

1890 1322 1994 1379 θεν.
2040 1325 2445 1391 Alcmaeonem‚
2493 1342 2610 1376 non
2660 1325 2991 1381 Alcmaeonis
3037 1323 3243 1396 filium,
3297 1329 3443 1383 inter

1888 1422 2236 1467 accusatores
2294 1411 2676 1465 Themistoclis
2733 1413 2987 1467 nominat

1888 1497 2124 1551 Aristid.
2150 1518 2200 1556 c.
2236 1496 2309 1553 25
2341 1509 2399 1554 et
2425 1500 2480 1558 in
2501 1498 2701 1552 Moral.
2722 1517 2783 1570 p.
2823 1497 2954 1567 805,
2980 1501 3041 1557 C.

2600 1634 2727 1696 5a.

3049 1415 3332 1474 Plutarch.
3383 1417 3442 1470 iu

1970 1776 2136 1850 Apud
2165 1777 2523 1850 Aristophan.
2557 1777 2769 1832 Eccles.
2801 1794 2861 1833 v,
2903 1776 3048 1849 1089
3087 1776 3310 1848 juvenis
3344 1781 3443 1850 qui

1889 1883 1921 1918 a
1952 1863 2169 1918 duabus
2208 1865 2370 1918 simul
2400 1864 2599 1919 vetulis
2638 1861 2710 1916 ad
2741 1864 2948 1917 coitum
2982 1864 3307 1920 sollicitatus
3331 1865 3446 1921 huc

1888 1950 2024 2004 illuc
2059 1951 2317 2017 trahitur,
2357 1950 2432 2005 ait
2463 1966 2478 2006 ε
2506 1945 2668 2006 Τουτὶ
2700 1946 2760 2004 τὸ
2797 1954 3017 2025 πρᾶγμα
3050 1946 3186 2004 κατὰ
3211 1948 3270 2006 τὸ
3304 1952 3446 2008 Kav-

1893 2034 2058 2092 νώνου
2088 2037 2265 2114 σαφῶς
2290 2033 2567 2113 ψήφισμα,
2620 2037 2775 2112 βινεῖν
2807 2034 2887 2091 δεῖ
2920 2056 2985 2109 με
3010 2035 3439 2111 διαλελημμένον.

1890 2124 2196 2178 Scholiasta
2219 2124 2291 2179 ad
2330 2125 2504 2179 verba
2526 2119 2663 2179 κατὰ
2696 2120 2755 2177 τὸ
2787 2120 3063 2180 Καννώνου
3087 2135 3247 2180 notat
3275 2127 3394 2181 haec
3425 2144 3441 2183 ε

1889 2209 2165 2288 Ψήφισμα
2210 2209 2455 2288 γεγράφει
2500 2207 2850 2287 κατεχόμενον
2899 2209 3212 2289 ἑκατέρωθεν
3249 2212 3443 2269 ἀπολο-

1890 2299 2092 2373 γεῖσθαι
2137 2295 2225 2354 τὸν
2274 2295 2390 2353 κατ’
2430 2294 2760 2371 εἰσαγγελίαν
2801 2294 3131 2374 κρινόμενον
3183 2296 3448 2375 Κράτερος

1895 2384 2179 2460 (Κρατῖνος
2230 2384 2392 2457 libri)
2435 2381 2490 2440 δὲ
2545 2380 2634 2438 καὶ
2675 2378 2804 2457 πρὸς
2843 2380 3136 2460 κλεψύδραν
3176 2382 3446 2439 κελεῦσαι·

1892 2470 2137 2549 Ξενοφῶν
2161 2468 2215 2527 δὲ
2246 2470 2315 2536 εἷς
2339 2469 2399 2527 τὸ
2422 2468 2678 2547 βάραθρον
2702 2465 3025 2542 ἐμὸληθέντα
3054 2472 3333 2525 ἀποθανεῖν
3358 2466 3448 2525 καὶ

1892 2553 1989 2625 τὴν
2020 2554 2196 2613 οὐσίαν
2224 2552 2576 2613 ἀπολέσαντα.

1973 2647 2084 2699 Pro
2116 2642 2203 2700 τὸν
2231 2641 2523 2720 κρινόμενον
2555 2645 2615 2698 in
2642 2643 2846 2699 Aldina
2875 2654 2957 2698 est
2984 2639 3070 2698 τὸν
3100 2639 3444 2720 ἀποκρινόμε-

1897 2751 1999 2789 νον.
2021 2734 2325 2803 Hucusque
2346 2731 2698 2785 scholiastam
2719 2731 3006 2803 exscripsit
3026 2729 3223 2784 Suidas
3240 2748 3295 2786 v.
3309 2729 3445 2786 Εἰσ-

1896 2815 2134 2894 αγγελία.
2158 2820 2294 2889 Quae
2322 2828 2635 2890 sequuntur
2656 2835 2751 2890 ap.
2776 2816 2955 2873 schol.
2982 2816 3234 2892 Κρατῖνος
3253 2811 3308 2871 δὲ
3327 2814 3444 2871 κτλ.

1892 2924 2006 2960 non
2029 2904 2196 2960 habet
2210 2904 2390 2959 codex
2406 2906 2774 2959 Ravennates.
2799 2899 3058 2979 Κράτερος
3077 2920 3183 2976 pro
3200 2903 3450 2980 Κρατῖνος

1893 2991 2281 3066 reponendum
2338 3008 2455 3046 esse
2498 2992 2813 3064 suspicatur
2865 2988 3208 3047 DindorfiuS.
3271 2991 3451 3045 Recte

1893 3076 2106 3153 procul
2142 3078 2337 3133 dubio.
2385 3078 2476 3133 Sic
2520 3079 2688 3133 etiam
2742 3077 2895 3150 apud
2949 3078 3468 3151 Harpocrationem·

1894 3187 1946 3223 v.
1980 3164 2280 3244 Ἀρκτεῦσαι
2301 3164 2512 3221 Crateri
2535 3174 2592 3219 et
2610 3164 2820 3219 Cratini
2841 3164 3068 3217 nomina
3093 3164 3453 3219 confundun-

1896 3267 2007 3311 tur.
2040 3282 2118 3297 -·
2141 3254 2278 3324 Quis
2304 3252 2475 3307 fuerit
2502 3251 2596 3306 ille
2619 3250 2916 3307 Cannonus
2939 3268 3057 3304 non
3080 3251 3277 3323 liquet.
3313 3249 3449 3307 Pse-

1893 3343 2113 3417 phisma
2134 3358 2310 3413 quum
2332 3339 2405 3394 ad
2425 3335 2747 3413 εἰσαγγελίας
2761 3338 3058 3410 pertineat,
3084 3356 3212 3392 cum
3235 3339 3300 3393 iis
3327 3356 3450 3412 quae

1893 3438 2161 3503 sequente
2205 3426 2519 3500 fragmento
2562 3426 2824 3498 leguntur
2860 3424 3315 3497 conjungendum
3343 3436 3446 3483 est.

1894 3520 1979 3571 De
2003 3533 2064 3570 re
2085 3516 2160 3570 ita
2184 3514 2355 3569 habet
2380 3513 2706 3585 Xenophon
2733 3513 2876 3568 Bell.
2896 3515 2923 3568 1
2943 3552 2958 3580 ,
2989 3531 3042 3582 7,
3067 3530 3141 3566 ao
3169 3531 3182 3565 ε
3208 3508 3352 3568 'lete
3378 3511 3451 3584 δὲ,

1894 3592 1938 3658 ὦ
1966 3599 2145 3679 ἄνδρες
2170 3597 2461 3670 Ἀθηναῖοι,
2508 3596 2721 3668 πάντες,
2749 3596 2828 3655 ὅτι
2854 3596 2914 3655 τὸ
2941 3595 3184 3657 Κανώνου
3217 3596 3451 3678 (Καννώ-

1894 3708 1983 3744 νου
2000 3689 2132 3746 cod.
2155 3690 2328 3744 Paris.
2349 3685 2366 3765 )
2387 3683 2633 3765 ψήφισμά
2653 3685 2789 3742 ἐστιν
2810 3684 3166 3765 ἰσχυρότατον,
3185 3683 3214 3742 8
3232 3685 3449 3757 κελεύει,

1895 3776 1984 3833 liv
2034 3797 2109 3840 τις
2153 3771 2239 3831 τὸν
2274 3775 2379 3830 τῶν
2419 3770 2698 3843 Ἀθηναίων
2738 3773 2901 3848 δῆμον
2947 3774 3099 3850 ἀδικῇ
3116 3815 3132 3842 ,
3182 3773 3449 3849 δεδεμένον

1897 3860 2158 3918 ἀποδικεῖν
2185 3861 2238 3917 ἐν
2264 3861 2339 3937 ‘rifi
2377 3857 2555 3937 δήμῳ·
2596 3857 2687 3916 καὶ
2732 3857 2822 3916 ἐὰν
2853 3862 3197 3935 καταγνωσθῇ
3232 3861 3445 3930 ἀδικεῖν,

1896 3945 2222 4004 ἀποθανόντα
2236 3946 2287 4010 ἐς
2303 3944 2362 4002 τὸ
2384 3944 2642 4023 βάραθρον
2660 3944 3009 4020 ἑμὸληθῆναν
3032 3942 3099 4001 τὰ
3117 3944 3172 4002 δὲ
3194 3945 3446 4023 χρήματα

1897 4035 2051 4091 αὐτοῦ
2084 4032 2426 4108 δημευθῆναι,
2473 4030 2563 4088 καὶ
2593 4035 2685 4101 τῆς
2712 4035 2829 4088 θεοῦ
2855 4031 2915 4088 τὸ
2948 4031 3249 4088 ἐπιδέκατον
3290 4022 3442 4093 εἶναι.

1898 4123 2210 4196 Hesychius
2258 4121 2645 4194 Aristophanis
2683 4120 2856 4175 verba
2896 4118 3197 4194 respiciens
3239 4138 3256 4178 ε
3296 4122 3442 4179 Kav-

1897 4205 2041 4264 νόνου
2070 4205 2200 4282 (sic)
2228 4205 2494 4286 ψήφισμα.
2525 4202 2808 4281 Εῖσήνεγκε
2848 4203 2948 4283 γὰρ
2989 4196 3134 4270 οὗτος
3167 4202 3444 4285 ψήφισμα,

1896 4291 2031 4352 ὥστε
2055 4290 2447 4369 διειλημμένους
2471 4290 2588 4358 τοὺς
2614 4291 2939 4372 κρινομένους
2966 4290 3280 4369 ἑκατέρωθεν
3299 4295 3450 4367 ,ἀπο-

1897 4381 2180 4456 λογεῒσθαι.
2213 4384 2342 4436 Haec
2384 4382 2786 4454 simplicissime
2828 4383 3023 4437 Morus
3051 4381 3451 4454 interpretatur

1898 4468 2089 4522 dicens
2139 4478 2364 4523 cautum
2413 4467 2608 4536 fuisse,
2663 4478 2726 4547 ut
2788 4487 2917 4524 reus
2961 4485 3182 4523 causam
3241 4468 3452 4523 diceret

1899 4630 1998 4685 λίας
2023 4631 2257 4678 actionem
2280 4630 2512 4690 instituit,
2532 4632 2730 4680 Cratero
2751 4633 2899 4691 teste,
2919 4629 3151 4680 Loobatas
3169 4630 3453 4679 Alemannis
3487 4662 3498 4666 -

1900 4706 2028 4756 tilius
2047 4720 2104 4756 ex
2129 4707 2335 4769 Agraulo
2359 4707 2520 4756 dano.

2616 4790 2651 4838 ὃ
2685 4798 2736 4838 a.

1962 4874 2217 4921 canncms
2238 4869 2484 4920 decretum
2514 4868 2764 4931 scripserat
2777 4904 2791 4928 ‚
2825 4869 2882 4916 ut
2916 4866 3161 4929 utrimque
3193 4867 3454 4929 prehensus

1901 4959 1952 4994 se
1965 4949 2186 5008 purgaret
2202 4947 2284 5008 qui
2306 4946 2593 5007 εἰσαγγελίας
2602 4944 2783 5006 iudicio
2796 4945 3054 4994 teneretur.
3065 4947 3292 4994 craterus
3307 4945 3453 4993 etiam

1901 5022 2033 5070 addit
2051 5023 2245 5083 Jussisse
2266 5036 2377 5071 eum
2397 5025 2451 5071 ut
2481 5021 2718 5070 orationes
2738 5033 2929 5070 reorum
2954 5020 3016 5069 sd
3037 5019 3333 5083 clepsydram
3364 5020 3452 5070 tie-

1902 5101 2024 5147 rent.
2047 5099 2309 5160 Xeuophon
2332 5098 2535 5161 denique
2552 5097 2671 5147 dicit
2686 5096 3025 5147 condemnatos
3046 5110 3108 5146 ex
3140 5097 3231 5147 hoc
3260 5097 3453 5147 decreto

1904 5175 1952 5225 in
1972 5175 2249 5226 barathrum
2266 5176 2404 5237 dejici
2426 5178 2474 5225 et
2493 5175 2617 5225 bona
2644 5186 2812 5225 eorum
2841 5174 3082 5238 whlicari.
