3900 6042
1616 458 2646 587 ΑΙΓΥΠΤΙΑΚΑ.

978 932 1234 1001 LIBER
1287 930 1645 998 PRIMUS.

560 1081 607 1138 1.
693 1079 1085 1136 DYNASTIAE
1142 1076 1487 1142 DEORUM,
1544 1070 2070 1136 senmnoaum,

1157 1164 1477 1219 numum.

972 1402 1327 1460 MANETHO
1372 1398 1678 1457 EUSEBII.

618 1518 888 1578 Eusebius
910 1521 1068 1573 Arm.
1099 1516 1311 1571 Chron.
1337 1531 1401 1586 p.
1429 1511 1504 1586 93
1535 1510 1628 1566 ed.
1670 1511 1806 1567 Mai.
1836 1528 1851 1563 ε

623 1611 715 1662 Ex
732 1609 1082 1681 Egyptiacis
1112 1600 1468 1657 Manethonis
1493 1602 1876 1663 monumentis,
1906 1602 2006 1669 qui
2036 1602 2093 1649 in

542 1708 650 1749 tres
676 1693 845 1749 libros
869 1694 1154 1747 historiam
1180 1706 1337 1743 suam
1362 1687 1564 1744 tribuit.
1590 1687 1677 1740 De
1697 1686 1810 1740 diis
1824 1695 1883 1739 et
1898 1685 1971 1738 de
1991 1681 2100 1736 he-

542 1780 752 1848 roibus,
794 1782 867 1835 de
907 1779 1160 1834 manibus
1193 1788 1249 1831 et
1283 1776 1356 1829 tle
1386 1774 1707 1829 mortalibus
1739 1771 1963 1843 regibus
1999 1774 2095 1841 qui

544 1872 787 1940 AEgrpto
826 1862 1187 1940 proesuerunt
1243 1880 1408 1935 usque
1441 1861 1521 1915 ad
1565 1876 1749 1985 regem
1798 1858 2092 1912 Persarum

544 1957 802 2011 Darium.

633 2061 683 2110 ¹.-
725 2042 946 2095 Primus
970 2037 1134 2092 homo
1162 2033 1353 2109 (deus)
1382 2037 1657 2108 AEgrptiis
1684 2032 1962 2084 Vulcanus
1983 2041 2085 2095 est,

549 2135 643 2202 qui
663 2134 828 2183 etiam
854 2130 998 2197 ignis
1014 2135 1258 2198 repertor
1273 2123 1430 2195 apud
1452 2139 1542 2175 em
1565 2119 1890 2174 celebratur.
1915 2117 2009 2170 Ex
2032 2135 2097 2171 eo

547 2217 677 2282 Sol;
728 2214 947 2289 [postea
992 2210 1434 2285 Agathodoemon
1448 2205 1512 2283 ς]
1561 2207 1761 2261 deinde
1794 2204 2094 2269 Saturnus,

551 2315 663 2356 tum
690 2303 903 2367 Osiris,·
932 2305 1066 2354 exin
1092 2298 1327 2353 Osiridis
1327 2292 1522 2366 frater
1546 2292 1802 2367 Ephoru-
1823 2292 1904 2345 ad
1916 2301 2096 2345 exta·-

550 2406 701 2443 mum
727 2390 893 2456 Orus,
931 2387 1171 2442 Osiridis
1198 2395 1257 2440 et
1276 2384 1450 2439 Isidis
1458 2381 1643 2454 filius.
1674 2382 1755 2434 Hi
1769 2382 1940 2451 primi
1961 2382 2103 2431 inter

552 2476 844 2551 AEgyptios
877 2492 1057 2529 rerum
1082 2476 1255 2547 potiti
1286 2482 1430 2528 sunt.
1474 2471 1767 2541 Deinceps⁸
1781 2469 2100 2519 continuata

551 2569 886 2618 successione
906 2563 1138 2634 delapsa
1169 2570 1255 2614 est
1290 2561 1450 2629 regia
1484 2560 1786 2610 auctoritas
1823 2570 1991 2624 usque
2023 2553 2106 2605 ad

553 2651 737 2720 Bydin
785 2668 892 2723 per
938 2665 1114 2702 annos
1166 2646 1422 2699 tredecim
1478 2644 1630 2697 mille
1668 2660 1737 2695 ac
1780 2651 2097 2713 nongentos.

554 2739 827 2791 Lunarem
850 2748 1034 2789 tamen
1062 2751 1265 2787 annum
1291 2732 1560 2802 intelligo,
1590 2730 1858 2783 videlicet
1890 2727 1961 2781 30
1983 2730 2116 2780 die-¹

556 2825 654 2877 bus
669 2833 1006 2878 constantem
1030 2840 1048 2873 .-
1074 2837 1231 2892 quem
1251 2823 1398 2873 enim
1415 2835 1559 2871 nunc
1578 2834 1815 2871 mensem
1837 2816 2089 2880 dicimus,

558 2914 807 2983 AEgrptii
828 2910 959 2962 olim
986 2911 1125 2960 anni
1144 2910 1365 2960 nomine
1388 2903 1781 2976 incligitabant.

638 3015 693 3052 2.
723 2996 854 3049 Post
871 2994 1000 3047 deos
1020 3002 1325 3063 regnarunt
1340 2990 1422 3045 he
1434 3008 1505 3043 ro
1519 3007 1587 3043 es
1603 2994 1772 3043 annis
1789 2988 2099 3043 MCCLV:

559 3100 842 3155 rursusque
917 3081 994 3133 a'l
1008 3084 1063 3133 ii
1136 3097 1209 3132 re
1218 3096 1333 3151 ges
1418 3079 1691 3130 dominati
1744 3088 1876 3130 sunt
1937 3081 2104 3130 annis

560 3168 1027 3225 MDCCCXVII
1082 3185 1103 3218 .-
1163 3176 1275 3219 tum
1348 3167 1488 3217 alii
1554 3168 1853 3235 triginta
1909 3181 2105 3237 reges

561 3259 670 3313 Me
684 3255 967 3329 mphitoe
1001 3258 1164 3307 annis
1196 3250 1524 3307 MDCCXC
1546 3270 1565 3303 .·
1588 3251 1791 3305 deinde
1808 3253 1913 3305 alii
1938 3252 2110 3305 Thi-

556 3349 722 3399 nitoe
741 3344 964 3397 decem
1002 3359 1202 3415 reges
1230 3344 1396 3393 annis
1421 3338 1630 3396 CCCL.

642 3430 698 3485 3.
728 3431 929 3485 Secuta
949 3441 1035 3483 est
1074 3432 1374 3483 manium
1414 3425 1822 3500 heroumque
1848 3428 2104 3483 domina-

558 3524 636 3574 tio
661 3522 822 3573 annis
840 3516 1341 3572 MMMMMDCC
1345 3514 1571 3570 CXIII.

644 3612 699 3670 Ι..
755 3606 984 3660 Summa
1026 3607 1283 3675 temporis
1326 3607 1385 3656 in
1420 3603 1576 3656 mille
1609 3603 1896 3672 myriadas
1937 3600 2103 3675 (deb.

562 3693 716 3747 mille
741 3703 796 3747 et
819 3690 1159 3765 myriadem)
1185 3695 1464 3765 consurgit
1477 3707 1777 3756 annorum,
1806 3694 1901 3762 qui
1922 3701 2107 3744 tamen

565 3783 805 3845 lunares,
833 3796 1030 3851 nempe
1064 3783 1349 3843 menstrui,
1397 3788 1540 3831 sunt.
1584 3775 1700 3834 Sed
1716 3793 1902 3829 revera
1924 3777 2109 3829 domi-

564 3873 738 3933 natio,
767 3885 933 3940 quam
957 3878 1192 3920 narrant
1207 3869 1461 3938 AE‘gyptii
1472 3905 1486 3930 ,
1534 3865 1782 3928 deorum,
1814 3862 2037 3917 heroum
2058 3875 2115 3916 et

567 3959 810 4009 manium
858 3958 1089 4008 tenuisse
1128 3964 1366 4026 putatur
1409 3952 1630 4005 lunares
1674 3968 1850 4004 annos
1887 3956 2109 4004 omnino

566 4046 771 4113 viginti
785 4053 1040 4114 quattuor
1066 4042 1217 4093 mille
1234 4051 1290 4093 et
1306 4049 1601 4113 nongentos
1614 4077 1631 4105 ,
1661 4056 1736 4091 ex
1761 4035 1955 4109 quibus
1968 4039 2113 4105 fiunt

566 4131 774 4183 solares
794 4133 933 4181 anni
962 4127 1109 4181 MM
1108 4126 1198 4182 CC
1204 4128 1259 4179 V
1255 4129 1294 4179 I
1295 4167 1308 4179 .

650 4213 706 4271 5.
748 4217 929 4286 Atque
956 4213 1079 4267 hoec
1116 4219 1168 4266 si
1205 4232 1325 4266 cum
1356 4212 1710 4266 Hebroeorum
1752 4209 2112 4282 chronologia

569 4299 819 4370 conferre
836 4303 1078 4355 volueris
1091 4342 1104 4365 ,
1136 4305 1194 4353 in
1216 4300 1449 4353 eandem
1452 4299 1633 4372 plane
1649 4302 1973 4351 sententiam
1987 4318 2113 4353 con·

567 4393 782 4459 spirare
802 4388 1033 4444 videbis.
1056 4388 1312 4458 Namque
1329 4388 1604 4458 AEgrptus
1616 4384 1689 4439 ab
1711 4385 1963 4438 Hebraeis
1981 4387 2112 4439 Me-

569 4480 825 4528 straimus
847 4476 1166 4547 appellatur
1184 4492 1202 4525 .·
1232 4475 1589 4527 Mestraimus
1606 4484 1787 4526 autem
1812 4477 1983 4527 multo
1987 4485 2120 4546 post

570 4562 834 4615 diluvium
889 4572 1128 4633 tempore
1166 4564 1396 4613 exstitit.
1483 4559 1704 4631 Quippe
1749 4577 1824 4613 ex
1869 4559 2112 4628 chamo,

576 4648 792 4701 Noachi
803 4648 954 4715 filio,
978 4659 1106 4720 post
1122 4648 1380 4700 diluvium
1408 4657 1556 4700 ortus
1589 4657 1672 4698 est
1708 4650 1982 4720 AEgyptus
2010 4653 2119 4701 sive

575 4734 958 4801 Mestraimus‚
1022 4740 1119 4807 qui
1163 4738 1376 4807 primus
1420 4734 1501 4786 ad
1540 4735 1774 4806 AEgypti
1822 4738 2117 4788 incolatum

569 4820 852 4894 profectus
892 4833 995 4889 est,
1061 4840 1174 4893 qua
1221 4832 1538 4893 tempestate
1591 4831 1783 4890 gentes
1831 4819 1941 4873 hac
1987 4822 2121 4874 illac

575 4913 766 4979 spargi
786 4920 1085 4981 caeperunt.
1116 4910 1253 4962 Erat
1295 4919 1477 4961 autem
1504 4925 1718 4961 summa
1760 4914 2020 4980 temporis
2046 4909 2120 4961 ab

579 4996 799 5049 Adamo
823 4997 906 5048 ad
929 4996 1187 5049 diluvium
1225 4996 1516 5048 secundum
1556 4995 1817 5048 Hebroeos
1855 5014 2120 5048 annorum

578 5082 1012 5140 MMCCXLII.

660 5168 716 5222 6.
766 5170 1011 5224 Ceterum
1033 5190 1196 5242 quum
1216 5173 1465 5243 AEgyptii
1492 5176 1866 5243 praerogatis-a
1892 5176 2122 5243 antiqui-

2180 922 2309 974 tatis
2329 914 2573 988 quadam
2599 914 2791 965 seriem
2814 919 2943 961 ante
2961 907 3226 961 dihwium
3243 918 3430 959 tenere
3455 923 3520 959 se
3525 911 3750 975 jactent

2186 1009 2459 1068 Deorum,
2500 1002 2739 1054 Heroum
2781 1006 2842 1048 et
2879 995 3141 1048 Manium
3182 998 3352 1047 annis
3368 994 3508 1065 plus
3539 997 3748 1065 viginti

2180 1100 2336 1153 mille
2353 1098 2726 1169 regnantium,
2757 1090 2933 1162 plane
2967 1104 3189 1159 oequum
3216 1098 3302 1140 est
3339 1098 3404 1139 ut
3421 1086 3484 1140 hi
3510 1094 3652 1141 anni
3691 1094 3749 1141 iu

2180 1202 2390 1239 menses
2416 1193 2494 1236 tot
2526 1187 2904 1233 convertantur
2925 1184 3060 1247 quot
3097 1174 3173 1226 ab
3219 1174 3488 1227 Helua-is
3535 1192 3748 1228 memo-

2177 1284 2374 1326 rantur
2392 1272 2526 1322 anni
2566 1286 2585 1318 :
2609 1282 2806 1336 nempe
2843 1274 2904 1316 ut
2926 1266 3024 1333 qui
3050 1278 3265 1314 menses
3290 1266 3655 1314 mutinenuzr
3693 1268 3749 1313 in
3765 1319 3788 1337 Ἰ,

2181 1360 2496 1413 memoratis
2523 1353 2678 1426 apud
2695 1351 2955 1404 Hebroeos
2970 1353 3170 1413 annis,
3202 1353 3248 1401 ii
3279 1348 3515 1402 totidem
3542 1349 3750 1402 intelli-

2178 1456 2385 1519 gantur
2406 1444 2791 1513 AEgyptiorum
2830 1438 3053 1490 lunares
3087 1440 3230 1489 anni
3245 1474 3264 1500 ,
3291 1453 3415 1508 pm
3438 1453 3517 1487 ea
3541 1447 3744 1507 tempo-

2179 1549 2300 1585 rum
2317 1544 2554 1592 summa,
2595 1543 2722 1598 quai
2753 1543 2793 1577 a
2811 1528 2994 1596 primo
3011 1522 3234 1576 condito
3255 1520 3497 1575 homine
3522 1522 3607 1573 ad
3623 1522 3750 1574 Me-

2179 1622 2466 1672 straimum
2495 1629 2663 1683 usque
2678 1611 2972 1683 colligitur.
3003 1608 3156 1662 Sane
3182 1608 3568 1661 Meso-aimus
3589 1624 3747 1677 gene·

2182 1709 2263 1758 ris
2303 1703 2625 1775 AEgypti'aci
2649 1708 2842 1751 auctor
2864 1696 3000 1766 fait,
3033 1695 3109 1748 ab
3137 1711 3313 1766 eoque
3345 1697 3550 1765 prima
3589 1698 3749 1766 ἕρ·

2175 1794 2414 1864 ptiorum
2437 1788 2700 1858 dynastia
2720 1799 2951 1836 manare
2971 1780 3251 1833 credenda
3276 1790 3388 1833 est.

2265 1896 2320 1948 7.
2351 1875 2559 1947 Quodsi
2587 1884 2884 1944 temporum
2924 1874 3087 1940 copia
3115 1866 3304 1919 adhuc
3331 1867 3635 1929 camber-et,
3668 1887 3750 1919 re-

2177 1963 2483 2039 putandum
2521 1971 2602 2014 est
2636 1959 2826 2032 plures
2852 1952 3106 2025 sor-tasse
3151 1956 3562 2025 Egyptiorutn
3603 1973 3754 2028 nge-s

2185 2070 2298 2106 una
2323 2050 2624 2120 eademque
2639 2055 2808 2098 oetate
2832 2047 3105 2097 exstitisse
3115 2061 3139 2107 5
3173 2058 3421 2112 namque
3443 2052 3508 2095 et
3553 2040 3754 2095 Thini-

2188 2151 2274 2193 tas
2303 2140 2617 2208 regnavisse
2657 2136 2825 2185 aiunt
2864 2141 2920 2184 et
2965 2126 3312 2200 Memphim
3366 2139 3426 2180 et
3453 2128 3666 2181 Saitae
3703 2142 3756 2182 et

2188 2222 2479 2294 AEthiopes
2499 2219 2798 2290 eodemque
2836 2227 3078 2288 tempore
3092 2215 3259 2269 alios.
3289 2213 3590 2267 Videntur
3599 2234 3754 2287 pua

2188 2323 2338 2366 terea
2355 2311 2458 2363 alii
2471 2322 2683 2381 quoque
2703 2305 2843 2358 alibi
2860 2306 3142 2376 imperium
3167 2305 3410 2355 tenuisse
3423 2320 3446 2352 .·
3473 2313 3658 2373 atque
3670 2302 3756 2353 ha·

2187 2399 2465 2468 dynastiae
2493 2413 2591 2448 suo
2611 2408 2843 2464 quaeque
2869 2395 2924 2443 in
2956 2405 3117 2442 nomo
3151 2398 3328 2441 semet
3369 2393 3719 2443 mutiani-sse
3741 2408 3756 2439 .-

2192 2490 2275 2538 ita
2293 2495 2354 2537 ut
2374 2481 2531 2536 haud
2551 2480 2757 2552 singuli
2775 2495 2930 2551 reges
2944 2480 3294 2529 successivam
3307 2485 3666 2546 potestatem
3679 2494 3746 2527 at

2187 2576 2434 2646 ceperint
2447 2612 2459 2633 ,
2487 2569 2588 2623 sed
2604 2569 2752 2620 alius
2763 2568 2877 2619 alio
2898 2567 3013 2619 heo
3026 2565 3219 2617 eadem
3233 2574 3408 2616 aetate
3419 2570 3760 2636 regnam-it.
3869 2542 3870 2555 ἵ

2197 2664 2373 2731 Atque
2401 2657 2533 2711 hinc
2557 2659 2809 2724 contigit,
2857 2663 2917 2706 ut
2959 2662 3142 2705 tantus
3175 2668 3438 2703 numerus
3478 2670 3764 2705 antrorum

2189 2746 2468 2818 confieret.
2499 2744 2615 2798 Nos
2642 2759 2796 2806 vero,
2828 2738 2914 2792 his
2937 2742 3172 2806 omissis,
3206 2756 3632 2810 persequamur
3657 2743 3754 2790 sia—

2192 2835 2439 2908 gillatim
2459 2834 2842 2904 AEgyptiorum
2866 2825 3300 2899 chronologiam.

2279 2920 2312 2993 §
2341 2939 2392 2973 1.
2436 2919 2656 2973 Primus
2691 2911 2891 2987 homo]
2922 2913 3076 2968 scioli
3103 2910 3392 2982 cujusdam
3424 2923 3590 2967 sunt.
3619 2915 3770 2968 Deos

2199 3009 2333 3061 istos
2358 3023 2552 3060 revera
2571 3004 2828 3058 homines
2854 3000 3016 3054 fuisse
3045 2998 3381 3055 statuebant.
3407 3001 3474 3053 V.
3509 2999 3766 3054 Diodor.

2190 3094 2238 3161 1,
2264 3112 2286 3147 1
2299 3092 2330 3146 3
2351 3101 2406 3146 et
2417 3090 2635 3165 passim.
2653 3120 2721 3131 --
2725 3099 2921 3162 postea
2942 3089 2994 3139 A
2992 3079 3412 3158 cathodaemon]
3429 3084 3578 3138 naec
3591 3086 3772 3157 Hujus
3867 3120 3868 3127 η

2191 3181 2420 3235 inseruit
2460 3196 2493 3233 e
2514 3178 2764 3251 margine
2806 3173 3042 3241 codicis,
3077 3173 3176 3244 qui
3215 3172 3473 3226 lacunam
3505 3173 3770 3230 exhibet.
3867 3162 3868 3231 f

2192 3266 2508 3332 Auchems,
2534 3265 2632 3336 qui
2652 3261 2979 3317 Armeniaca
3005 3259 3182 3313 verbo
3207 3270 3366 3312 tenus
3385 3256 3652 3315 reddere
3674 3280 3770 3316 so·-
3867 3258 3868 3275 ¹

2193 3354 2297 3421 let,
2327 3353 2495 3406 vertit
2531 3370 2545 3405 ε
2588 3370 2627 3404 a
2663 3368 2769 3423 quo
2804 3349 2919 3414 sol‚·
2960 3358 3118 3420 quem
3150 3343 3212 3372 *⁴
3244 3344 3550 3399 Saturnus.
3601 3347 3770 3404 Unde

2200 3439 2497 3494 Boeckhius
2524 3439 2564 3494 l.
2597 3438 2639 3494 1.
2676 3455 2741 3509 p.
2784 3434 2858 3489 83
2908 3436 2970 3488 in
3003 3433 3194 3507 graecis
3223 3430 3388 3485 fuisse
3415 3434 3628 3487 statuit
3659 3454 3676 3488 ε
3713 3434 3766 3491 ὅτι
3867 3404 3868 3429 Ἰ

2196 3522 2454 3591 διεδέξατο
2478 3520 2891 3599 Ἇγαθοδαίμων·
2916 3517 3049 3595 μετὰ
3075 3521 3251 3576 τοῦτον
3280 3516 3401 3575 κτλ.
3439 3521 3764 3597 -Βγᾶιι]

2195 3616 2359 3668 Biten
2409 3612 2653 3667 Aucheri
2695 3611 2900 3665 versio.
2945 3610 3001 3663 Is
3037 3608 3136 3679 qui
3171 3607 3243 3660 sit
3278 3623 3487 3678 parum
3515 3619 3762 3664 constat.
3867 3604 3868 3611 ’

2197 3699 2496 3755 Probabile
2515 3710 2700 3754 tamen
2721 3706 2802 3752 est
2821 3695 3066 3751 eundem
3088 3693 3341 3759 indicari,
3361 3710 3544 3764 quem
3567 3696 3754 3769 Biya,

2194 3788 2532 3861 prophetam
2576 3784 2901 3852 Ammonis»,
2933 3783 3033 3854 qui
3059 3783 3280 3837 Hermae
3302 3778 3374 3833 de
3402 3779 3587 3835 rebus
3621 3782 3765 3836 «1ὶῆ-

2197 3876 2282 3929 nis
2307 3874 2481 3928 libros
2502 3873 2895 3945 interpretatus
2914 3871 3017 3937 sit,
3047 3867 3290 3941 appellat
3317 3866 3762 3925 lamblichus&

2197 3974 2356 4035 myst.
2379 3961 2546 4027 VIII,
2576 3958 2632 4016 5.
2674 3959 2789 4025 lx,
2823 3976 2879 4026 7.
2926 3958 2996 4011 V.
3036 3958 3220 4028 zoega
3259 3955 3346 4008 De
3384 3952 3547 4007 ohel.
3579 3972 3646 4027 p.
3677 3961 3760 4028 49

2198 4050 2416 4103 Bunsen
2466 4046 2503 4101 l.
2529 4046 2567 4102 l.
2607 4047 2663 4111 1,
2689 4062 2750 4116 p.
2811 4059 2938 4096 102.
2975 4043 3043 4096 In
3088 4038 3355 4094 laterculo
3400 4038 3764 4095 Manethon&

2200 4133 2535 4206 Syncelliani
2559 4132 2648 4186 vel
2678 4128 2998 4184 Panodorei
3028 4137 3157 4199 post
3200 4129 3542 4180 Ammonem
3573 4130 3757 4199 sequi-

2201 4232 2292 4276 tur
2327 4219 2576 4285 Tthoes3
2598 4227 2912 4291 postremus
2939 4223 3257 4269 recensetur
3278 4214 3444 4266 Zeus.
3479 4214 3572 4267 De
3609 4215 3759 4287 Bytie

2201 4308 2357 4363 nihil.
2379 4300 2638 4362 Eundem
2664 4315 2848 4357 tamen
2880 4320 2998 4358 esse
3020 4300 3290 4373 suspicor,
3319 4317 3492 4371 quem
3537 4311 3756 4371 postre-

2205 4411 2357 4447 mum
2380 4391 2618 4446 deorum
2649 4401 2777 4444 ante
2805 4389 3096 4444 sesostrim
3116 4388 3279 4459 ponit
3312 4395 3367 4439 et
3405 4384 3616 4444 Θοῧλιν
3661 4406 3756 4439 vo-
3865 4386 3866 4393 ’

2575 4477 2714 4532 vide
2741 4476 2812 4533 fr.
2840 4476 2905 4545 5,
2930 4487 3051 4532 not.
3079 4505 3152 4516 -—-
3178 4475 3357 4527 Juxta
3387 4492 3572 4526 anuos
3601 4477 3754 4527 lm-
3865 4484 3866 4535 ἢ

2203 4585 2290 4622 res
2317 4570 2548 4640 triginta
2590 4566 2819 4630 dierum,
2851 4560 2996 4637 etc.]
3025 4565 3110 4617 De
3143 4562 3302 4615 annis
3327 4561 3439 4613 inis
3471 4561 3644 4615 nnius
3677 4562 3756 4614 vel
3865 4580 3866 4585 ¹

2204 4490 2292 4535 cat
2313 4479 2531 4534 Malala.

2206 4653 2480 4720 duorum,
2539 4652 2708 4705 trium
2726 4689 2742 4717 ,
2804 4660 3071 4721 quattuor
3117 4648 3391 4702 mensium
3469 4648 3756 4704 Boeckhius

2207 4739 2395 4794 laudat
2423 4737 2724 4793 Eudoxum
2763 4754 2855 4809 ap.
2907 4736 3094 4792 Procl.
3133 4734 3206 4789 ad
3247 4735 3470 4789 Platon.
3512 4737 3660 4794 Tim.
3703 4737 3752 4799 1,
3865 4726 3866 4731 ¹

2207 4845 2267 4899 p.
2299 4824 2364 4881 31
2389 4846 2405 4894 3
2428 4828 2605 4880 Varro
2628 4842 2720 4896 ap.
2747 4825 2999 4877 Lactant.
3032 4824 3104 4878 D.
3137 4823 3206 4878 G.
3237 4821 3327 4887 11,
3379 4838 3482 4889 ¹23
3515 4821 3746 4876 Diodot.

2211 4914 2269 4980 1,
2293 4910 2566 4980 26391111.
2593 4911 2726 4978 VII,
2770 4927 2866 4977 ¹03
2895 4908 3174 4962 Plutarch.
3219 4908 3388 4963 Num.
3425 4905 3527 4975 183
3551 4908 3746 4962 cem-

2208 4999 2318 5051 rin.
2349 5000 2419 5055 D.
2460 4998 2528 5052 N.
2597 5015 2697 5069 ¹93
2729 4995 2975 5050 African.
3030 5013 3119 5066 ap.
3166 4994 3407 5065 Syncell.
3441 5012 3507 5066 p.
3549 5000 3654 5059 40,
3679 4996 3746 5054 D;

2210 5085 2420 5140 Chron.
2447 5084 2690 5141 Paschal.
2717 5102 2772 5156 p.
2806 5081 2878 5147 45
2898 5123 2913 5148 ,
2944 5083 2986 5136 Β
3007 5093 3060 5136 et
3089 5081 3221 5134 inde
3240 5081 3440 5136 Suidas
3463 5100 3518 5134 v.
3543 5076 3738 5140 ‘mum

2210 5171 2445 5228 Cedren.
2474 5189 2536 5243 p.
2585 5188 2649 5238 ¹7
2681 5188 2765 5241 sq.
2793 5167 2966 5225 Paris.
3003 5169 3259 5224 Ceterum
3288 5166 3435 5220 hanc
3464 5178 3738 5239 computa·
