3900 6042
1465 464 1968 525 FRAGMENTA.

172 598 283 667 τῶν,
316 593 579 674 κυριεύσας
605 590 891 670 ὁλοκλήρου
928 594 1020 662 τῆς
1047 595 1304 672 πατρικῆς
1347 594 1513 672 ἀρχῆς
1532 638 1550 669 ,
1587 601 1693 659 τοῖς

171 681 259 758 μὲν
282 679 625 759 αἰχμαλώτοις
665 676 1101 756 παραγενομένοις
1140 678 1409 747 συνέταξεν
1456 679 1697 747 ἀποικίας

172 771 220 825 ἔν
246 770 346 833 τοῖς
386 763 815 836 ἐπιτηδειοτάτοις
852 768 944 833 τῆς
975 764 1316 831 Βαὸυλωνίας
1345 763 1522 831 τόποις
1558 769 1700 824 ἀπο-

170 851 350 925 δεῖξαι,
382 851 530 918 αὐτὸς
568 851 613 909 δ’
640 850 746 909 ἀπὸ
773 854 876 909 τῶν
907 853 967 909 ἐκ
992 855 1082 908 τοῦ
1110 851 1341 928 πολέμου
1369 850 1610 931 λαφύρων
1641 850 1702 910 τό

167 962 218 997 τε
245 943 327 997 τοῦ
347 938 520 1008 Βήλου
554 936 691 1016 ἱερὸν
715 936 805 995 καὶ
826 936 892 994 τὰ
918 936 1076 995 λοιπὰ
1099 938 1370 1011 κοσμήσας
1392 937 1701 1018 φιλοτίμως,

168 1023 255 1094 τήν
296 1047 351 1082 τε
378 1025 711 1104 ὑπάρχουσαν
764 1022 816 1091 ἐξ
851 1025 1018 1104 ἀρχῆς
1058 1024 1207 1083 πόλιν
1248 1025 1586 1092 ἀνακαινίσας
1612 1026 1702 1083 καὶ

168 1111 336 1190 ἑτέραν
360 1109 845 1190 καταχαρισάμενος
874 1109 1001 1190 πρὸς
1016 1109 1076 1168 τὸ
1103 1110 1291 1187 μηκέτι
1311 1109 1561 1170 δύνασθαι
1588 1110 1704 1177 τοὺς

168 1201 557 1277 πολιορκοῦντας
601 1197 689 1255 τὸν
735 1196 971 1272 ποταμὸν
1014 1196 1424 1277 ἀναστρέφοντας
1478 1196 1564 1256 ἐπὶ
1609 1196 1702 1266 τὴν

168 1284 306 1342 πόλιν
330 1283 753 1356 κατασκευάζειν,
776 1282 1127 1362 ὑπερεὸάλετο
1153 1284 1288 1363 τρεῖς
1316 1282 1409 1358 μὲν
1438 1287 1530 1355 τῆς
1562 1281 1703 1342 ἔνδον

169 1370 353 1435 πόλεως
371 1367 703 1447 περιὸόλους,
730 1377 866 1450 τρεῖς
879 1368 934 1427 δὲ
956 1372 1049 1440 τῆς
1071 1369 1196 1441 ἔξω,
1225 1375 1376 1428 τοῦτο
1391 1368 1445 1427 δὲ
1471 1367 1589 1436 τοὺς
1611 1367 1704 1444 μὲν

170 1456 217 1524 ἐξ
236 1458 390 1527 W<
409 1454 623 1514 πλίνθου
647 1454 738 1513 καὶ
772 1455 1068 1537 ἀσφάλτου,
1094 1454 1210 1523 τοὺς
1250 1455 1304 1515 δὲ
1341 1455 1395 1525 ἐξ
1424 1458 1585 1527 αὐτῆς
1612 1458 1704 1525 τῆς

169 1544 389 1603 πλίνθου
473 1542 583 1602 Καὶ
601 1542 832 1621 τειχίσας
871 1541 1146 1621 ἀξιολόγως
1166 1541 1261 1614 τὴν
1284 1538 1434 1601 πόλιν
1453 1542 1544 1601 καὶ
1592 1539 1708 1608 τοὺς

168 1630 393 1695 πυλῶνας
429 1627 701 1704 κοσμήσας
724 1632 1043 1709 ἱεροπρεπῶς
1075 1627 1562 1707 προσκατεσκεύασε
1602 1637 1707 1690 τοῖς

169 1720 420 1795 πατρικοῖς
445 1714 727 1793 βασιλείοις
771 1710 924 1797 ἕτερα
956 1715 1199 1794 βασίλεια
1232 1717 1458 1795 ἐχόμενα
1506 1717 1704 1774 αὐτῶν·

172 1793 237 1860 ὧν
258 1803 314 1861 τὸ
343 1802 437 1879 μὲν
462 1802 746 1878 ἀνάστημα
772 1802 864 1861 καὶ
903 1801 998 1875 τὴν
1032 1802 1217 1874 λοιπὴν
1244 1804 1578 1862 πολυτέλειαν
1608 1825 1708 1859 πε-

172 1888 333 1967 ρισσὸν
353 1888 476 1958 ἴσως
504 1889 571 1948 ἂν
590 1889 670 1960 εἴη
698 1889 889 1967 λέγειν,
916 1887 1053 1960 πλὴν
1076 1893 1147 1957 ὥς
1191 1890 1317 1948 ὄντα
1364 1889 1574 1968 μεγάλα
1619 1888 1709 1946 καὶ

172 1977 467 2057 ὑπερήφανα
517 1976 854 2048 συνετελέσθη
878 1975 1098 2057 ἡμέραις
1137 1975 1530 2037 πεντεκαίδεκα.
1615 1974 1709 2035 Ἐν

172 2060 220 2120 δὲ
244 2063 343 2129 τοῖς
363 2064 643 2141 βασιλείοις
667 2064 865 2129 τούτοις
899 2063 1258 2140 ἀναλήμματα
1295 2064 1463 2122 λίθινα
1500 2066 1709 2121 ἀνοικο·

171 2148 392 2224 δομήσας
419 2149 512 2208 καὶ
536 2148 635 2220 τὴν
682 2147 802 2228 ὄψιν
836 2148 1058 2216 ἀποδους
1081 2150 1388 2226 ὁμοιοτάτην
1435 2156 1539 2215 τοῖς
1566 2148 1706 2228 ὄρεσι

171 2234 550 2317 καταφυτεύσας
611 2235 839 2315 δένδρεσι
914 2237 1289 2309 παντοδαποῖς,
1348 2221 1710 2314 ἐξειργάσατο,

171 2322 253 2382 καὶ
300 2323 650 2383 κατεσκεύασε
697 2324 785 2383 τὸν
827 2323 1147 2400 καλούμενον
1198 2324 1494 2402 κρεμαστὸν
1532 2323 1712 2402 παρά-

174 2408 351 2484 δεισον,
382 2407 469 2467 διὰ
498 2409 563 2468 τὸ
580 2408 674 2479 τὴν
699 2417 919 2487 γυναῖκα
945 2413 1101 2469 αὐτου
1130 2410 1393 2487 ἐπιθυμειν
1418 2415 1508 2481 τῆς
1527 2408 1715 2476 οἰκείας

173 2494 439 2600 διαθέσεως
462 2542 478 2569 ,
517 2500 590 2564 ὡς
634 2495 994 2576 τεθραμμένην
1038 2499 1093 2555 έν
1147 2500 1253 2564 τοῖς
1311 2494 1450 2555 κατὰ
1502 2496 1715 2568 Μηδίαν

178 2603 377 2726 τοπῑῗιςέῑ
395 2610 539 2728 ΙΙ,ἱιειεει
577 2674 851 2746 Josephus
875 2673 942 2729 C.
970 2672 1177 2746 Apion.
1209 2671 1267 2741 1,
1284 2689 1359 2727 20
1386 2672 1572 2747 pergit
1596 2673 1706 2726 ita·
1693 2713 1709 2729 .

242 2756 421 2814 Ταῦτα
456 2755 555 2833 μὲν
593 2747 741 2823 οὗτος
766 2756 1011 2834 ἱστόρησε
1048 2756 1171 2836 περὶ
1216 2761 1305 2816 τοῦ
1332 2755 1709 2836 προειρημένου

174 2842 439 2921 βασιλέως,
476 2842 573 2901 καὶ
617 2841 873 2901 πολλὰπ
831 2843 960 3008 nge<
985 2842 1184 2909 τούτοις
1232 2844 1285 2901 ἐν
1323 2847 1390 2922 τῇ
1434 2840 1584 2921 τρίτῃ
1628 2841 1710 2919 βί·

171 2928 274 3009 ὅλῳ
292 2932 391 2987 τῶν
417 2930 763 3006 Χαλδαικῶν,
792 2932 843 2988 έν
952 2929 1215 3010 μέμφεται
1258 2937 1364 2995 τοῖς
1392 2927 1716 2999 Ἑλληνικοῖς

168 3038 545 3096 συγγραφευσιν
570 3021 638 3083 ὣς
667 3017 840 3093 μάτην
868 3016 1119 3091 οἰομένοις
1137 3016 1238 3075 ὑπὸ
1265 3015 1607 3093 Σεμιράμεως
1628 3018 1718 3085 τῆς

164 3103 425 3183 Ἀσσυρίας
451 3107 737 3173 κτισθηναι
768 3102 863 3174 τὴν
892 3103 1214 3175 Βαὸυλῶνα,
1236 3102 1327 3161 καὶ
1351 3101 1419 3161 τὰ
1452 3099 1718 3179 θαυμάσια

165 3270 312 3329 gravis
332 3272 604 3320 umatum
626 3269 863 3319 militibus
889 3271 939 3319 et
966 3270 1321 3332 impedimentis
1340 3270 1389 3319 in
1412 3269 1721 3331 Babyloniam

166 3344 497 3407 deportarent,
537 3346 639 3408 ipse
672 3359 782 3395 cum
816 3346 979 3408 paucis
1009 3346 1179 3395 itinere
1212 3360 1296 3408 per
1326 3345 1566 3395 desertum
1595 3345 1721 3393 t'acto

166 3421 445 3484 Babylonem
463 3436 528 3472 sae
544 3422 833 3472 conterebat.
888 3423 1073 3475 Potitus
1090 3424 1252 3472 autem
1270 3435 1429 3472 rerum
1449 3434 1569 3485 quas
1586 3420 1721 3471 Chal·

168 3497 257 3546 daei
291 3497 776 3558 administraverant,
807 3500 1031 3561 regnique
1064 3498 1155 3547 sibi
1184 3498 1247 3548 ab
1276 3511 1443 3547 eorum
1474 3497 1722 3561 potissimo

172 3575 388 3624 asservati
403 3608 418 3633 ,
453 3577 619 3624 totum
664 3574 812 3636 patris
850 3574 980 3637 quod
1013 3576 1169 3624 tuerat
1202 3575 1457 3637 imperium
1488 3574 1721 3635 adeptus,

172 3651 364 3713 captivi·
393 3650 597 3714 quidem
614 3684 631 3711 ‚
656 3650 738 3700 ubi
761 3664 820 3699 eo
841 3652 1102 3711 venerant,
1136 3652 1345 3701 colonias
1368 3652 1421 3699 in
1450 3649 1723 3712 Babyloniae

174 3726 513 3777 bdsmaxime
535 3728 821 3790 opportunis
850 3728 1078 3790 assignari
1093 3728 1259 3789 jussit,
1292 3728 1393 3790 ipse
1422 3742 1569 3789 vero,
1590 3730 1724 3790 post-

171 3816 313 3864 quam
329 3803 391 3853 de
411 3804 528 3853 belli
560 3804 804 3854 manubiis
834 3804 935 3853 Beli
954 3805 1186 3866 templum
1217 3805 1406 3867 aliaque
1424 3804 1614 3867 largiter
1644 3819 1724 3854 or-

173 3882 388 3951 naverat,
407 3880 679 3942 urbemque
700 3893 811 3942 qum
820 3880 919 3938 iam
939 3882 1043 3929 erat
1063 3882 1415 3930 instauraverat
1434 3894 1559 3929 nova
1578 3882 1723 3931 etiam

173 3956 319 4005 altera
349 3957 516 4007 addita
534 3993 549 4019 ,
586 3971 647 4007 ne
672 3961 865 4019 possent
896 3959 1092 4021 posthac
1114 3960 1195 4021 qui
1216 3958 1278 4007 ad
1309 3954 1489 4007 urbem
1510 3959 1727 4009 venirent

171 4022 478 4083 obsidendam
515 4034 692 4083 alneto
727 4034 924 4084 flumine
949 4048 1054 4084 eam
1089 4035 1303 4097 aggredi,
1338 4037 1498 4084 ternos
1530 4035 1725 4098 quidem

172 4103 380 4158 interiori
398 4110 528 4171 urbi,
552 4110 810 4172 ternosque
828 4111 1002 4172 pariter
1019 4111 1239 4160 exteriori
1258 4124 1504 4161 murorum
1522 4112 1729 4163 ambitus

171 4186 516 4249 circumdedit,
552 4188 728 4250 partim
751 4188 945 4252 quidem
969 4202 1032 4238 ex
1056 4191 1195 4239 cocto
1229 4189 1377 4239 latere
1394 4191 1444 4238 et
1466 4190 1727 4252 bitumine,

172 4265 341 4325 partim
376 4279 495 4316 vero
518 4278 547 4315 e
579 4265 731 4315 latere
760 4267 877 4316 solo.
943 4272 1203 4329 Quumque
1228 4267 1393 4317 urbem
1425 4268 1547 4317 bene
1567 4268 1727 4317 muni-

173 4341 315 4390 visset
347 4343 398 4392 et
422 4344 592 4404 portas
617 4342 866 4403 magnifice
888 4343 1195 4401 adornasset,
1217 4344 1430 4405 paternae
1461 4344 1601 4405 regiae
1618 4356 1729 4393 con·

172 4421 351 4479 tiguam
388 4421 539 4469 aliam
575 4421 813 4469 exstruxit
853 4439 866 4469 ι
904 4422 1041 4484 cujus
1069 4422 1130 4471 de
1164 4421 1417 4471 altitudine
1446 4421 1731 4484 reliquoque

172 4495 429 4556 splendore
446 4496 610 4546 dicere
628 4496 746 4544 mihi
759 4496 917 4547 forsan
929 4511 1331 4560 supervacaneum
1352 4500 1488 4547 esset.
1547 4501 1730 4547 Verum

172 4572 330 4633 ampla
362 4573 592 4635 quamvis
623 4573 765 4622 suerit
781 4574 830 4623 et
845 4573 1077 4637 superba,
1095 4573 1265 4623 diebus
1279 4576 1441 4623 tamen
1457 4573 1729 4636 quindecim

172 4648 391 4697 contecta
408 4650 487 4698 est
527 4650 577 4697 et
604 4649 837 4719 abspluta.
902 4654 957 4699 ln
991 4651 1082 4699 hac
1116 4650 1242 4713 regia
1278 4664 1343 4700 ex
1365 4650 1520 4712 lapide
1555 4650 1733 4699 excita-

176 4724 244 4772 rit
290 4736 487 4787 aggeres
506 4724 684 4786 quibus
718 4725 925 4788 speciem
960 4726 1091 4776 dedit
1124 4726 1368 4776 montibus
1413 4727 1699 4788 persimilem
1715 4763 1731 4788 ,

172 4814 348 4865 easque
365 4803 436 4852 ita
461 4801 715 4852 fabricavit
736 4804 792 4852 ut
813 4816 957 4854 omne
975 4818 1123 4866 genus
1148 4805 1399 4855 arboribus
1416 4806 1611 4855 consitae
1633 4807 1734 4855 t’ue-

173 4879 283 4930 rint.
348 4880 582 4943 Fecitque
611 4882 837 4944 pensilem
871 4883 1171 4946 paradisum,
1202 4886 1258 4933 ut
1290 4884 1569 4944 vocabatur,
1601 4883 1734 4946 quod

172 4970 301 5006 uxor
331 4957 468 5019 eius,
506 4959 674 5019 utpote
699 4958 749 5007 in
775 4958 944 5009 Mediae
971 4960 1088 5009 locis
1112 4959 1343 5022 educata,
1371 4974 1428 5009 ea
1456 4959 1737 5010 desiderarit

174 5046 286 5094 quoe
304 5034 519 5096 patriam
536 5034 780 5084 referrent.
806 5055 830 5078 a·

238 5111 402 5170 Atque
439 5110 550 5159 baec
578 5110 773 5172 quidem
808 5114 1010 5163 Berosus
1040 5112 1100 5162 de
1137 5126 1244 5173 rege
1285 5113 1514 5174 praedicto
1547 5114 1735 5175 retulit,

177 5188 477 5248 insuperque
498 5187 650 5236 multa
668 5188 717 5236 in
736 5188 877 5238 tertio
898 5189 1262 5239 chaldaicorum
1285 5190 1406 5239 libro
1422 5226 1436 5252 ,
1459 5190 1507 5239 in
1537 5203 1635 5253 quo
1662 5205 1736 5240 re·

3207 478 3323 527 ⁵07

1789 598 2276 665 κατασκευασθῆναι
2299 593 2420 673 περὶ
2446 591 2607 665 αὐτὴν
2649 595 2737 652 ὕπ’
2759 592 2955 664 ἐκείνης
2981 593 3107 672 ἔργα
3143 598 3348 675 ψευδῶς

1787 680 2097 760 γεγραφόσι.
2191 680 2309 752 Καὶι
2326 680 2463 739 κατὰ
2483 686 2651 739 ταῦτα
2690 680 2785 750 τὴν
2813 679 2908 756 μὲν
2934 684 3036 738 τῶν
3062 683 3342 741 Χαλδαίων

1785 765 1991 844 γραφὴν
2026 765 2319 832 ἀξιόπιστον
2337 766 2580 842 ἡγητέον,
2609 766 2668 824 οὗ
2693 765 2797 841 μὴν
2823 765 2957 824 ἀλλὰ
2991 769 3088 824 κάν
3116 769 3219 832 τοῖς
3242 771 3335 848 ἀρ-

1787 852 1946 930 χείοις
1968 856 2070 911 τῶν
2099 852 2362 913 Φοινίκων
2392 852 2647 932 σύμφωνα
2675 861 2781 918 τοῖς
2820 851 2921 910 ὑπὸ
2945 854 3228 932 Βηρωσσοῢ
3252 856 3340 911 λε·-

1789 938 2023 1016 γομένοις
2044 938 2433 1018 ἀναγέγραπται
2467 939 2587 1018 περὶ
2614 943 2705 997 τοῦ
2724 943 2828 997 τῶν
2859 939 3212 999 Βαὸυλωνίων
3238 945 3336 1018 βα-

1791 1024 2000 1096 σιλέως,
2030 1024 2110 1083 ὅτι
2143 1024 2232 1085 καὶ
2271 1025 2367 1097 τὴν
2411 1027 2662 1098 Φοινίκην
2705 1024 2918 1083 ἅπασαν
2957 1028 3147 1092 ἐκεῖνος
3189 1049 3343 1085 κατε·

1793 1112 2070 1191 στρέψατο.
2101 1113 2234 1192 Περὶ
2267 1112 2460 1172 τούτων
2481 1118 2602 1189 γοῦν
2626 1120 2892 1193 συμφωνεῖ
2914 1112 3005 1171 καὶ
3034 1112 3344 1191 Φιλόστρα-

1790 1221 1875 1264 τος
1898 1200 1949 1257 έν
1975 1208 2089 1265 ταῖς
2115 1198 2409 1278 Ἱστορίαις,
2455 1198 2781 1276 μεμνημένος
2806 1202 2899 1269 τῆς
2931 1198 3105 1277 Τύρου
3138 1201 3345 1278 πολιορ-

1793 1284 1938 1354 κίας,
1977 1285 2068 1343 καὶ
2113 1284 2448 1362 Μεγασθένης
2491 1288 2544 1342 ἐν
2571 1287 2636 1363 τῇ·
2673 1283 2893 1364 τετάρτῃ
2946 1289 3052 1343 τῶν
3090 1285 3342 1360 Ἰνδικῶν,

1795 1371 1859 1431 δι’
1876 1363 1937 1441 ἧς
1981 1371 2285 1449 ἀποφαίνειν
2316 1380 2564 1451 πειρᾶται
2600 1370 2687 1429 τὸν
2715 1372 3088 1451 προειρημένον
3123 1372 3343 1449 βασιλέα

1792 1459 1896 1515 τῶν
1918 1457 2268 1517 Βαὸυλωνίων
2287 1456 2610 1536 Ἡρακλέους
2629 1456 2839 1537 ἀνδρεία
2868 1459 2958 1516 καὶ
2976 1458 3181 1536 μεγέθει
3205 1459 3345 1538 πρά-

1797 1542 1920 1612 ξεων
1957 1543 2332 1624 διενηνοχέναι·
2385 1542 2846 1622 καταστρέψασθαι
2888 1543 2991 1624 γὰρ
3037 1544 3193 1603 αὐτόν
3218 1568 3344 1625 φησι

1795 1632 1886 1689 καὶ
1913 1630 2113 1702 Λιὸύης
2132 1630 2227 1701 τὴν
2261 1629 2461 1701 πολλὴν
2493 1630 2584 1688 καὶ
2612 1630 2872 1709 Ἰὅηρίαν.
2917 1631 3002 1691 Τὰ
3027 1632 3081 1689 δὲ
3109 1633 3230 1711 περὶ
3252 1639 3345 1692 τοῖ

1795 1722 1921 1776 ναοῦ
1946 1717 2295 1798 προειρημένα
2317 1723 2406 1776 τοῦ
2427 1719 2479 1774 ἐν
2500 1716 2893 1796 Ἱεροσολύμοις,
2912 1717 2990 1777 ὅτι
3010 1720 3344 1799 κατεπρήσθη

1799 1803 1893 1878 μὲν
1921 1803 2021 1861 ὑπὸ
2048 1806 2151 1862 τῶν
2186 1802 2538 1865 Βαὸυλωνίων
2576 1804 3105 1884 ἐπιστρατευσάντων,
3152 1804 3346 1883 ἤρξατο

1799 1891 1852 1948 δὲ
1877 1889 2036 1947 πάλιν
2065 1891 2511 1964 «ἐνοικοδομεῖσθαι
2543 1889 2716 1969 Κύρου
2745 1895 2837 1961 τῆς
2858 1890 3032 1957 Ἀσίας
3067 1892 3162 1962 τὴν
3192 1897 3343 1970 βασι-

1797 1976 1941 2034 λείαν
1970 1976 2381 2056 παρειληφότος,
2414 1979 2474 2035 ἐκ
2498 1980 2601 2035 τῶν
2629 1979 2914 2056 Βηρωσσῶ
2945 1980 3121 2054 σαφῶς
3149 1979 3347 2036 ἐπιδει-

1797 2061 2052 2143 χθήσεται
2076 2063 2483 2144 παρατεθέντων.
2569 2063 2722 2141 Λέγει
2725 2062 2845 2173 γὰρ
2869 2062 3004 2122 οὕτω
3019 2063 3102 2122 διὰ
3117 2069 3208 2133 τῆς
3233 2065 3349 2143 τρί-

1797 2169 1919 2219 της·
1957 2176 1982 2204 α
2012 2147 2525 2229 Ναὸουχοδονόσορος
2560 2148 2654 2226 μὲν
2697 2140 2789 2211 οὖν
2811 2148 2950 2225 μετὰ
2991 2149 3052 2209 τὸ
3097 2149 3348 2230 ἄρξασθαι

1799 2240 1888 2293 τοῦ
1929 2236 2304 2315 προειρημένου
2354 2235 2560 2314 τείχους
2624 2235 2867 2311 ἐμπεσὼν
2934 2238 3036 2307 εἷς,
3057 2237 3349 2316 ἀρρωστίαν

1802 2321 2159 2397 μετηλλάξατο
2179 2322 2264 2381 τὸν
2295 2320 2431 2400 βίον,
2453 2321 2833 2399 βεὸασιλευκὼς
2851 2321 2941 2393 ἔτη
2965 2322 3349 2402 τεσσαράκοντα

1802 2407 1943 2484 τρία.
2022 2413 2136 2478 Τῆς
2163 2408 2218 2466 δὲ
2261 2408 2528 2487 βασιλείας
2552 2407 2725 2488 κύριος
2752 2406 2954 2485 ἐγένετο
2985 2412 3012 2465 ὁ
3047 2408 3155 2475 υἱὸς
3194 2411 3349 2468 αὐτοῦ

1803 2495 2313 2574 Εὗειλμαράδουχος.
2401 2486 2570 2560 Οὗτος
2610 2494 2840 2573 προστὰς
2878 2498 2980 2553 τῶν
3025 2494 3350 2574 πραγμάτων

1805 2580 2010 2657 ἀνόμως
2036 2581 2126 2640 καὶ
2148 2582 2409 2658 ἀσελγῶς,
2436 2580 2859 2646 έιιῐιίῗῖουλευθεὶςε
2840 2581 2942 2638 υπὸ
2968 2603 3060 2638 του
3080 2581 3172 2650 τὴν
3197 2582 3350 2639 ἀδελ·
3355 2602 3364 2611 ’

1805 2667 1906 2747 <pia
1936 2667 2142 2745 ἔχοντος
2172 2670 2328 2725 αὐτου
2350 2665 2790 2745 Νηριγλισσοόρου
2821 2664 3043 2744 ἀνῃρέθη
3062 2712 3078 2743 ,
3110 2666 3355 2743 βασιλεύ-

1807 2776 1902 2820 σας
1920 2753 2012 2825 έτη
2042 2753 2149 2813 δύο.
2196 2751 2351 2814 Μετὰ
2382 2752 2436 2811 δὲ
2464 2755 2524 2810 τὸ
2547 2754 2875 2830 ἀναιρεθῆναι
2907 2754 3085 2810 τοῦτον
3114 2750 3350 2819 διαδεξά-

1807 2861 1956 2915 μενος
1977 2840 2070 2910 τὴν
2110 2839 2279 2918 ἀρχὴν
2297 2843 2326 2896 ὁ
2353 2838 2722 2904 ἐπιδουλεύσας
2749 2839 2890 2917 αὐτῷ
2907 2836 3351 2916 Νηριγλισσόορος

1806 2927 2140 2987 έὸασίλευσεν
2163 2928 2254 2997 ἔτη
2282 2930 2534 3005 τέσσαρα.
2616 2924 2816 2986 Τούτου
2843 2926 2948 2992 υἱὸς
2973 2926 3356 3004 Λαὸοροσοάρ-

1805 3018 1958 3093 χοδος
1980 3014 2243 3092 ἐκυρίευσε
2268 3014 2361 3090 μὶν
2402 3017 2495 3083 τῆς
2525 3012 2788 3091 βασιλείας
2817 3021 2940 3078 παῖς
2978 3010 3048 3069 ὢν
3080 3017 3245 3088 μῆνας
3285 3016 3359 3070 έν-

1806 3101 1921 3175 νέα,
1950 3099 2330 3167 ἐπιδουλευθεὶς
2343 3100 2416 3171 δὲ,
2432 3099 2592 3158 διὰτὸ
2618 3098 2787 3179 πολλὰ
2816 3098 3079 3178 έμφαίνειν
3106 3099 3360 3167 κακοήθη,

1807 3267 2057 3329 prehendit
2089 3268 2336 3318 historicos
2354 3268 2548 3318 Graeeos
2563 3303 2579 3327 ,
2599 3270 2655 3316 ut
2670 3267 2757 3328 qui
2773 3279 2897 3316 vane
2914 3266 3204 3317 arbitrentur
3225 3279 3255 3314 a
3271 3268 3331 3314 Se
3346 3291 3359 3302 ·

1808 3345 1991 3394 mii-ade
2010 3346 2200 3407 Assyria
2219 3345 2506 3407 Babylonem
2529 3344 2815 3393 aediticatam
2827 3379 2842 3403 ,
2864 3343 3075 3404 salsoque
3090 3341 3362 3403 scripserint

1809 3421 2026 3469 miranda
2050 3434 2198 3482 opera
2228 3420 2326 3469 illic
2355 3420 2420 3469 ab
2453 3421 2557 3482 ipsa
2585 3420 2728 3469 fuisse
2758 3421 3053 3468 constructa.
3119 3421 3277 3480 Atque
3307 3418 3360 3467 in

1810 3498 1910 3546 istis
1927 3497 2262 3547 Chaldaeorum
2280 3496 2471 3561 quidem
2494 3496 2690 3546 historia
2721 3494 2814 3545 tide
2840 3496 2979 3559 digna
3007 3495 3224 3545 habenda
3259 3496 3359 3556 est,

1808 3575 2017 3624 maxime
2047 3574 2177 3638 quod
2212 3575 2260 3623 in
2296 3574 2505 3624 archivis
2539 3574 2818 3623 Pboenicum
2854 3575 3028 3636 scripta
3064 3575 3360 3635 reperiantur

1809 3665 1922 3715 quse
1945 3664 2058 3701 cum
2083 3652 2142 3699 iis
2156 3652 2449 3700 conveniunt
2471 3664 2502 3699 a
2521 3653 2696 3700 Beroeo
2716 3650 2917 3700 narratis
2938 3649 2998 3698 de
3023 3663 3130 3711 rege
3153 3649 3360 3711 Babylo·

1811 3733 2037 3791 niorum,
2061 3729 2245 3791 Syriam
2263 3729 2444 3780 scilicet
2464 3731 2514 3778 et
2532 3729 2802 3778 universam
2825 3728 3080 3779 Pboenicen
3099 3728 3235 3777 illum
3252 3727 3362 3777 sub·

1810 3808 1974 3869 egisse.
2056 3806 2142 3856 His
2175 3818 2289 3855 sane
2322 3805 2643 3868 adstipulatur
2680 3806 2993 3854 Philostratus
3029 3805 3079 3852 in
3117 3804 3361 3865 Historiis,

1811 3896 1910 3945 quo
1946 3882 1996 3931 in
2027 3883 2135 3931 loco
2165 3881 2280 3944 Tyri
2309 3882 2569 3932 obsidionis
2599 3881 2846 3942 meminit;
2883 3884 2932 3930 et
2963 3879 3284 3941 Megasthenes
3315 3880 3364 3928 in

1811 3960 1985 4021 quarto
2008 3958 2251 4008 volumine
2277 3971 2438 4007 rerum
2461 3958 2766 4017 Indicarum,
2794 3956 2875 4006 ubi
2899 3956 3149 4005 ostendere
3171 3958 3362 4004 conten·

1811 4036 1883 4085 dit
1906 4035 2193 4098 praedietum
2229 4036 2594 4099 Babyloniorum
2622 4048 2781 4097 regem
2808 4034 3086 4084 tortitudine
3109 4033 3363 4082 Herculem

1812 4117 1861 4163 et
1891 4115 2219 4180 magnitudine
2244 4114 2516 4177 proestitisse
2543 4133 2555 4162 ε
2583 4114 2700 4163 dicit
2716 4112 2842 4162 enim
2865 4110 2976 4161 ehm
3011 4111 3172 4172 Libyae
3190 4111 3364 4160 bonam

1812 4193 2000 4251 partem
2031 4197 2080 4240 et
2113 4191 2318 4240 iberiam
2348 4190 2638 4252 subjugasse.
2702 4193 2824 4247 Quae
2854 4201 2969 4236 vero
2996 4187 3057 4237 de
3091 4187 3357 4249 Hierosoly-

1803 4280 2007 4317 morum
2028 4267 2208 4329 templo
2220 4266 2320 4328 iam
2337 4266 2465 4316 dieta
2485 4269 2598 4315 sunt
2613 4303 2629 4329 ,
2656 4267 3015 4315 concrematum
3039 4276 3139 4313 esse
3160 4276 3191 4313 a
3216 4264 3364 4325 Baby·

1814 4343 2052 4393 loniorum
2066 4344 2295 4405 exercitu,
2312 4345 2363 4393 et
2376 4344 2587 4404 coeptum
2605 4355 2771 4392 rursus
2780 4340 3025 4400 mdificari,
3039 4353 3190 4402 quum
3212 4344 3367 4402 cyrus

1814 4421 1940 4471 Asia}
1961 4422 2213 4484 imperium
2236 4423 2526 4483 accephiset,
2544 4433 2608 4471 ex
2635 4420 2695 4470 iis
2720 4433 2832 4482 quae
2853 4421 3087 4481 praeterea
3103 4418 3248 4467 refert
3273 4420 3364 4468 Be·

1817 4510 1955 4547 rosus
1975 4498 2102 4548 clare
2123 4496 2552 4547 manifestabimus.
2615 4497 2697 4547 sic
2719 4496 2848 4547 enim
2869 4493 2920 4546 in
2951 4495 3071 4545 libro
3096 4495 3237 4544 tertio
3258 4494 3328 4543 ait
3349 4513 3362 4541 ε

1821 4595 1845 4619 «
1883 4578 1943 4626 Et
1982 4574 2477 4627 Nabuchodonosorus
2515 4573 2710 4636 quidem
2723 4609 2740 4632 ,
2782 4576 3090 4635 posteaquam
3125 4573 3367 4621 inchoavit

1817 4651 2100 4715 praedictum
2122 4664 2317 4701 murum
2331 4686 2349 4711 ,
2369 4650 2538 4700 morbo
2557 4650 2839 4713 implicitus,
2865 4662 2981 4698 mox
3002 4662 3029 4698 e
3048 4650 3146 4698 vita
3166 4648 3368 4698 excessit

1818 4743 1970 4792 quum
2005 4730 2243 4791 regnasset
2276 4740 2428 4777 annos
2463 4728 2559 4777 tres
2596 4728 2646 4776 et
2687 4725 3014 4788 quadraginta.
3080 4728 3134 4775 lu
3168 4737 3369 4787 regnum

1818 4808 1982 4855 autem
2002 4804 2288 4855 succedebat
2309 4803 2434 4854 tilius
2454 4803 2559 4865 ejus
2589 4802 3026 4853 Evilmaraduchus.
3092 4803 3179 4851 llic
3194 4837 3210 4862 ,
3236 4803 3366 4864 quod

1819 4894 2008 4933 summa
2027 4894 2185 4931 rerum
2203 4881 2382 4931 nefarie
2400 4893 2457 4930 ac
2472 4880 2739 4943 petulanter
2756 4879 3051 4937 abuteretur,
3071 4891 3197 4927 anno
3218 4879 3374 4928 altero-

1821 4972 1968 5022 quam
1997 4970 2193 5019 regnare
2214 4959 2449 5020 coeperat,
2477 4956 2800 5019 Neriglissoori
2823 4956 2997 5005 sororis
3021 4968 3121 5004 suoe
3156 4956 3371 5017 coniugis

1821 5034 2003 5085 insidiis
2018 5032 2261 5083 occubuit.
2325 5034 2480 5094 Hujus
2498 5035 2659 5082 autem
2682 5033 2791 5094 post
2816 5044 2980 5082 necem
3005 5030 3129 5080 idem
3152 5031 3250 5093 ipse
3270 5035 3367 5082 Ne-

1822 5113 2144 5173 rigiissoorus,
2171 5110 2255 5173 qui
2276 5109 2321 5160 ei
2344 5110 2520 5159 fecerat
2550 5108 2771 5167 insidias,
2795 5108 3046 5169 imperium
3081 5108 3287 5176 suscepit
3319 5115 3370 5159 et

1822 5190 1959 5239 annis
1978 5188 2190 5250 regnavit
2218 5190 2464 5250 quattuor.
2529 5186 2685 5246 liuius
2710 5185 2833 5235 tilius
2869 5185 3370 5247 Laborosoarchodus,
