3900 6042
1543 427 1636 487 Fa
1651 427 2042 488 AGMENTA.

211 561 312 614 vita
346 561 399 613 ei
441 561 814 632 suppetiisset.
855 563 932 613 Ac
973 560 1099 612 talia
1143 561 1389 613 retulisse
1426 561 1760 632 Cratippum

213 647 468 719 equidem
493 648 736 703 libenter
762 646 1071 702 crederem.
1099 649 1172 701 At
1193 648 1360 714 hanc,
1390 666 1558 718 quam
1587 649 1758 702 verba

209 731 451 807 flagitare
494 734 784 802 videntur,
815 735 1331 806 interpretationem
1380 733 1611 804 rejicere
1653 752 1754 788 co-

207 830 338 892 gunt
393 838 523 891 quae
562 820 939 890 subjiciuntur
998 838 1012 872 :
1058 820 1347 873 orationes
1384 820 1754 892 Thucydidis,

209 907 473 979 Cratippo
501 906 1051 977 judice‚lectoribus
1086 905 1343 960 molestas
1366 924 1515 974 esse,
1547 907 1759 979 ipsum-

206 1010 311 1064 que
329 994 692 1061 historicum,
725 993 929 1047 eodem
965 992 1234 1063 Cratippo
1255 1004 1515 1057 auctore,
1544 993 1601 1045 id
1629 1011 1755 1065 per-

203 1081 440 1152 spexisse
455 1077 701 1152 ideoque
718 1081 778 1134 in
791 1091 1077 1152 postremo
1091 1077 1239 1131 libro
1257 1077 1434 1132 nullas
1447 1078 1759 1132 exhibuisse

200 1166 506 1220 orationes.
533 1167 734 1238 Itaque
759 1165 932 1220 verba
957 1184 971 1219 :
1004 1153 1076 1220 ὧν
1111 1159 1483 1240 προνοούμενος
1507 1175 1613 1218 ete.
1646 1164 1758 1218 hoc

195 1251 300 1304 sibi
331 1253 570 1321 volunt,
600 1263 892 1307 auctorem
933 1252 1235 1306 conciones
1265 1260 1322 1304 et
1348 1250 1633 1322 colloquia
1661 1269 1756 1305 ce-

195 1348 460 1418 terorum
504 1356 741 1410 quoque
775 1338 1054 1391 librorum
1091 1336 1279 1394 delere
1331 1337 1598 1404 voluisse,
1642 1355 1758 1408 quo

190 1425 406 1478 scilicet
435 1444 580 1497 opus
609 1443 770 1478 suum
791 1423 1120 1479 absolveret.
1164 1421 1273 1476 Sed
1306 1424 1431 1495 quis
1459 1423 1602 1476 hanc
1628 1440 1758 1475 sen—

190 1512 429 1565 tentiam
476 1511 566 1568 his
592 1512 778 1565 verbis
812 1509 1040 1566 efferat?
1067 1509 1466 1564 Confusionem
1490 1510 1581 1562 hic
1623 1509 1760 1562 mihi

193 1597 392 1652 videre
419 1599 643 1666 videor,
668 1617 792 1670 quae
814 1598 905 1651 vel
943 1597 1062 1652 sola
1099 1615 1222 1668 quae
1261 1596 1458 1650 rhetor
1480 1595 1649 1650 tradit
1679 1615 1761 1648 su-

189 1694 388 1755 specta
413 1684 602 1739 saciat.
637 1687 752 1739 Nec
788 1701 992 1738 vereor
1019 1701 1090 1739 ne
1129 1684 1253 1755 quis
1291 1683 1396 1736 sibi
1422 1681 1759 1755 persuadere

191 1772 473 1844 patiatur,
501 1788 699 1825 revera
730 1768 1118 1841 Thucydidem
1152 1768 1223 1823 de
1261 1768 1611 1822 orationibus
1651 1767 1762 1821 suis

190 1856 456 1910 delendis
486 1858 782 1930 cogitasse,
809 1875 988 1928 quum
1026 1866 1265 1923 veteres,
1302 1853 1492 1927 quoad
1528 1854 1760 1928 quidem

189 1942 463 1996 libertate
507 1942 867 2009 fruebantur,
911 1941 1010 1996 has
1046 1941 1116 1996 ab
1161 1941 1405 1995 historiis
1443 1941 1629 1995 abesse
1668 1940 1759 1995 vix

194 2028 473 2083 tulissent.
500 2032 583 2083 Ac
610 2030 654 2082 si
675 2030 801 2100 quis
822 2029 1022 2096 nimia,
1049 2045 1217 2102 quam
1244 2029 1501 2100 plerique
1527 2026 1598 2081 de
1621 2028 1760 2081 Dio-

193 2116 362 2186 nysio
390 2114 631 2184 habent,
670 2117 941 2188 opinione
977 2114 1206 2182 ductus,
1235 2115 1389 2169 hunc
1421 2133 1538 2169 non
1565 2114 1758 2168 salsum

194 2219 315 2256 mse
338 2203 677 2271 contendat,
706 2202 803 2257 sed
823 2204 883 2255 in
899 2202 1169 2275 Cratippo
1190 2221 1313 2274 quae
1338 2200 1510 2256 refert
1536 2202 1759 2275 legisse,

195 2289 531 2362 Cratippum
573 2308 680 2364 ego
725 2307 858 2344 vera
899 2288 1214 2362 prodidisse
1251 2306 1455 2362 negare
1499 2287 1756 2342 audeam.

195 2377 316 2432 Sed
342 2378 440 2449 qni
461 2396 590 2450 quae
610 2376 682 2432 de
709 2378 982 2449 Dionysio
1008 2376 1160 2431 dicta
1185 2386 1312 2430 sunt
1334 2376 1427 2448 (p.
1463 2373 1574 2430 255
1607 2375 1755 2451 sqq.)

200 2463 628 2532 animadvertit,
662 2482 792 2519 eum
817 2462 981 2533 hujus
1020 2480 1273 2518 errorem
1294 2463 1516 2517 subesse
1537 2480 1758 2516 mecum

201 2551 653 2604 existimaturum
678 2550 946 2605 arbitror.
993 2574 1016 2598 υ
1066 2547 1184 2626 (cf.
1213 2548 1374 2603 Idem
1406 2549 1466 2604 in
1496 2549 1761 2606 {sutem-u-

201 2635 464 2708 chungen
489 2639 658 2692 ucber-
674 2639 730 2693 cl.
768 2637 901 2691 Leb.
923 2638 982 2691 d.
1014 2636 1259 2707 ΊῚιιιργιΙ.
1283 2654 1342 2710 p.
1373 2636 1445 2706 67
1463 2677 1478 2703 ‚
1506 2653 1576 2705 77
1603 2635 1754 2711 sqq.)

203 2722 352 2777 Sane
373 2724 600 2796 quidem
625 2726 874 2796 ineptam
896 2741 1007 2778 esse
1029 2723 1279 2796 Cratippi
1311 2723 1638 2778 sententiam
1664 2723 1757 2776 lu-

201 2808 526 2866 bentissime
568 2811 811 2885 largior3
859 2828 1028 2882 quam
1077 2809 1371 2882 quomodo
1418 2809 1488 2864 ab
1528 2820 1758 2864 auctore

215 2896 551 2968 Thucydidis
597 2916 778 2954 σαι-νο
807 2896 1126 2970 profectam
1168 2915 1280 2953 esse
1315 2898 1610 2970 Dionysius
1648 2916 1757 2970 pro

203 3001 306 3038 sua
333 2985 406 3039 in·
423 2986 509 3040 his
531 2986 702 3041 rebus
725 2987 951 3041 levitate
982 2984 1169 3040 dicere
1188 2986 1469 3058 potuerit,
1496 3003 1612 3039 non
1642 2986 1754 3039 mi-

203 3089 341 3140 ror-3
371 3090 568 3127 verum
600 3091 789 3128 sensus
809 3073 924 3126 loci
963 3074 1204 3144 appositi
1229 3072 1320 3126 hic
1354 3089 1469 3126 esse
1491 3070 1628 3123 mihi
1667 3070 1757 3122 vi-

206 3156 379 3214 detur
408 3181 423 3214 z
453 3161 621 3231 Quod
645 3163 707 3215 in
736 3161 917 3234 prima
949 3157 1204 3214 Historiae
1231 3170 1390 3232 parte
1419 3157 1762 3212 tractationis

206 3262 384 3314 genus
410 3246 765 3319 Thucydides
792 3245 1155 3313 adhibuerat,
1200 3245 1257 3300 id
1286 3247 1345 3298 in
1374 3255 1573 3298 octavo
1610 3243 1759 3297 libro

209 3349 437 3403 prorsus
461 3335 724 3407 reliquit,
753 3344 811 3388 et
836 3342 991 3389 certo
1020 3332 1254 3404 quidem
1282 3331 1551 3399 consili0‚
1582 3348 1757 3402 quum

207 3423 494 3477 orationes
532 3432 588 3476 et
632 3439 822 3475 rerum
868 3420 1204 3493 expositioni
1250 3416 1656 3491 impedimento
1706 3429 1762 3471 et

203 3508 466 3563 molestas
508 3508 815 3563 lectoribus
875 3525 989 3562 esse
1039 3507 1397 3561 existimaret.
1450 3506 1574 3558 Jam
1622 3522 1759 3558 vero

202 3613 348 3667 opus
360 3596 575 3650 exstitit
589 3594 935 3650 multiforme
952 3603 1007 3648 et
1023 3593 1441 3647 inconcinnum.
1461 3590 1629 3661 Quod
1646 3609 1761 3644 sen·

202 3682 344 3736 tiens
363 3693 567 3736 auctor
589 3668 686 3753 (ὧν
708 3676 1247 3757 προνοούμενοςκτλ.)
1273 3679 1349 3732 ob
1375 3677 1434 3732 id
1459 3678 1636 3749 ipsum
1657 3677 1759 3729 im·

197 3770 514 3840 perfectam
543 3770 838 3823 historiam
876 3768 1193 3838 reliquisse,
1223 3767 1258 3819 i.
1294 3784 1345 3824 e.
1387 3782 1506 3818 non
1533 3764 1765 3817 ulterius

196 3857 538 3928 produxisse
575 3857 821 3912 videtur.
855 3885 934 3903 .-
962 3852 1047 3910 De
1084 3851 1415 3925 Thucydide
1455 3852 1615 3924 operi
1658 3869 1761 3904 suo

199 3946 516 3998 immortuo
539 3945 835 4017 Cratippus
858 3960 976 3995 non
1015 3942 1189 4014 magis
1227 3940 1556 4013 cogitaverit
1592 3957 1760 4010 quam

199 4033 318 4104 ipse
347 4033 679 4104 Dionysius,
708 4030 807 4103 qui
835 4029 1052 4083 crimini
1088 4029 1141 4082 ei
1159 4028 1326 4082 vertit
1363 4025 1522 4099 quod
1547 4044 1665 4079 non
1690 4025 1764 4079 ad

199 4117 374 4174 finem
425 4137 604 4191 usque
653 4117 792 4173 belli
840 4115 1296 4189 Peloponnesiaci
1357 4132 1424 4169 ex
1467 4114 1762 4186 proposito

201 4206 496 4261 historiam
527 4205 850 4260 deduxerit.

203 4371 472 4429 utrumque
506 4366 718 4416 instituti
740 4370 788 4415 et
813 4365 994 4415 consilii
1025 4379 1126 4416 esse
1151 4378 1308 4427 neque
1336 4363 1536 4412 eandem
1571 4363 1764 4425 utrique

205 4446 304 4493 vim
334 4446 504 4493 inesse.
533 4445 665 4494 Alter
676 4445 834 4503 enim,
853 4457 1008 4506 quum
1030 4454 1205 4506 paucas
1219 4441 1478 4490 admodum
1500 4453 1586 4489 nec
1604 4439 1762 4500 magni

207 4523 436 4573 nnomeuti
474 4536 550 4572 res
588 4523 860 4583 contiueat,
894 4521 1193 4572 orationibus
1235 4520 1476 4579 abundat,
1522 4520 1570 4567 in
1610 4519 1761 4568 altero

207 4601 373 4650 multis
389 4600 669 4663 magnisque
691 4600 837 4649 rebus
853 4600 1053 4660 referto,
1091 4610 1263 4659 magna
1288 4599 1360 4646 est
1382 4595 1666 4644 concionum
1693 4595 1761 4644 in·

209 4680 491 4744 trequentia.

269 4833 489 4885 Nonnulli
509 4833 576 4883 ibi
590 4831 922 4895 Thucydidem
944 4832 1116 4881 obiisse
1132 4830 1323 4891 dicunt,
1345 4828 1428 4878 ubi
1450 4829 1594 4878 etiam
1613 4828 1762 4877 vitam

210 4913 318 4962 exul
335 4911 594 4974 degebat...
624 4913 687 4960 At
709 4909 940 4970 Didymus
962 4921 1074 4957 eum
1092 4907 1155 4957 ab
1177 4908 1322 4956 exilio
1342 4919 1586 4956 reversum
1609 4909 1764 4954 morte

213 4991 411 5039 violenta
434 4987 640 5039 Athenis
671 4987 846 5035 obiisse
876 4986 1048 5045 tradit3
1073 4985 1166 5034 boc
1189 4987 1353 5034 autem
1379 4996 1409 5032 a
1434 4987 1619 5045 Zopyro
1660 4995 1763 5031 me·

211 5069 368 5117 muriae
385 5066 634 5128 proditum
654 5063 790 5112 dicit.
820 5062 1126 5112 Athenienses
1143 5062 1270 5109 enim
1291 5063 1396 5122 post
1414 5059 1598 5108 cladem
1619 5058 1668 5107 in
1686 5059 1763 5108 Si·

211 5147 311 5195 eilia
331 5148 582 5208 meptam
601 5141 833 5191 omnibus
854 5140 1075 5189 exulibus
1089 5175 1103 5198 ,
1122 5139 1332 5201 exerptis
1357 5137 1688 5197 Pisistratidis‚
1715 5138 1762 5185 in

213 5224 396 5288 patriam
432 5218 676 5271 redeundi
714 5218 993 5280 potestatem
1031 5216 1321 5278 periiiisisse3
1343 5215 1471 5263 liunc
1497 5216 1658 5262 autem
1688 5226 1762 5261 rc·

3321 441 3394 492 ⁷7

2597 597 2650 654 3.

1925 731 2234 785 Marcellin.
2282 732 2391 786 Vit.
2441 733 2618 788 Thuc.
2666 733 2702 807 S
2748 733 2820 799 46
2847 754 2860 787 :
2891 733 2961 790 Oi
2996 730 3089 808 μὶν
3118 724 3204 792 οὖν
3239 735 3423 798 αὐτὸν,

1846 818 1953 872 ἐκεῖ
1978 814 2212 892 λέγουσιν
2242 817 2519 873 ἀποθανεῖν
2547 815 2665 875 ἔνθα
2694 818 2784 875 καὶ
2814 818 3033 891 διέτριὸε
3067 819 3230 898 φυγὰς
3257 821 3395 882 ὤν...

1847 894 2073 967 Δίδυμος
2102 892 2145 950 δ’
2179 894 2230 949 ἐν
2267 893 2500 964 Ἀθήναις
2524 894 2628 952 ἀπὸ
2666 900 2759 966 τῆς
2793 901 2956 974 φυγῆς
2987 899 3199 955 ἐλθόντα
3243 901 3399 981 βιαίῳ

1845 979 2076 1060 θανάτῳ·
2107 985 2257 1037 τοῦτο
2304 979 2359 1038 δέ
2403 1004 2530 1060 φησι
2563 981 2812 1062 Ζώπυρον
2855 984 3091 1062 ἱστορεῖν·
3141 983 3259 1052 τοὺς
3297 988 3399 1068 γὰρ

1845 1067 2140 1138 Ἀθηναίους
2185 1066 2401 1125 κάθοδον
2430 1068 2708 1127 δεδωκέναι
2742 1073 2847 1136 τοῖς
2876 1071 3070 1150 φυγάσι
3115 1071 3251 1142 πλὴν
3294 1078 3397 1133 τῶν

1847 1156 2292 1234 Πεισιστρατιδῶν
2314 1155 2447 1231 μετὰ
2462 1154 2555 1226 τὴν
2569 1149 2732 1227 ἧτταν
2752 1155 2846 1227 τὴν
2862 1159 2915 1215 ἐν
2937 1157 3154 1238 Σικελία
3169 1182 3182 1196 ·
3202 1158 3399 1230 ἥκοντα

1846 1231 1933 1299 οὗν
1968 1241 2120 1299 αὑτὸν
2151 1243 2426 1300 ἀποθανεῖν
2462 1242 2581 1321 βία,
2624 1244 2713 1301 καὶ
2742 1248 2952 1315 τεθῆναι
2988 1247 3041 1303 ἐν
3071 1250 3174 1312 τοῖς
3210 1250 3401 1324 Κιμω-

1845 1327 1996 1392 νείοις
2026 1327 2312 1404 μνήμασιν.
2348 1329 2453 1387 Καὶ
2473 1329 2883 1415 καταγινώσκειν
2907 1330 3144 1402 εὐήθειαν
3171 1332 3269 1412 ἔφη
3298 1339 3399 1393 τῶν

1845 1414 2154 1492 νομιζόντων
2186 1414 2337 1472 αὐτὸν
2380 1415 2522 1482 ἐκτὸς
2548 1417 2641 1491 μὲν
2686 1419 3139 1490 τετελευτηκέναι,
3179 1421 3264 1479 ἐπὶ
3302 1427 3400 1500 γῆς

1848 1501 1902 1559 δὲ
1924 1506 2018 1572 τῆς
2048 1501 2292 1572 Ἀττικῆς
2321 1502 2595 1582 τεθάφθαι·
2626 1499 2660 1573 ἢ
2689 1502 2790 1583 γὰρ
2818 1505 2911 1561 οὐκ
2946 1503 3007 1562 ἂν
3035 1504 3182 1577 ἐτέθη
3217 1510 3270 1565 ἐν
3296 1518 3401 1574 τοῖς

1847 1586 2107 1669 πατρῴοις
2135 1587 2434 1664 μνήμασιν,
2465 1587 2498 1658 ἢ
2540 1588 2761 1661 κλέὸδην
2802 1589 2963 1657 τεθεὶς
2998 1593 3089 1650 οὐκ
3128 1591 3188 1650 ἂν
3218 1592 3400 1672 ἔτυχεν

1848 1672 1963 1732 οὔτε
1995 1673 2185 1746 στήλης
2208 1674 2325 1732 οὔτε
2348 1675 2773 1755 ἐπιγράμματος,
2805 1676 2839 1747 ἢ
2873 1680 2949 1757 τῷ
2972 1678 3120 1758 τάφῳ
3155 1703 3401 1759 προσκει-

1849 1760 1980 1838 μένη
2021 1767 2111 1819 τοῦ
2158 1764 2494 1843 συγγραφέως
2540 1763 2724 1841 μηνύει
2764 1762 3018 1839 τοῦνομα·
3063 1765 3199 1823 ἀλλὰ
3246 1769 3401 1838 δῆλον

1848 1847 1926 1906 ὅτι
1965 1848 2178 1914 κάθοδος
2217 1849 2365 1921 ἐδόθη
2405 1858 2510 1916 τοῖς
2550 1850 2857 1931 φεύγουσιν,
2897 1854 2967 1917 ὡς
2993 1853 3082 1910 καὶ
3112 1854 3405 1933 Φιλόχορος

1845 1934 1986 2011 λέγει
2040 1937 2129 1994 καὶ
2180 1935 2478 2017 Δημήτριος
2532 1939 2586 1994 ἐν
2641 1939 2746 2003 τοῖς
2804 1934 3104 2015 Ἀρχουσιν.
3156 1939 3298 2014 Ἐγὼ
3349 1940 3405 1998 δὲ

1850 2020 2104 2101 Ζώπυρον
2151 2024 2328 2101 ληρεῖν
2378 2023 2570 2100 νομίζω
2618 2021 2832 2100 λε’γοντα
2883 2030 3064 2083 τοῦτον
3116 2027 3167 2082 ἐν
3214 2025 3405 2107 Θρᾴκῃ

1848 2110 2334 2184 τετετλευτηκέναι,
2385 2110 2482 2167 κᾶν
2534 2109 2802 2181 ἀληθεύειν
2845 2110 3030 2191 νομίζῃ
3091 2111 3403 2191 Κράτιππος

1850 2197 2025 2254 αὗτόν.

1927 2284 2080 2344 Μετὰ
2108 2286 2201 2353 τὴν
2227 2276 2391 2354 ἧτταν
2417 2282 2511 2355 τὴν
2536 2287 2587 2343 ἐν
2614 2283 2874 2364 Σικελία]
2905 2286 3184 2342 Alcibiadi
3213 2298 3269 2342 et
3288 2290 3408 2343 aliis

1847 2375 2134 2429 nonnullis
2159 2375 2417 2429 exulibus
2442 2373 2659 2430 reditus
2678 2375 2976 2447 permissus
2995 2385 3076 2429 est
3101 2376 3189 2432 01.
3213 2395 3311 2447 92,
3342 2395 3364 2431 1
3385 2396 3403 2442 ς

1847 2479 1898 2516 a.
1944 2462 2008 2520 C.
2052 2468 2166 2528 [μα
2208 2461 2495 2536 (Thucyd.
2520 2461 2682 2530 VIII,
2710 2461 2842 2536 97).
2874 2460 2985 2516 Sed
3006 2461 3116 2515 hoc
3144 2462 3216 2516 ad
3241 2463 3405 2516 Thu-

1847 2548 2110 2621 cydidem
2136 2549 2274 2602 nihil
2296 2550 2560 2621 pertinet.
2590 2550 2670 2603 Ut
2697 2549 2769 2603 ad
2798 2567 2995 2602 verum
3021 2567 3107 2602 res
3131 2549 3400 2616 trahatur,

1847 2636 2079 2710 intelligi
2101 2635 2272 2690 debet
2295 2631 2584 2710 ἀμνηστεία
2600 2646 2731 2708 post
2758 2634 2976 2690 cladem
2999 2634 3071 2689 ad
3100 2636 3272 2708 AEgos
3296 2655 3403 2708 po·
3500 2629 3503 2632 ’

1847 2733 2057 2777 tamum
2100 2734 2268 2795 atque
2307 2739 2509 2796 pacem
2550 2741 2680 2777 cum
2718 2721 3159 2777 Lacedaemoniis
3204 2722 3403 2777 factam

1846 2828 2125 2868 concessa.
2155 2811 2350 2882 Neque
2379 2820 2566 2863 tamen
2590 2819 2732 2881 puto
2760 2827 2881 2864 rem
2908 2809 3246 2866 notissimam
3271 2829 3402 2888 cum

1845 2896 1952 2950 alia
1981 2896 2311 2960 obscuriore
2337 2895 2627 2950 confusam
2655 2913 2768 2950 esse
2795 2913 2810 2948 ε
2843 2896 2957 2948 imo
2988 2897 3181 2951 statuit
3204 2898 3395 2969 Zopy-

1846 3000 1939 3037 rus
1986 2994 2171 3038 morte
2222 2982 2558 3056 impeditum
2604 2982 2993 3056 Thucydidem
3050 3001 3194 3057 opus
3241 3002 3401 3038 suum

1848 3089 1969 3124 non
2006 3070 2338 3140 absolvisse,
2357 3071 2469 3124 hoc
2495 3088 2635 3125 vero
2673 3088 2849 3142 quum
2878 3088 3055 3143 usque
3093 3070 3165 3125 ad
3196 3090 3402 3125 annum

1851 3156 1914 3210 31
1933 3176 1956 3211 1
1991 3176 2042 3212 a.
2075 3158 2137 3212 C.
2167 3156 2475 3212 deductum
2493 3198 2508 3225 ,
2539 3156 2893 3229 Thucydides
2919 3168 3104 3212 autem
3133 3159 3190 3210 in
3218 3158 3404 3212 reditu

1847 3246 2062 3298 occisus
2099 3245 2196 3312 sit,
2227 3243 2501 3299 redeundi
2532 3244 2849 3298 facultatem
2877 3244 2927 3298 ei
2957 3243 3143 3298 datam
3169 3262 3281 3298 esse
3305 3245 3404 3298 ‹le-

1847 3342 2004 3386 creto
2029 3332 2159 3386 anni
2196 3338 2330 3397 [μα.

1927 3415 2019 3475 Ἐν
2046 3414 2273 3496 Θρᾴκῃ]
2301 3417 2353 3472 ἐν
2375 3414 2583 3494 Ἀττικῇ
2606 3418 2805 3490 reponi
2830 3416 3030 3471 volunt
3046 3419 3244 3489 Poppo
3264 3419 3404 3471 Pro·

1847 3506 1994 3578 legg.
2019 3525 2080 3579 p.
2108 3505 2171 3560 31
2187 3548 2201 3573 ‚
2224 3516 2279 3561 et
2298 3506 2560 3564 Ambros.
2580 3506 2646 3561 F.
2677 3504 2871 3561 Didot.
2900 3503 3178 3576 (Thucyd.
3202 3516 3335 3562 tom.
3355 3508 3403 3574 1,

1847 3611 1906 3665 p.
1927 3591 2242 3658 CXXXVI)
2258 3633 2273 3659 ‚
2290 3592 2571 3665 probante
2588 3593 2850 3663 Kriigero
2877 3589 3037 3662 (Leb.
3057 3591 3116 3643 d.
3151 3590 3402 3662 Thucyd-

1848 3696 1908 3751 p.
1944 3677 2079 3751 56);
2109 3679 2382 3734 Goellerus
2401 3678 2540 3732 alius
2561 3678 2807 3732 auctoris
2834 3695 3041 3730 nomen
3072 3677 3127 3729 in
3156 3672 3407 3752 Ζώπυρος

1850 3775 2183 3837 corruptum
2209 3784 2323 3819 esse
2352 3767 2570 3831 statuit;
2611 3764 2768 3837 quod
2803 3763 2931 3834 jure
2960 3765 3172 3835 respuit
3200 3765 3402 3837 Poppo

1850 3853 1906 3905 in
1929 3851 2237 3906 Addendis.
2266 3841 2523 3908 Grauert'.
2555 3852 2664 3924 leg.
2693 3862 2878 3905 censet
2902 3850 2968 3906 οὗ
3006 3848 3245 3924 λέγοντα.
3284 3853 3405 3906 Lo-

1851 3957 1979 3993 cum
2014 3938 2297 4011 quendam
2331 3941 2525 3994 Attica·
2559 3939 2643 4012 (v.
2679 3957 2729 3992 c.
2757 3937 2811 3993 ἐν
2839 3939 3088 4013 Θορικῷ)
3120 3956 3405 3993 memora-

1851 4036 1972 4079 tum
1999 4044 2111 4080 esse
2141 4028 2450 4099 suspicetur
2477 4026 2632 4080 alius.
2663 4025 2773 4079 Sed
2797 4025 2869 4078 de
2896 4026 2979 4077 his
3008 4043 3077 4078 ne
3097 4026 3402 4098 litigemus;

1851 4131 1975 4185 quae
2002 4115 2270 4168 sententia
2300 4132 2412 4167 esse
2431 4113 2660 4181 debeat,
2686 4113 2789 4166 nisi
2818 4113 2981 4184 plura
3004 4112 3231 4165 fortasse
3253 4114 3405 4165 exci-

1852 4200 2090 4270 derunt,
2114 4202 2173 4255 in
2195 4200 2503 4273 propatulo
2530 4189 2630 4254 est.

1851 4375 2045 4411 versum
2066 4363 2273 4411 violenta
2292 4365 2447 4410 morte
2460 4361 2702 4410 sublatum
2718 4360 2829 4408 etin
2844 4358 3071 4409 Cimoniis
3085 4360 3407 4408 monumenvs

1850 4441 2118 4502 sepultum;
2140 4442 2255 4502 quin
2292 4440 2436 4488 etiam
2457 4440 2522 4486 alt
2554 4439 2745 4487 illorum
2776 4437 3129 4498 simplicitatem
3163 4451 3193 4486 a
3219 4441 3405 4500 Zopyro

1850 4515 2081 4578 derideri,
2099 4519 2182 4578 qui
2206 4515 2530 4576 Thucydidem
2554 4527 2746 4576 peregre
2772 4513 2965 4576 quidem
2993 4513 3187 4572 abiisse,
3212 4514 3407 4564 Athenis

1851 4607 1965 4642 vero
1984 4593 2225 4655 sepultum
2246 4593 2387 4641 fuisse
2404 4595 2572 4654 putent
2595 4592 2736 4640 :tum
2763 4591 2892 4639 enim
2915 4591 2962 4638 in
2996 4593 3195 4652 patemo
3228 4604 3404 4639 monu-

1851 4673 2015 4718 mento
2040 4673 2126 4718 aut
2152 4683 2248 4718 non
2275 4668 2439 4718 suisset
2474 4668 2685 4729 positus,
2713 4668 2797 4716 aut
2831 4667 2956 4715 clam
2993 4666 3175 4728 positus
3205 4681 3293 4717 nec
3319 4681 3408 4717 co·

1851 4748 2068 4796 lumnam
2108 4746 2308 4808 adeptus
2341 4747 2488 4806 esset,
2533 4758 2688 4807 neque
2738 4742 3090 4805 inscriptionem
3132 4763 3145 4794 :
3186 4746 3238 4793 at
3274 4746 3404 4795 euim

1850 4823 2076 4871 columna
2095 4822 2240 4883 ipsius
2255 4820 2475 4882 sepulcro
2493 4820 2718 4882 imposito
2740 4831 2913 4867 nomen
2936 4819 3180 4881 scriptoris
3200 4820 3401 4870 indicat.

1851 4905 2034 4950 Verum
2050 4900 2169 4949 illud
2187 4901 2399 4959 constat,
2419 4898 2641 4948 exulibus
2658 4898 2706 4947 in
2728 4897 2931 4959 patriam
2950 4898 3176 4947 redeundi
3194 4901 3405 4960 potesta-

1852 4981 1949 5028 tem
1978 4978 2119 5026 tuisse
2142 4977 2345 5037 factam,
2370 4979 2425 5025 ut
2443 4980 2492 5025 et
2509 4974 2819 5025 Philochorus
2842 4977 3043 5023 testatur
3063 4978 3111 5023 et
3136 4977 3406 5025 Demetrius

1853 5058 2109 5106 Phalereus
2126 5057 2175 5104 in
2195 5055 2315 5104 libro
2334 5058 2405 5103 De
2423 5051 2733 5103 arclmntibus
2756 5052 3137 5103 Atheniensibus.
3174 5057 3270 5115 Ego
3287 5066 3403 5102 vero

1851 5138 2089 5197 Zopyrum
2110 5133 2277 5193 nugari
2309 5135 2450 5194 puto,
2487 5130 2569 5193 qui
2593 5129 2921 5192 Thucydidem
2958 5130 3093 5193 [non]
3128 5131 3175 5178 in
3200 5131 3404 5180 Thracia

1850 5214 2024 5261 obiisse
2038 5212 2163 5260 dioet
2188 5231 2199 5259 ι
2222 5211 2330 5259 licet
2352 5210 2607 5273 cratippus
2619 5222 2731 5258 eum
2751 5222 2865 5258 vere
2881 5210 3107 5280 locutum·
3119 5213 3325 5259 cenem.
