3900 6042
43 1319 44 1332 1

13 1447 30 1476 1-

13 1479 32 1496 P.

21 1555 44 1580 21*
59 1563 66 1572 ν

13 1641 46 1668 ..⁴-

12 1724 54 1738 a.»

15 1745 33 1755 a·

13 1814 18 1828 ,¹

13 1832 24 1841 ι

23 1877 32 1892 5

13 1900 26 1912 ‚1
51 1899 60 1906 ‹

12 1913 44 1929 i-‘c

13 1983 64 2020 ξ’·

13 2071 92 2288 ¹

13 2229 47 2278 α.

13 2332 36 2365 ε

13 2419 34 2452 u

12 4901 74 4972 tl*

63 4973 74 5000 ι

45 5029 64 5164 ι’

1521 487 2019 550 FRAGMENTA.

201 632 462 688 simbrotus
505 627 823 687 tradiderit.
854 631 1002 684 Num
1037 626 1263 682 Thasius
1287 625 1606 680 Samiorum
1629 623 1723 675 hi-

199 722 386 776 storiam
413 720 633 787 texuit,
664 736 736 773 an
758 717 965 770 librum
987 715 1202 787 scripsit
1225 711 1388 767 talem
1410 712 1526 766 fere
1544 751 1559 778 ‚
1587 728 1722 782 qua-

202 808 283 866 lem
307 804 545 864 Phanias
567 805 889 877 composuit
906 797 1190 877 Τυράννων
1222 791 1507 876 ἀναιρέσεις
1531 796 1724 851 inscri-

200 895 356 969 ptam?
375 897 465 952 De
483 904 678 947 morte
697 889 1007 962 Polycratis
1030 905 1084 942 v.
1107 888 1424 960 interprett.
1445 885 1515 939 ad
1539 885 1726 939 Hero-

203 981 291 1036 dot.
313 982 420 1048 111,
448 978 589 1046 1253
612 979 864 1034 Valerius
885 977 1036 1031 Max.
1061 975 1167 1042 VI,
1190 993 1256 1048 9,
1286 971 1342 1028 5.
1365 973 1625 1028 Ceterum
1648 970 1721 1025 ci.

199 1069 245 1126 L.
264 1067 474 1123 Lersch.
502 1068 597 1122 De
618 1064 939 1139 Fulgentio,
969 1064 1152 1119 Bonn.
1189 1058 1360 1128 1844,
1381 1077 1440 1133 p.
1469 1057 1563 1114 36.

648 1371 827 1430 ΠΕΡΙ
866 1369 1249 1430 ΤΕΛΕἸὮΝ.

907 1541 999 1598 13.

251 1717 422 1790 Etym.
447 1716 531 1773 M.
554 1733 619 1787 p.
642 1711 781 1781 465,
803 1712 875 1768 30
897 1731 911 1766 ι
937 1709 1123 1769 Ἰδαῖοι
1134 1707 1429 1779 ἐκλήθησαν
1452 1709 1500 1766 οἱ
1521 1707 1728 1767 Δάκτυ·

193 1804 257 1861 λοι
270 1800 339 1859 ὅτι
357 1804 392 1871 ἡ
410 1798 554 1864 κόνις
574 1799 646 1869 ἣν
671 1796 886 1878 ἔρριψαν
904 1799 1010 1872 (sc.
1032 1799 1065 1852 J
1069 1799 1188 1853 ovis
1211 1798 1481 1871 nutrices)
1513 1795 1565 1861 ἐξ
1582 1793 1728 1865 Ἴδης

196 1880 259 1959 ἧν.
285 1884 682 1965 Στησίμὸροτος
708 1883 764 1943 δὲ
803 1886 856 1941 ἕν
882 1885 959 1963 τῷ
983 1883 1143 1962 Περὶ
1170 1882 1444 1939 τελετῶν
1484 1881 1604 1949 Διὸς
1639 1882 1730 1939 καὶ

197 1974 314 2047 Ἴδης
329 1973 528 2054 νύμφης
549 1971 739 2037 αὖτοὺς
759 1969 938 2048 λέγει’
959 1970 1112 2049 φησὶν
1136 1967 1214 2026 ὅτι
1239 1966 1366 2034 Ζεὺς
1386 1966 1620 2027 ἐκέλευσε
1638 1967 1729 2034 τὰς

198 2061 307 2127 ἰδίας
331 2059 545 2140 τροφοὺς
559 2057 748 2117 λαὸεἶν
772 2056 911 2116 κόνιν
936 2056 1024 2114 καὶ
1047 2058 1193 2136 ῥῖψαι
1219 2057 1288 2121 εἰς
1310 2053 1539 2113 τοῦπισω
1560 2055 1650 2113 καὶ
1670 2057 1730 2113 ἐκ

197 2152 274 2220 τῆς
291 2147 471 2212 κόνεως
498 2144 744 2223 γενέσθαι
765 2141 882 2211 τοὺς
911 2143 1128 2209 Ἰδαίους
1149 2142 1463 2208 Δακτύλους.

261 2235 389 2292 Post
404 2234 547 2312 λέγει
566 2237 825 2290 lacunam
851 2233 1110 2289 indicavi.
1134 2234 1356 2288 Nomen
1376 2234 1619 2288 auctoris
1639 2251 1733 2287 ne-

194 2325 296 2379 scio
321 2325 471 2395 cujus
498 2322 769 2378 excidisse
797 2320 1037 2378 videtur.
1076 2319 1160 2376 cf.
1193 2317 1472 2374 Welcker.
1519 2322 1726 2394 Trilog.

192 2429 246 2483 p.
277 2430 398 2485 1793
424 2409 684 2466 Lobeck.
711 2407 988 2481 Aglaoph.
1011 2425 1069 2480 p.
1109 2426 1131 2460 1
1151 2405 1279 2462 158.

259 2499 520 2572 Apollon.
549 2495 744 2552 Rhod.
775 2496 833 2564 1,
870 2512 1019 2568 ¹¹²9
1043 2513 1058 2547 :

255 2652 517 2713 Δάκτυλοι
539 2651 720 2711 Ἰδαῖοι
754 2648 1037 2730 Κρηταιέες
1051 2694 1069 2725 ,
1090 2647 1176 2716 οὖς
1196 2671 1323 2707 ποτε
1345 2646 1518 2729 νύμφη

256 2740 507 2820 Ἀγχιάλη
531 2743 780 2799 Δικταῖον
809 2736 905 2795 ἀνὰ
932 2735 1086 2804 σπέος
1099 2782 1116 2811 ‚
1145 2734 1494 2816 ἀμφοτέρῃσιν

254 2826 552 2909 δραξαμένη
574 2826 726 2905 γαίης
749 2823 988 2892 Οἰαξίδος
1001 2868 1018 2897 ,
1038 2823 1377 2896 ἐὸλοίστησεν.

171 2976 262 3033 Ad
286 2978 407 3033 haec
431 2977 611 3035 schol.
642 2994 656 3030 ε
681 2970 812 3032 Ὀτι
844 2968 898 3029 δὲ
926 2969 1099 3051 νύμφη
1121 2994 1199 3037 τις
1224 2968 1464 3038 Οἰαξίδος
1481 2974 1576 3048 γῆς
1602 2972 1734 3052 δρα-

169 3058 378 3137 ξαμένη
393 3061 512 3127 τοὺς
536 3057 888 3134 καλουμένους
918 3057 1140 3125 Ἰδαίους
1165 3057 1460 3125 Δακτύλους
1484 3057 1696 3128 ἐποίησε
1711 3102 1729 3135 ‚

165 3143 320 3225 παρὰ
372 3145 775 3226 Στησιμὸρότου
826 3143 1032 3225 εἴληφε·
1075 3144 1167 3203 καὶ
1210 3143 1288 3202 ὅτι
1329 3143 1414 3202 διὰ
1459 3143 1520 3203 τὸ
1555 3147 1736 3225 ῥυῆναι

167 3234 366 3300 αὖτοὺς
391 3233 479 3293 διὰ
507 3237 612 3291 τῶν
637 3235 847 3312 χειρῶν,
875 3232 1134 3291 Δάκτυλοι
1162 3234 1437 3302 κληθῆναι.
1467 3233 1739 3312 Σοφοκλῆς

164 3319 224 3379 δὲ
243 3322 264 3402 (
272 3324 348 3380 fr.
377 3324 517 3400 71²)
540 3319 723 3386 αὐτοὺς
738 3319 957 3400 Φρύγας
980 3321 1131 3378 καλεῖ
1150 3321 1202 3378 ἐν
1231 3319 1437 3399 Komoi<
1458 3318 1734 3398 Σατύροις.

245 3411 338 3467 cf.
361 3414 542 3466 Varro
557 3408 709 3483 apud
731 3411 886 3466 Serv.
908 3408 982 3463 ad
994 3410 1146 3483 Virg.
1163 3409 1281 3463 Ecl.
1302 3410 1351 3475 1,
1375 3408 1450 3462 66
1475 3426 1490 3462 ι
1516 3432 1538 3457 κ
1558 3410 1737 3463 Varro

163 3496 248 3552 ait
290 3515 307 3550 ε
357 3497 516 3568 Quos
534 3514 740 3568 magno
757 3495 1032 3550 Anchiale
1047 3508 1244 3569 partus
1278 3495 1524 3550 adducta
1553 3496 1740 3550 dolore

163 3585 245 3639 Et
255 3591 506 3656 geminis
521 3590 748 3657 capiens
771 3585 1020 3638 tellurem
1047 3584 1316 3639 OEaxida
1337 3586 1549 3656 palmis
1579 3580 1739 3661 (Edi-

164 3673 254 3725 «fit
273 3676 334 3726 in
367 3674 553 3730 Creta.
574 3673 642 3726 V.
659 3672 823 3727 Poet.
843 3672 977 3728 Min.
1001 3682 1137 3728 tom.
1165 3673 1234 3739 V,
1251 3690 1311 3744 p.
1335 3671 1366 3726 3
1383 3713 1399 3740 ,
1417 3690 1476 3746 p.
1502 3671 1693 3745 1412).
1715 3696 1738 3720 ι·

164 3759 577 3816 -Diotnedes
593 3759 840 3815 Gramm.
873 3760 986 3826 111,
1011 3776 1071 3831 p.
1103 3764 1214 3827 [074
1232 3761 1294 3814 P.
1322 3765 1545 3813 :Aiunt
1563 3759 1737 3832 Opem

169 3851 228 3898 in
269 3849 442 3902 Idam
483 3859 717 3901 montem
757 3846 959 3900 insula·
1000 3845 1181 3901 Cretoe
1191 3843 1470 3919 fugv'enclo
1495 3846 1741 3900 delatam

169 3951 378 3989 manus
402 3953 534 3989 suas
551 3938 866 4006 imposuisse
882 3945 1180 3987 memorato
1198 3938 1371 3988 monti
1387 3945 1443 3987 et
1461 3938 1539 3987 sic
1557 3929 1745 4002 infan-

167 4030 284 4074 tem
327 4011 516 4095 ipsum
547 4021 805 4086 edIdisse,
862 4032 921 4074 et
961 4039 1037 4074 ex
1081 4037 1344 4074 manuum
1391 4025 1745 4094 impressione

166 4114 465 4164 emer-siae
493 4108 722 4164 Cla-etas
746 4112 856 4162 sive
893 4105 1262 4174 Corybanta-5,
1296 4127 1429 4181 quos
1467 4127 1505 4162 a
1549 4113 1745 4162 montis

164 4200 400 4252 nomine
413 4208 473 4251 et
492 4214 532 4252 a
548 4197 820 4268 qualitate
832 4190 990 4264 sacti
1009 4195 1197 4248 Idoeos
1212 4196 1474 4267 Dae-tylos
1490 4198 1744 4268 appella·

165 4294 322 4339 nme.
353 4313 433 4325 --
460 4281 570 4339 Καὶ
592 4277 672 4337 ὅτι
695 4279 742 4341 δ.
764 4301 818 4339 τ.
853 4282 928 4360 §.J
959 4283 1086 4336 llaec
1114 4281 1186 4336 ad
1215 4301 1336 4337 eam
1365 4283 1745 4337 narrationem

167 4379 462 4442 spectant,
483 4388 556 4425 ex
583 4387 696 4442 qua
716 4370 936 4441 Dactyli
962 4387 993 4424 e
1012 4368 1169 4440 jactu
1193 4370 1439 4445 pulveris
1460 4369 1746 4442 Nympha·

170 4477 304 4513 rum
323 4459 522 4534 digitis
537 4459 709 4533 sparsi
724 4459 840 4512 nati
860 4459 1244 4532 nominatique
1259 4458 1545 4516 dicuntur.
1562 4461 1748 4530 Quare

171 4545 342 4617 plura
363 4546 637 4602 videntur
659 4547 888 4613 omissa;
916 4557 972 4600 et
987 4546 1266 4599 scholiast.
1291 4555 1346 4599 et
1361 4547 1548 4617 Etym.
1573 4546 1649 4602 M.
1678 4563 1747 4599 ex

175 4633 383 4689 codem
416 4634 573 4690 sonte
600 4644 874 4706 corrupto
900 4649 998 4688 sua
1025 4633 1233 4688 habere
1257 4632 1555 4706 probabile
1581 4643 1683 4690 est.

783 4821 882 4884 DE.
916 4822 1166 4878 lNl'rnS.

245 4960 321 5007 ¹3.
354 4956 709 5009 stenmbmms
725 4955 777 5006 in
793 4954 918 5003 mm
941 4957 1010 5005 ne
1028 4955 1174 5006 initiis
1196 4955 1349 5005 nanos
1375 4956 1601 5018 memus
1618 4955 1753 5006 sovts

184 5037 231 5084 et
250 5035 348 5086 lde
363 5036 596 5098 ngmphae
615 5034 746 5084 filios
760 5032 896 5082 dicit.

247 5113 392 5171 Quod
415 5113 633 5176 nympha
660 5109 894 5176 quaedam
923 5109 1177 5160 OEaxidem
1200 5114 1378 5160 terram
1398 5109 1619 5160 manibus
1642 5123 1751 5173 pre-

187 5188 396 5240 hoedens
428 5191 583 5240 {deos
610 5187 852 5250 Dactyloe
868 5185 1006 5243 enixa
1022 5187 1110 5251 sit,
1145 5187 1195 5244 id
1213 5186 1488 5254 Apollonius
1509 5201 1536 5236 a
1554 5187 1750 5241 stenim-

188 5267 326 5323 θεοῖο
341 5271 596 5327 matuatus
615 5267 713 5322 at<

3287 496 3361 546 5⁷

2548 623 2637 682 14.

1892 722 2094 780 Strabo
2122 725 2206 792 X,
2232 741 2288 797 p.
2318 729 2429 794 472
2458 742 2471 777 ε
2497 715 2625 779 Ἔτι
2653 717 2707 777 δὲ
2734 717 2933 799 Κρόνου
2955 716 3087 785 τινὲς
3107 717 3220 786 τοὺς
3253 723 3367 781 Ko-

1817 807 2101 888 ρύὸαντας,
2125 811 2171 866 οἱ
2200 807 2254 865 δὲ
2276 814 2368 866 τοῦ
2390 807 2511 874 Διὸς
2540 805 2629 865 καὶ
2658 805 2959 876 Καλλιόπης
2983 805 3109 886 φασὶ
3132 805 3248 872 τοὺς
3277 809 3368 864 αὗ·

1814 892 1930 959 τοὺς
1952 897 2058 959 τοῖς
2083 890 2359 971 Καὸείροις
2383 891 2556 964 ὄντας,
2582 892 2820 950 ἀπελθεῖν
2854 890 2908 948 δὲ
2931 893 3139 957 τούτους
3165 893 3235 958 εἰς
3256 894 3370 954 Σα-

1817 979 2099 1059 μοθρᾴκην,
2119 979 2444 1055 καλουμένην
2471 977 2718 1058 πρότερον
2751 977 2983 1057 μελίτην·
3021 977 3115 1044 τὰς
3139 977 3193 1037 δὲ
3226 979 3368 1058 προί-

1816 1066 1913 1134 ξεις
1934 1068 2104 1124 αὐτῶν
2126 1064 2379 1142 μυστικὰς
2414 1058 2565 1123 εἶναι.
2588 1067 2639 1124 T
2641 1070 2775 1123 αὔτα
2799 1065 2847 1122 δ’
2877 1066 2972 1123 οὔκ
2999 1063 3371 1141 ἀποδεξάμενος

1817 1157 1844 1212 ὁ
1882 1151 2117 1232 Σκήψιος
2152 1157 2180 1212 ὁ
2209 1153 2325 1220 τοὺς
2358 1152 2548 1229 μύθους
2570 1152 2778 1219 τούτους
2814 1152 3138 1231 συναγαγὼν,
3168 1155 3238 1220 ὥς
3267 1177 3370 1230 μη-

1819 1237 1955 1304 δενὸς
1993 1240 2046 1295 ἐν
2089 1238 2411 1322 Σαμοθρᾴκῃ
2452 1243 2704 1314 μυστικοῦ
2739 1236 2895 1314 λόγου
2923 1238 3043 1318 περὶ
3095 1236 3372 1318 Καὸείρων

1817 1326 2127 1402 λεγομένω,
2160 1325 2506 1405 παρατίθησιν
2544 1323 2683 1402 ὅμως
2719 1325 2814 1384 καὶ
2843 1326 3241 1405 Στησιμὸρότου
3279 1334 3369 1387 τοῦ

1819 1413 2028 1473 Θασίου
2048 1411 2219 1486 δόξαν,
2234 1416 2303 1479 ὣς
2325 1413 2392 1470 τὰ
2415 1415 2469 1471 ἕν
2491 1411 2814 1494 Σαμοθρᾴκῃ
2833 1412 2948 1493 ἱερὰ
2970 1422 3074 1479 τοῖς
3096 1412 3373 1497 Καὸείροις

1817 1502 2108 1559 ἐπετελεῖτο
2125 1520 2139 1535 ·
2164 1501 2436 1558 καλεῖσθαι
2465 1500 2521 1557 δί
2547 1521 2701 1580 φησιν
2728 1499 2910 1566 αὐτοὺς
2933 1500 3123 1567 ἐκεῖνος
3149 1501 3255 1560 ἀπὸ
3282 1511 3374 1563 τοῦ

1817 1585 1963 1668 ὄρους
1978 1591 2068 1645 τοῦ
2092 1590 2144 1646 ἐν
2164 1586 2475 1667 Βερεκυντίᾳ
2500 1585 2780 1664 Καὸείρου.

1895 1680 2047 1751 Lege
2100 1679 2265 1732 etiam
2325 1695 2449 1749 quae
2492 1675 2865 1748 antecedunt,
2879 1695 2973 1751 ap.
3019 1677 3373 1733 Strabonem.

1826 1787 1850 1812 α
1874 1765 2129 1835 Quorum
2147 1764 2289 1832 haec,
2306 1774 2371 1817 ut
2392 1762 2653 1834 conjicio,
2679 1765 2948 1817 sententia
2973 1771 3084 1818 est:
3108 1763 3377 1818 Nonnulli

1818 1851 2162 1923 Corybantes
2187 1850 2492 1924 (incertum
2517 1868 2711 1904 omnes
2732 1868 2803 1905 an
2829 1846 3099 1904 duntaxat
3123 1852 3347 1926 aliquos
3356 1851 3373 1924 )

1819 1939 1878 1992 in
1894 1939 2333 1994 Samothraciam
2352 1937 2550 1995 abiisse
2565 1946 2899 2005 memorant,
2921 1948 2981 1991 et
2995 1954 3108 1993 esse
3131 1936 3376 2006 eosdem,

1820 2028 1917 2098 qui
1939 2025 2002 2081 in
2023 2027 2129 2080 hac
2154 2027 2329 2080 insula
2354 2024 2541 2080 Cabiri
2560 2025 2943 2093 nominentur,
2969 2023 3096 2093 sed,
3125 2027 3255 2097 quia
3277 2026 3381 2080 Co-

1818 2114 2120 2187 rybantum
2139 2114 2517 2188 phrygiorum
2536 2113 2626 2168 vel
2644 2113 2989 2168 Cretensium
3013 2108 3221 2186 πράξεις
3243 2113 3302 2169 h.
3327 2131 3377 2171 c.

1821 2219 1994 2274 opera
2022 2211 2079 2256 et
2102 2191 2406 2254 ministeria
2436 2202 2689 2255 omnium
2716 2217 2973 2254 sermone
2998 2200 3377 2267 celebrantur,

1822 2287 1893 2342 de
1912 2287 2307 2342 Samothraciis
2328 2291 2513 2342 autem
2533 2285 2947 2358 Corybantibus
2963 2284 3103 2338 nihil
3119 2286 3382 2353 innotuit,

1822 2372 2013 2427 dicere
2036 2374 2216 2428 coacti
2238 2383 2368 2427 sunt
2389 2369 2482 2436 τὰς
2511 2368 2719 2448 πράξεις
2743 2370 2914 2427 αὐτῶν
2940 2368 3192 2444 μυστικὰς
3220 2357 3373 2425 εἶναι.

1822 2458 1891 2513 Id
1930 2471 2114 2514 autem
2145 2461 2440 2533 impugnat
2464 2459 2813 2532 Demetrius»,
2851 2460 2910 2512 in
2938 2459 3214 2530 mysteriis
3242 2458 3382 2511 nihil

1823 2545 1896 2600 de
1923 2546 2265 2602 Cabirorum
2294 2546 2460 2601 rebus
2489 2547 2652 2620 gestis
2673 2544 2846 2613 tradi,
2876 2562 3059 2617 neque
3082 2555 3145 2598 nt
3166 2545 3383 2601 Rheam

1822 2633 2071 2688 comitati
2102 2633 2241 2701 sint,
2283 2651 2469 2705 neque
2496 2643 2559 2686 ut
2586 2633 2791 2687 Jovem
2822 2631 3213 2703 Bacchumque
3237 2632 3384 2687 edu-

1824 2721 2103 2787 caverint,
2145 2718 2390 2792 ideoque
2416 2720 2628 2773 nullam
2658 2736 2877 2773 causam
2918 2735 3032 2772 esse
3069 2736 3170 2772 cur
3196 2718 3383 2774 Cabiri

1822 2807 1996 2862 iidem
2035 2805 2381 2879 Corybantes
2428 2823 2541 2861 esse
2577 2804 2898 2860 credantur.
2936 2804 3159 2860 Miilleri
3209 2804 3385 2879 (Pro-

1826 2896 1975 2966 legg.
2015 2912 2074 2967 p.
2113 2892 2254 2968 150)
2287 2892 2610 2965 conjectura
2636 2911 2744 2965 pro
2771 2889 2987 2967 μηδενὸς
3015 2895 3267 2965 μυστικοῦ
3294 2892 3384 2950 λό-

1822 3000 1916 3053 γου
1939 2978 2059 3056 περὶ
2091 2976 2364 3058 Καὸείρῳν
2390 2978 2502 3053 λεγ.
2528 2979 2911 3034 substituentis
2931 2975 3052 3056 περὶ
3073 2977 3381 3057 Κουρήτων,

1825 3086 1944 3122 non
1970 3069 2155 3122 solum
2175 3067 2328 3139 justo
2374 3067 2665 3134 audacior,
2707 3066 2804 3122 sed
2847 3067 3014 3121 etiam
3041 3085 3073 3121 a
3110 3067 3384 3124 Demetrii

1825 3156 2340 3229 argumentatione,
2369 3172 2494 3228 quae
2536 3164 2655 3209 tota
2698 3154 2759 3208 in
2785 3155 3055 3209 Curetum
3092 3156 3385 3228 Coryban-

1826 3250 2023 3296 tumve
2054 3252 2110 3297 et
2142 3242 2481 3298 Cabirorum
2516 3240 2876 3296 distinctione
2897 3253 3168 3310 versatur,
3207 3243 3388 3299 aliena

1824 3328 2083 3396 videtnr3
2114 3345 2245 3382 nam
2274 3326 2433 3400 quod
2458 3328 2711 3399 sequitur
2746 3326 2794 3382 οἱ
2836 3322 2891 3381 δὲ
2925 3322 3155 3394 Ἑκάτης
3184 3325 3387 3403 προπό-

1826 3414 1947 3478 λους
1981 3411 2247 3489 νομίζωσι
2276 3409 2390 3478 τοὺς
2418 3412 2692 3491 Κουρῆτας
2713 3409 2830 3477 τοὺς
2858 3407 3043 3477 αὐτοὺς
3068 3412 3175 3478 τοῖς
3205 3411 3383 3492 Κορύ-

1828 3502 1981 3558 6ασιν
2018 3499 2197 3570 ὄντας,
2224 3502 2287 3557 id
2312 3501 2600 3557 Strabonis
2635 3500 3079 3556 additamentum
3119 3513 3230 3574 est,
3272 3522 3387 3576 quo

1829 3591 2155 3645 inchoatum
2180 3589 2252 3644 de
2268 3589 2566 3644 Curetibus
2582 3605 2898 3643 sermonem
2919 3588 3176 3644 absolvit.
3197 3589 3388 3645 Nihilo

1829 3678 2007 3751 magis
2031 3676 2222 3750 probo
2252 3675 2410 3748 quod
2434 3676 2528 3731 alii
2559 3676 2953 3748 subsequentia
2978 3676 3148 3731 verba
3172 3675 3391 3755 παρατί-

1830 3767 1978 3832 θησιν
2001 3760 2145 3838 ὁμοί
2154 3785 2230 3826 ως
2247 3764 2549 3818 sollicitant
2572 3758 2713 3835 ὅμως
2740 3774 3144 3837 praeoptantes3
3173 3783 3303 3820 nam
3331 3767 3392 3820 il-

1829 3851 1930 3907 lud
1963 3847 2151 3925 ὁμοίως
2187 3849 2433 3905 refertur
2472 3850 2547 3905 ad
2590 3850 2965 3923 praecedentia
2996 3851 3024 3905 ὁ
3052 3846 3168 3915 τοὺς
3204 3849 3393 3924 μύθους

1832 3932 2138 4013 συναγαγὼν
2156 3934 2389 4012 τούτους,
2409 3947 2704 4009 totumque
2719 3939 3067 3991 enuntiatum
3087 3937 3197 3991 hoc
3211 3939 3388 3995 valet:

1831 4027 2140 4080 Demetrius
2166 4037 2229 4079 ut
2258 4036 2441 4080 cetera
2464 4044 2593 4097 φησι·
2618 4025 2727 4078 huc
2740 4031 3050 4097 pertinent,
3104 4029 3183 4078 ita
3222 4031 3389 4079 etiam

1831 4113 1873 4168 S
1876 4114 2165 4167 tesImbmtt‘
2192 4118 2517 4168 sententiam
2561 4123 2959 4176 commemorat,
2996 4129 3162 4164 sacra
3195 4111 3390 4165 Samo-

1833 4199 2047 4254 thracia
2077 4196 2396 4254 Cabimrum
2436 4203 2493 4252 in
2519 4197 2777 4253 honorem
2808 4201 3051 4251 instituta
3087 4213 3229 4261 esse,·
3264 4213 3392 4268 quae

1835 4286 2189 4342 Stesimbroti
2206 4281 2325 4349 δόξα
2347 4286 2468 4340 ruit.
2491 4286 2639 4340 Hinc
2651 4286 3013 4356 perspicuum
3028 4281 3089 4336 fit
3103 4301 3221 4336 non
3240 4282 3391 4336 idem

1836 4391 2033 4427 omnes
2044 4375 2297 4440 sensisse3
2320 4369 2760 4427 dissentientium
2778 4388 2914 4425 vero
2932 4389 3047 4424 non
3069 4370 3171 4423 alia
3196 4369 3392 4441 opinio

1833 4478 1947 4515 esse
1971 4460 2189 4531 potuit,
2220 4476 2390 4531 quam
2422 4475 2486 4513 ea
2516 4475 2671 4512 sacra
2698 4473 2821 4530 qnae
2848 4453 2961 4532 ἱερὰ
2994 4451 3266 4532 Καὸείρων
3304 4455 3390 4510 di·

1835 4555 2052 4614 cantur,
2079 4545 2191 4599 hoc
2220 4561 2430 4598 nomen
2456 4543 2664 4599 habere
2696 4544 2829 4616 quia
2864 4561 2897 4598 a
2924 4543 3137 4598 Cabiris
3164 4541 3392 4596 condita

1835 4641 1893 4687 et
1912 4631 2288 4686 administrata
2320 4631 2559 4699 fuerint,
2581 4648 2699 4685 non
2719 4630 2850 4703 quia
2873 4629 3209 4686 Cabirorum
3233 4647 3393 4684 causa

1902 4879 1989 4929 Alii
2004 4880 2301 4948 Corybantes
2321 4879 2514 4929 Saturni
2532 4880 2716 4941 prolem
2736 4879 2946 4941 iaciunt3
2975 4880 3090 4928 sunt
3107 4878 3189 4942 qui
3208 4881 3331 4929 Jove
3347 4882 3396 4932 et

1843 4957 2058 5020 Calliope
2074 4960 2212 5007 natos
2231 4958 2511 5018 autument,
2537 4957 2729 5008 eosdem
2747 4970 2860 5006 cum
2878 4956 3060 5007 cabiris
3082 4975 3094 5005 ε
3114 4969 3292 5019 eosque
3312 4971 3395 5006 ve-.

1840 5037 1967 5085 nisse
1988 5036 2038 5085 in
2058 5037 2429 5098 Samothracen,
2457 5049 2568 5099 quoe
2598 5040 2738 5087 antea
2769 5036 2933 5086 Melita
2949 5035 3077 5086 dicta
3100 5036 3195 5085 sit:
3229 5048 3398 5095 eornm

1839 5111 2051 5162 actiones
2075 5125 2178 5162 ense
2194 5114 2437 5175 mysticas.
2459 5115 2577 5162 Haec
2592 5126 2690 5162 non
2711 5113 2918 5174 probans
2940 5112 3270 5175 (Demetrius)
3289 5116 3395 5162 Sce-

1840 5189 1995 5250 psim,
2018 5188 2101 5251 qui
2119 5188 2303 5239 sabinas
2333 5190 2448 5239 istas
2470 5189 2684 5252 collegit,
2722 5189 2836 5252 quia
2858 5189 2908 5238 in
2926 5189 3235 5250 Samothrace
3265 5190 3400 5249 nulla

1838 5264 1900 5314 de
1917 5264 2102 5320 cabiris
2111 5265 2308 5328 mystica
2320 5266 2528 5316 narratio
2544 5267 2737 5324 seratur,
2755 5265 3051 5317 Stesimbroti
3063 5269 3224 5317 tamen
3242 5267 3404 5327 Thasii
