3900 6042
554 424 669 478 2⁴6
1723 415 2161 475 DtcAEARcflt
2209 416 2494 477 MEssEN
2509 417 2556 475 ΙΙ

551 545 914 611 daemonium,
933 543 1267 616 discipulum
1287 545 1590 600 Aristarchi
1606 585 1621 612 ,
1644 562 1840 600 verum
1869 544 2098 601 dubita-

2188 545 2276 602 δου
2294 590 2311 619 ‚
2336 547 2405 610 ὡς
2425 543 2778 623 Ἀριστοτέλης
2799 545 2887 602 καὶ
2908 542 3253 622 Ἡρακλείδης
3280 542 3374 600 καὶ
3395 543 3734 624 Δικαίαρχος.

550 634 765 686 tionem
804 641 1026 698 movet,
1061 631 1218 703 quod
1253 642 1459 703 praeter
1489 630 1716 687 Suidam
1753 650 1920 687 nemo
1953 634 2098 687 ullus
2185 635 2267 689 Ex
2288 636 2374 688 his
2406 637 2555 688 enim
2577 652 2695 688 non
2720 633 2898 705 liquet
2935 650 3073 687 num
3090 645 3335 707 uterque
3359 635 3583 703 titulus,
3621 632 3738 708 περὶ

550 718 714 790 hujus
757 718 1061 773 Aristarchi
1110 720 1455 773 mentionem
1496 717 1657 785 sacit;
1712 737 1835 772 nec.
1857 719 2097 773 multum
2187 715 2426 795 Ὁμήρου
2464 718 2553 775 καὶ
2597 716 2718 796 περὶ
2765 717 3080 795 Εὐριπίδου,
3110 738 3185 774 an
3233 721 3379 774 alter
3411 730 3635 774 tantum
3670 718 3738 774 ad

551 802 745 860 absum
775 805 914 876 quin
940 805 1182 876 probem
1216 805 1589 877 suspicionem
1615 805 1806 859 Fuhrii
1829 804 1912 877 (p.
1936 805 2031 879 60)
2079 824 2093 858 z

551 915 574 939 ιι
602 890 889 961 Ejusmodi
908 892 1359 964 grammaticum,
1381 892 1457 944 ait
1472 931 1487 958 ,
1512 889 1776 944 exstitisse
1794 891 1837 943 si
1858 892 1983 962 quis
1999 909 2099 946 ne·

550 988 772 1050 gai-etet
781 976 1006 1032 Suidam
1019 975 1178 1049 quod
1186 976 1422 1049 protulit
1434 971 1839 1046 Λακεδαιμόνιος
1850 987 1905 1029 et
1915 976 2098 1052 ἀκροα-

550 1060 643 1130 τὴς
671 1061 1012 1141 Ἀριστάρχου
1056 1066 1289 1118 omnino
1324 1061 1543 1117 finxisse
1581 1073 1872 1129 statueret,
1917 1065 2098 1135 prima

2185 809 2450 861 Nostrum
2475 808 2769 881 pertineat.

2882 936 2952 991 33
2983 957 3036 993 a.

2268 1075 2454 1131 Schol.
2486 1077 2656 1130 Hom.
2695 1074 2808 1130 Od.
2838 1094 2906 1140 α,
2940 1073 3049 1129 333
3079 1092 3112 1128 e
3138 1074 3270 1129 cod.
3304 1074 3464 1129 Harl.
3500 1073 3657 1143 5674
3685 1075 3739 1126 in

554 1150 786 1222 quidem
813 1153 996 1224 specie
1023 1151 1350 1205 temeritatis
1380 1151 1594 1204 crimen
1624 1150 1854 1205 subiret.
1898 1154 1972 1204 At
2008 1149 2102 1203 de·
2188 1159 2439 1215 (gg-„meri
2479 1160 2694 1217 Anecd„
2724 1162 2892 1216 paris,
2934 1161 3048 1229 111,
3096 1179 3156 1234 p,
3195 1167 3309 1225 422
3344 1179 3358 1212 :
3393 1160 3646 1215 Αζῃᾶταῑ
3681 1159 3736 1214 ἐκ

554 1238 852 1291 monstrari
894 1235 1119 1290 sortasse
1166 1245 1380 1307 potest,
1432 1240 1532 1306 qui
1575 1236 1783 1290 sactum
1829 1236 1997 1290 suerit
2039 1247 2102 1289 ut
2189 1249 2290 1302 τῶν
2323 1246 2464 1301 effi„
2496 1243 2691 1302 tofi-mm
2731 1243 3046 1322 Δικαίαρχος
3071 1243 3164 1312 143„
3194 1245 3323 1322 παρ’
3358 1241 3589 1321 Ὁμήρῳ
3619 1247 3739 1312 nn.

554 1322 752 1378 suidas
774 1323 847 1378 de
873 1323 1236 1397 grammatico
1265 1323 1612 1389 Dicaearcho,
1635 1340 1817 1394 eoque
1849 1322 2103 1379 Lacedae-

553 1410 749 1463 monio
769 1421 825 1463 et
836 1408 1140 1464 Aristarchi
1157 1407 1433 1479 discipulo
1446 1408 1737 1480 cogitaret.
1752 1402 2106 1463 Dicaearchus

554 1496 853 1550 Messenius
880 1497 1246 1568 ⁴aliquantum
1297 1495 1566 1567 temporis
1608 1495 1669 1547 in
1714 1495 2102 1568 Peloponneso

553 1583 572 1653 (
594 1583 711 1640 Cic.
735 1582 824 1637 Ad
849 1586 963 1637 Att.
994 1584 1069 1637 VI
1089 1623 1104 1650 ,
1131 1600 1163 1635 2
1184 1581 1202 1655 )
1226 1591 1280 1634 et
1298 1623 1312 1649 ,
1336 1581 1394 1635 id
1414 1580 1572 1654 quod
1592 1599 1766 1653 quum
1788 1600 1892 1654 per
1909 1600 1966 1636 se
1987 1593 2104 1635 tum

553 1668 683 1722 ideo
713 1668 872 1740 quod
906 1669 1182 1723 civitatem
1208 1667 1535 1738 Spartanam
1559 1661 1923 1738 descripserat
1945 1667 2100 1720 colli·

555 1772 686 1825 gere
723 1754 855 1809 licet
873 1796 888 1826 ,
919 1753 1085 1808 etiam
1112 1755 1320 1826 Spartae
1344 1754 1555 1806 vixerat
1579 1752 1800 1823 ibique,
1833 1751 2107 1824 quemad-

556 1840 793 1894 modum
826 1843 993 1896 etiam
1021 1839 1137 1911 ejus
1160 1839 1231 1893 de
1263 1838 1461 1912 Sparta
1493 1839 1638 1892 liber
1661 1839 1885 1910 publica
1909 1841 2106 1894 recita·

557 1929 712 1982 tione
736 1946 912 1999 eaque
941 1927 1239 1998 quotannis
1256 1924 1592 1978 instituenda
1613 1924 1815 1997 dignus
1828 1923 2107 1994 judicatus

557 2025 665 2080 est,
710 2015 934 2067 civitate
978 2014 1247 2084 Spartana
1292 2012 1531 2065 donatus
1574 2010 1806 2064 sortasse
1853 2010 2036 2066 suerat
2089 2031 2103 2065 ε

557 2100 709 2153 unde
738 2095 1143 2171 Λακεδαιμόνιος
1163 2098 1433 2170 appellari
1457 2099 1663 2169 potuit.
1689 2096 1866 2167 Quam
1889 2100 2107 2171 egregie

556 2196 741 2239 autem
784 2187 1153 2261 γραμματικοῦ
1199 2202 1515 2257 cognomen
1558 2182 1634 2236 ad
1674 2184 2106 2255 Peripateticum

557 2271 823 2347 quadret,
860 2291 928 2327 ex
953 2274 1123 2327 literis
1151 2270 1267 2342 ejus
1293 2282 1348 2325 et
1373 2270 1569 2325 studiis
1599 2272 1726 2324 satis
1752 2272 2106 2343 perspicuum

557 2369 654 2415 est.
690 2359 925 2415 Accedit
965 2359 1122 2432 quod
1166 2358 1362 2414 Suidas
1405 2369 1657 2412 nostrum
1686 2358 2102 2426 Dicaearchum,

558 2464 673 2517 quo
704 2446 833 2499 loco
865 2444 936 2500 de
975 2462 1045 2499 eo
1086 2444 1257 2499 verba
1297 2443 1456 2512 facit,
1486 2443 1586 2497 illo
1624 2443 1962 2516 cognomine
1989 2460 2108 2496 non

557 2532 762 2586 affecit.
812 2533 1115 2586 Aristarchi
1147 2542 1331 2586 autem
1377 2529 1696 2585 auditorem
1738 2546 1861 2583 eam
1894 2530 2108 2601 potissi·

555 2636 709 2673 mum
740 2618 817 2674 ob
847 2636 1065 2674 causam
1105 2619 1351 2673 statuisse
1380 2616 1621 2683 videtur,
1666 2614 1825 2688 quod
1864 2615 2109 2669 Dicaear-

557 2707 692 2761 chus
712 2733 793 2749 --
816 2718 1008 2761 utrum
1033 2716 1218 2760 autem
1240 2706 1310 2768 ὡς
1338 2703 1392 2758 ἐν
1421 2700 1635 2779 παρόδῳ
1665 2720 1736 2756 an
1761 2718 1830 2755 ex
1852 2700 2108 2774 professo

556 2793 617 2846 id
646 2793 840 2847 fecerit
865 2811 982 2847 non
1025 2791 1285 2846 discerno
1320 2821 1398 2831 -
1427 2789 1632 2843 criticae
1672 2797 1964 2842 contextus
1993 2789 2108 2841 Ho-

558 2882 755 2934 merici
785 2880 1096 2934 recensioni
1124 2878 1421 2933 studuerit.
1452 2874 1522 2930 Id
1564 2875 1713 2928 enim
1741 2875 1920 2927 solum
1950 2874 2107 2945 quod

554 2966 906 3020 Dicaearchus
924 2966 1223 3020 lectionem
1241 2963 1539 3036 proposuit
1562 2961 1650 3014 vel
1673 2958 2106 3028 commendavit,

556 3070 725 3123 quam
746 3052 1093 3106 Aristarchus
1111 3050 1316 3104 deinde
1340 3046 1759 3120 comprobavit,
1788 3045 1860 3100 ad
1882 3044 2109 3100 creden·

557 3138 695 3191 dum
714 3154 1071 3191 commovere
1094 3136 1189 3189 vix
1215 3136 1431 3207 potuit,
1462 3132 1766 3187 Aristarchi
1792 3130 2106 3186 auditorem

556 3223 715 3275 illum
759 3222 940 3278 fuisse.
988 3222 1056 3276 In
1100 3221 1219 3275 aliis
1261 3220 1506 3292 denique
1548 3218 1871 3272 nominibus
1911 3217 2109 3273 Suidas

554 3311 807 3363 similiter
846 3327 915 3364 ex
944 3326 1059 3362 uno
1101 3307 1244 3361 duos
1286 3306 1471 3361 effecit
1504 3306 1825 3378 scriptores,
1870 3331 1892 3352 ι
1929 3305 2106 3359 Simili

556 3395 730 3451 modo
748 3395 965 3467 judicat
983 3397 1233 3451 Osannus
1260 3395 1295 3448 l.
1325 3394 1361 3449 l.
1398 3412 1418 3447 1
1437 3412 1502 3464 ¹7
1527 3411 1611 3465 sq.

634 3484 757 3536 Jam
782 3499 920 3536 vero
952 3482 1162 3536 etiamsi
1197 3498 1305 3554 pro
1335 3490 1489 3535 certo
1512 3498 1789 3554 ponamus
1827 3480 2107 3534 Aristote-

562 3565 726 3622 licum
765 3568 1149 3624 Dicaearchum
1197 3567 1267 3622 ab
1318 3565 1630 3641 Apollonio
1675 3566 1946 3641 spectari,
1988 3566 2100 3620 hoc

556 3667 746 3709 tamen
795 3656 1074 3710 incertum
1116 3665 1333 3722 manet,
1381 3666 1575 3709 utrum
1617 3654 1887 3728 peculiari
1931 3670 2105 3725 opere

560 3742 858 3796 Homerica
895 3758 993 3796 sua
1036 3740 1371 3814 protulerit,
1420 3760 1492 3796 an
1527 3760 1630 3815 per
1678 3741 1892 3812 reliqua
1931 3756 2105 3811 opera

556 3826 822 3899 dispersa.
868 3828 1019 3882 Nihil
1045 3826 1351 3901 profeceris
1390 3845 1421 3882 e
1462 3827 1763 3884 Plutarcho
1792 3827 1923 3881 Non
1944 3843 2106 3898 posse

556 3930 705 3968 suav.
737 3914 849 3968 vivi
872 3933 932 3988 p.
967 3913 1136 3987 1095,
1160 3915 1251 3968 A:
1277 3911 1357 3971 Οὔ
1384 3909 1532 3990 γὰρ*
1506 3935 1569 3969 αν
1593 3913 1810 3980 ἐπηλθεν
1839 3910 2012 3974 αὐτοῖς
2036 3908 2106 3973 εἷς

504 4022 517 4041 a
557 4002 671 4053 νοῦν
710 3999 963 4074 βαλέσθαι
997 3997 1090 4065 τὰς
1133 3997 1326 4079 τυφλὰς
1366 3996 1564 4063 ἐκείνας
1599 3997 1689 4056 καὶ
1730 3993 1896 4061 νωδὰς
1931 3995 2104 4075 ψηλα-

557 4106 737 4162 φησεις
768 4085 859 4144 καὶ
893 4084 1231 4157 ἐπιπηδήσεις
1257 4107 1347 4144 του
1392 4084 1685 4143 ἀκολάστου
1715 4081 2100 4160 μεμαθηκόσιν,

557 4174 599 4227 εἰ
619 4170 780 4247 μηδὲν
809 4172 965 4245 ἄλλο,
992 4174 1207 4253 γράφειν
1236 4172 1356 4252 περὶ
1376 4170 1614 4252 Ὀμήρου
1633 4169 1862 4249 καὶπερὶ
1888 4167 2104 4248 Εὐριπί-

2190 1331 2410 1401 νελόπην
2424 1353 2439 1367 ·

2313 1451 2373 1500 Ἢ
2392 1450 2430 1498 δ’
2451 1450 2527 1499 ὅτε
2552 1451 2607 1507 δὴ
2635 1456 2895 1513 μνηστῆρας
2918 1451 3104 1513 ἀφίκετο
3131 1452 3208 1499 δῖα
3228 1456 3495 1512 γυκαικῶν,

2313 1526 2400 1579 στῆ
2426 1522 2484 1583 ῥα
2506 1522 2634 1579 παρὰ
2655 1520 2861 1581 σταθμὸν
2881 1521 3036 1576 τέγεος
3061 1521 3188 1569 πύκα
3209 1524 3428 1577 ποιητοῖο

2314 1589 2683 1651 div-:ammaim

2193 1692 2282 1749 καὶ
2332 1689 2399 1748 τὰ
2427 1688 2560 1761 ἑξῆς.
2598 1691 2861 1766 Οὐδαμῶς
2889 1689 2988 1770 γὰρ
3017 1688 3266 1748 εὔτακτον
3308 1678 3442 1747 εἶναί
3480 1712 3612 1764 φησι
3651 1690 3740 1759 τὴν

2199 1777 2509 1850 Πηνελόπην
2544 1780 2726 1857 πρῶτα
2754 1777 2848 1853 μὲν
2868 1775 2948 1833 ὅτι
2975 1776 3104 1856 πρὸς
3137 1776 3230 1846 τὴν
3261 1776 3422 1854 θύραν
3455 1780 3547 1847 τῆς
3577 1779 3739 1851 αὐλῆς

2194 1863 2534 1943 παραγίνεται
2563 1863 2876 1940 νεανίσκοις,
2906 1863 3087 1921 ἔπειτα
3113 1866 3190 1944 τῷ
3217 1863 3494 1943 κρηδέμνῳ
3516 1865 3590 1920 τὰ
3617 1864 3736 1923 κάλ-

2195 1952 2347 2008 λιστα
2377 1948 2511 2029 με’ρη
2535 1954 2623 2008 τοῦ
2651 1948 2930 2028 προσώπου
2959 1949 3272 2029 καλύψασα,
3305 1948 3422 2015 τοὺς
3447 1947 3740 2029 ὀφθαλμοὺς

2196 2037 2378 2113 μόνους
2394 2033 2714 2117 ἀπολε[ίπει]
2735 2039 3061 2114 θεωρεῖσθαι·
3084 2035 3348 2114 περίεργος
3359 2035 3459 2114 γὰρ
3473 2040 3508 2105 ἡ
3527 2035 3736 2101 τοιαύτη

2196 2123 2582 2204 σχηματοποιία
2617 2124 2707 2181 καὶ
2733 2121 3110 2228 προσποίητος,
3150 2122 3186 2194 ἥ
3210 2146 3268 2180 τε
3291 2125 3623 2202 παράστασις
3643 2126 3737 2182 τῶν

2196 2210 2571 2290 θεραπαινίδων
2600 2209 2869 2290 ἑκάτερθεν
2899 2213 2970 2276 εἷς
2996 2210 3057 2267 τὸ
3092 2213 3208 2267 κατ’
3249 2208 3432 2288 ἐξοχὴν
3472 2210 3738 2268 φαίνεσθαι

2196 2299 2389 2370 καλὴν,
2414 2301 2507 2356 οὐκ
2531 2297 2927 2368 ἀνεπιτήδευτον
2959 2286 3205 2356 δείκνυσι.
3238 2295 3431 2373 Φαμὲν
3459 2320 3548 2354 ουν
3577 2296 3658 2354 ὅτι
3682 2298 3738 2354 τὸ

2197 2345 2415 2444 καθόλόυ
2432 2383 2539 2451 ἔθος
2552 2385 2751 2460 ἀγνοεῖν
2767 2382 2925 2442 ἔοικεν
2941 2386 2969 2440 ὁ
2982 2382 3317 2462 Δικαίαρχος.
3336 2390 3733 2459 Argumentum

2197 2475 2359 2547 hujus
2398 2475 2693 2549 fragmenti
2726 2484 2807 2528 est
2849 2472 3151 2544 ejusmodi,
3172 2484 3236 2527 ut
3262 2474 3322 2526 in
3346 2475 3482 2529 vitae
3520 2474 3736 2528 Graeciae

2195 2572 2354 2636 parte
2375 2580 2437 2617 ea
2451 2602 2466 2630 ‚
2484 2579 2595 2634 qua
2610 2561 2848 2615 heroicae
2869 2561 3039 2614 aetatis
3060 2578 3246 2614 mores
3259 2558 3733 2626 describebantur,

2197 2660 2323 2722 apte
2347 2648 2536 2702 locum
2562 2647 2770 2702 habere
2796 2648 3064 2719 potuerit.

2278 2735 2377 2788 His
2401 2733 2637 2805 subjicio
2664 2750 2787 2805 quae
2813 2732 3066 2787 Osannus
3091 2732 3129 2787 l.
3171 2731 3210 2785 l.
3237 2750 3299 2804 p.
3338 2750 3360 2786 1
3378 2730 3444 2785 18
3471 2749 3505 2785 e
3543 2730 3732 2787 codice

2197 2820 2393 2874 Italico
2423 2828 2716 2873 tractatum
2750 2820 2837 2872 De
2870 2819 3038 2890 signis
3078 2818 3383 2872 Aristarchi
3426 2819 3732 2872 continente

2199 2924 2365 2960 excel
2367 2906 2520 2978 psit
2553 2901 2667 2971 Τὴν
2696 2900 2751 2958 δὲ
2771 2899 2978 2973 ποίησιν
3002 2902 3443 2978 ἀναγινώσκεσθαι
3464 2903 3525 2958 ci:
3502 2927 3590 2969 ,ιοι
3570 2900 3728 2961 Zai-

2198 3011 2357 3095 πυρος
2380 2993 2407 3045 ὁ
2431 2988 2649 3065 Μάγνης
2675 2988 2874 3048 Αἰολίδι
2911 2987 3196 3046 διαλέκτω·
3216 3010 3278 3045 το
3304 2988 3348 3045 δ’
3371 2988 3495 3046 αὐτο
3521 2988 3608 3046 καὶ
3642 2992 3730 3048 Δι-

2199 3098 2466 3154 καῑαρχθς.

2678 3219 2856 3278 ΠΕΡΙ
2902 3219 3268 3277 ΑΛΚΑΙΟΥ.

2275 3361 2431 3433 Opus
2461 3361 2547 3414 De
2574 3359 2791 3426 Alcaeo,
2816 3370 3086 3430 quantum
3110 3376 3140 3412 e
3169 3357 3489 3432 fragmentis
3519 3360 3723 3431 colligi·

2200 3458 2313 3515 tur,
2345 3445 2775 3500 commentarius
2801 3455 2922 3498 erat
2942 3445 3000 3498 in
3027 3444 3198 3501 Alcaei
3228 3446 3473 3500 carmina
3494 3446 3720 3518 exegeti-

2199 3552 2296 3588 cus
2334 3533 2686 3602 criticusque.
2718 3531 2997 3585 Praemissa
3037 3529 3208 3584 suerit
3247 3530 3324 3585 de
3353 3532 3468 3585 vita
3499 3540 3555 3585 et
3579 3529 3722 3603 poesi

2197 3620 2365 3674 Alcaei
2391 3617 2720 3673 dissertatio.

2919 3754 3015 3818 34.

2277 3910 2571 3964 Athenaeus
2591 3910 2725 3976 XV,
2770 3927 2831 3981 p.
2863 3907 3006 3977 668,
3036 3909 3080 3962 E
3121 3927 3134 3961 ε
3173 3903 3303 3965 “Ort
3331 3904 3387 3963 δὲ
3420 3905 3716 3964 ἐσπούδαστο

2195 3991 2340 4073 παρὰ
2368 4001 2471 4058 τοῖς
2503 3992 2840 4058 Σικελιώταις
2872 3996 2900 4050 δ
2934 3990 3215 4068 κότταὸος,
3248 3994 3403 4063 δῆλον
3433 3996 3490 4051 ἐκ
3520 4016 3601 4051 του
3633 4013 3712 4048 και

2196 4078 2462 4155 οἰκήματα
2511 4079 2779 4149 ἐπιτήδεια
2821 4082 2887 4156 τῇ
2917 4079 3102 4157 παιδιᾷ
3134 4079 3629 4154 κατασκευάζεσθαι,
3651 4078 3714 4138 ὣς

2194 4168 2389 4247 ἱστορει
2412 4165 2729 4244 Δικαίαρχος
2755 4167 2807 4223 ἐν
2834 4168 2910 4245 τῷ
2942 4165 3075 4244 Περὶ
3104 4164 3362 4225 Ἀλκαίου.

1260 4360 1328 4409 33
1352 4369 1401 4409 a.

617 4456 936 4517 Reprehendit
958 4457 1264 4506 Dicaearchus
1286 4456 1545 4517 Penelopen
1560 4491 1575 4515 ,
1600 4454 1754 4516 qualis
1775 4453 1900 4516 apud
1927 4457 2104 4504 Home-

555 4545 665 4579 rum
683 4533 756 4580 est
769 4569 782 4590 .
804 4535 998 4595 propter
1021 4545 1186 4582 versus
1204 4534 1347 4582 hosce
1370 4546 1384 4580 :

668 4626 774 4667 naec
793 4635 901 4668 vero
922 4628 1102 4679 quando
1127 4625 1221 4677 jam
1248 4622 1303 4666 ad
1322 4633 1483 4679 procos
1504 4625 1685 4667 venerat
1703 4620 1853 4665 divina
1874 4621 2049 4673 mulier,

660 4692 781 4735 stetit
797 4693 925 4746 juxta
946 4695 1117 4747 postem
1134 4690 1293 4734 domus
1318 4689 1485 4733 affabre
1505 4693 1712 4740 structae,

661 4761 784 4816 genis
801 4762 1106 4818 (praetendem
1124 4760 1275 4804 tenuia
1294 4758 1582 4811 redimicula)
1760 4818 1765 4823 ¹

557 4842 606 4888 et
627 4852 737 4901 qum
772 4844 1058 4902 sequuntur.
1087 4839 1283 4889 Minime
1315 4839 1442 4887 euim
1471 4837 1720 4888 decentem
1758 4838 1809 4886 et
1841 4836 2106 4886 modestam

559 4916 755 4977 dicit,se
782 4916 1045 4978 Penelopen
1074 4916 1312 4978 praebere,
1336 4916 1512 4976 quippe
1539 4927 1650 4975 qum
1678 4914 1889 4975 primum
1910 4911 2106 4975 quidem

2193 4333 2414 4396 spectari.
2447 4334 2664 4394 lneptam
2681 4333 2810 4380 enim
2831 4332 2977 4381 talem
3010 4332 3202 4381 habitus
3224 4331 3600 4394 compositionem
3623 4340 3711 4377 ense

2191 4410 2574 4471 affectatamque.
2597 4412 2743 4458 Porro
2759 4408 2892 4470 quod
2906 4407 3078 4457 ancilla
3095 4408 3156 4456 ab
3174 4411 3382 4471 utroque
3402 4409 3540 4457 latere
3553 4405 3706 4463 adstet,

2191 4488 2321 4537 haud
2337 4488 2592 4536 minimum
2605 4500 2663 4535 eo
2677 4486 2834 4535 facere
2847 4487 3085 4548 ostendit,
3101 4488 3157 4535 ut
3171 4489 3308 4536 tanto
3327 4487 3472 4549 magis
3484 4484 3706 4544 Peneiopoe

2192 4566 2418 4613 venustas
2434 4564 2656 4613 emineat.
2673 4562 2819 4613 Nobis
2833 4563 3024 4625 ignarus
3042 4564 3206 4626 utique
3225 4577 3413 4612 morum
3434 4561 3706 4611 rationisesse

2193 4641 2497 4691 Dicaearchus
2520 4640 2729 4689 videtur.

2747 4718 2848 4777 DE
2892 4719 3187 4778 ALCAEO.

2257 4916 2441 4977 Insigne
2459 4915 2673 4965 studium
2692 4916 2743 4964 in
2774 4834 3151 4964 cottabiiudum
3183 4916 3441 4965 contulisse
3474 4913 3700 4963 Siculone:

559 4995 618 5042 ad
642 4994 766 5043 aulae
785 4996 973 5057 portam
1005 4994 1207 5055 juvenes
1224 4994 1503 5052 conveniat,
1523 4992 1695 5042 deinde
1721 4994 1884 5041 autem
1904 4992 2010 5041 velo
2033 5005 2111 5041 ve·
2194 5006 2252 5042 eo
2287 4995 2507 5055 apparet,
2531 4991 2662 5055 quod
2694 4992 2839 5041 etiam
2864 4991 3109 5041 conclavia
3134 4993 3246 5040 huic
3270 4991 3388 5041 ludo
3409 4990 3613 5053 adaptat·
3637 4997 3704 5034 ex·

560 5071 881 5120 niistissimam
919 5071 1053 5143 facici
1087 5072 1269 5131 partem
1305 5069 1523 5131 obtegat,
1548 5070 1807 5130 oculosque
1833 5070 1959 5118 solos
1985 5068 2109 5118 sinat
2194 5071 2486 5130 struxerint,
2507 5073 2561 5120 ut
2583 5071 2885 5120 Dicaearchus
2902 5069 3047 5119 tradit
3069 5070 3116 5119 iu
3136 5070 3258 5119 libro
3281 5074 3355 5121 De
3386 5070 3552 5120 Alea-o.
