3900 6042
572 467 675 518 1³2

562 585 712 663 κυρία
735 584 778 641 δ’
804 582 1001 648 οὐδενός
1021 585 1158 640 ἐστιν
1179 579 1344 653 ἀλλ’ἢ
1376 582 1778 662 συνεπιψηφίσαι
1798 567 2104 660 τᾶιδόξαντα

563 680 665 736 τοῖς
693 668 898 749 γέρουσι
926 668 1015 727 καὶ
1043 677 1146 734 τοῖς
1183 670 1413 745 κόσμοις.
1437 667 1525 727 Τὰ
1545 667 1641 742 μὲν
1681 660 1769 725 οὖν
1794 673 1897 727 τῶν
1928 693 2105 730 συσσι-

565 759 688 816 τίων
716 757 823 834 ἔχει
859 755 1057 835 βέλτιον
1085 760 1187 821 τοῖς
1218 755 1418 834 Κρησὶν
1447 754 1481 825 ἢ
1510 763 1611 820 τοῖς
1635 755 1880 814 Λάκωσιν
1898 779 1912 794 ·
1941 761 1994 816 ἐν
2015 758 2109 832 μὲν

566 844 667 923 γὰρ
711 842 1062 919 Λακεδαίμονι
1112 842 1248 900 κατὰ
1289 841 1518 921 κεφαλὴν
1555 842 1768 907 ἕκαστος
1800 843 2021 923 εἰσφέρει
2050 846 2109 903 τὸ

566 930 901 1006 τεταγμένον·
936 934 979 986 εἰ
1009 930 1062 986 δὲ
1088 929 1161 1003 μὴ
1182 974 1198 1004 ,
1227 927 1464 1006 μετέχειν
1494 927 1646 1003 νόμος
1675 927 1862 986 κωλύει
1890 935 1980 999 τῆς
2004 954 2099 989 πο·

568 1018 756 1082 λιτείας
773 1063 786 1087 ,
823 1017 1059 1097 καθάπερ
1082 1017 1281 1095 εἴρηται
1307 1016 1395 1073 καὶ
1415 1014 1677 1093 πρότερον.
1704 1014 1795 1074 Ἐν
1825 1015 1877 1073 δὲ
1922 1018 2107 1096 Κρήτῃ

567 1105 863 1182 κοινοτέρως
888 1128 900 1139 ·
928 1104 1031 1161 ἀπὸ
1057 1105 1265 1162 πάντων
1305 1101 1405 1181 γὰρ
1447 1104 1549 1158 τῶν
1577 1101 1858 1178 γινομένων
1895 1108 2108 1182 καρπῶν

571 1213 621 1247 τε
652 1190 739 1248 καὶ
783 1192 1155 1268 βοσκημάτων,
1180 1190 1269 1247 καὶ
1295 1191 1353 1246 ἐκ
1379 1192 1480 1245 τῶν
1511 1188 1769 1263 δημοσίων
1797 1188 1885 1246 καὶ
1913 1189 2081 1269 φόρων
2098 1235 2113 1262 ,

569 1277 651 1342 οὒς
671 1277 911 1355 φέρουσιν
940 1280 987 1334 ot
1015 1275 1296 1354 περίοικοι,
1334 1273 1577 1332 τέτακται
1603 1272 1755 1354 μέρος
1776 1274 1835 1332 τὸ
1861 1275 1955 1350 μὲν
1984 1275 2110 1355 πρὸς

566 1362 682 1429 τοὺς
704 1364 844 1428 θεοὺς
868 1362 1071 1430 καὶτὰς
1091 1362 1263 1427 κοινὰς
1290 1360 1640 1440 λειτουργίαςξ
1654 1361 1713 1419 τὸ
1733 1360 1785 1418 δὲ
1813 1370 1915 1428 τοῖς
1932 1385 2111 1421 συσσι·

564 1449 711 1526 τίοις,
743 1450 877 1507 ὥστε
924 1453 982 1508 ἐκ
1009 1454 1181 1508 κοινοῦ
1209 1447 1480 1528 τρέφεσθαι
1519 1447 1718 1511 πάντας
1744 1447 1834 1504 καὶ
1864 1450 2110 1525 γυναῖκας

567 1535 656 1592 καὶ
681 1537 875 1601 παῖδας
897 1538 986 1593 καὶ
1009 1535 1215 1613 ἄνδρας.
1269 1538 1334 1610 (ὅ)
1363 1535 1506 1613 Πρὸς
1532 1534 1586 1591 δὲ
1605 1534 1699 1603 τὴν
1715 1535 2027 1610 ὀλιγοσιτίαν
2046 1540 2114 1601 ὡς

565 1621 823 1701 ὠφέλιμον
852 1621 1022 1680 πολλὰ
1052 1621 1460 1700 πεφιλοσόφηκεν
1486 1624 1514 1678 ὁ
1536 1619 1840 1696 νομοθέτης,
1876 1620 1965 1677 καὶ
1990 1619 2116 1699 πρὸς

565 1708 660 1777 τὴν
684 1708 935 1775 διάζευξιν
956 1711 1061 1765 τῶν
1089 1711 1368 1783 γυναικῶν,
1395 1706 1480 1764 ἵνα
1511 1707 1584 1781 μὴ
1612 1707 1985 1776 πολυτεκνῶσι,
2016 1706 2110 1777 τὴν

567 1795 692 1872 πρὸς
715 1796 831 1860 τοὺς
849 1795 1065 1875 ἄρρενας
1092 1794 1314 1865 ποιήσας
1340 1794 1563 1870 ὁμιλίαν,
1589 1794 1706 1869 περὶ
1730 1785 1816 1864 ἧς,
1841 1795 1885 1850 εἰ
1907 1793 2116 1872 φαύλως

565 1880 598 1949 ἢ
629 1880 702 1955 μὴ
731 1880 972 1961 φαύλως,
1015 1880 1184 1959 ἕτερος
1213 1880 1360 1939 ἔσται
1394 1885 1483 1938 τοῦ
1511 1878 1889 1957 διασκέψασθαι
1919 1880 2113 1958 καιρός.

565 1964 693 2025 ’Ότι
707 1967 761 2025 δὲ
778 1968 845 2025 τὰ
861 1967 1062 2046 περὶτὰ
1083 1967 1323 2025 συσσίτια
1342 1965 1541 2044 βέλτιον
1564 1964 1810 2023 τέτακται
1835 1973 1937 2031 τοῖς
1968 1969 2115 2044 Κρη-

567 2051 648 2109 σὶν
675 2051 709 2123 ἢ
734 2062 839 2119 τοῖς
869 2053 1084 2112 Λάκωσι
1105 2097 1121 2127 ,
1147 2053 1382 2132 φανερόν.
1411 2051 1495 2112 Τὰ
1524 2051 1577 2109 δὲ
1608 2051 1725 2129 περὶ
1752 2051 1868 2116 τοὺς
1894 2051 2116 2128 κόσμους

568 2137 644 2193 ἔτι
677 2142 848 2215 χεῖρον
871 2143 972 2196 τῶν
1002 2138 1227 2217 ἐφόρων·
1267 2138 1408 2213 ὃμὲν
1436 2137 1535 2215 γὰρ
1585 2136 1694 2214 ἔχει
1729 2137 1889 2195 κακὸν
1919 2137 1984 2195 τὸ
2011 2142 2114 2196 τῶν

570 2221 763 2300 ἐφόρων
784 2227 1012 2301 ἀρχεῖον,
1039 2222 1267 2303 ὑπάρχει
1302 2227 1393 2282 καὶ
1421 2223 1616 2281 τούτων
1635 2247 1647 2258 ·
1676 2222 1901 2300 γίνονται
1928 2223 2029 2304 γὰρ
2063 2229 2109 2283 οἱ

568 2307 832 2386 τυχόντες·
856 2309 884 2366 ὃ
900 2310 943 2367 δ’
960 2312 1071 2367 ἐκεῖ
1083 2310 1331 2388 συμφέρει
1352 2309 1479 2387 πρὸς
1496 2308 1592 2378 τὴν
1609 2309 1892 2383 πολιτείαν,
1913 2312 2114 2369 ἐνταῦθ’

568 2397 660 2452 οὐκ
687 2395 846 2456 ἔστιν.
877 2397 1022 2457 Ἐκεῖ
1039 2396 1131 2470 μὲν
1153 2396 1273 2475 γὰρ,
1297 2396 1382 2453 διὰ
1404 2395 1463 2453 τὸ
1485 2394 1580 2465 τὴν
1601 2393 1795 2473 αἵρεσιν
1819 2398 1878 2454 ἐκ
1904 2396 2112 2456 πάντων

566 2472 726 2558 εἶναι,
757 2483 1049 2563 μετέχων-ὁ
1093 2485 1253 2558 δῆμος
1283 2488 1375 2554 τῆς
1405 2483 1652 2559 μεγίστης
1683 2484 1847 2563 ἀρχῆς
1873 2481 2114 2561 βούλεται

567 2566 738 2642 μένειν
751 2569 845 2640 τὴν
863 2571 1144 2629 πολιτείαν·
1162 2572 1379 2628 ἐνταῦθα
1396 2572 1443 2627 δ’
1464 2571 1558 2626 οὐκ
1577 2568 1629 2636 ἐξ
1645 2569 1886 2627 ἁπάντων
1907 2571 2113 2648 αἱροῦν-

1627 417 2116 511 Ams'ro‘rsms
2176 447 2668 508 FRAGMENTA.

2205 583 2263 638 ἐκ
2284 582 2386 637 τῶν
2407 576 2824 653 κεκοσμηκότων.
2860 577 2925 653 (o)
2970 577 3099 654 Περὶ
3128 567 3204 634 ὧν
3238 575 3358 643 τοὺς
3383 577 3558 644 αὐτοὺς
3582 579 3636 635 ἄν
3656 602 3715 645 τις

2201 667 2335 728 εἴποι
2354 665 2532 741 λόγους
2560 664 2649 721 καὶ
2677 664 2795 742 περὶ
2834 666 2935 719 τῶν
2964 665 3015 719 ἐν
3040 663 3414 740 ’Λακεδαίμονι
3435 666 3714 742 γινομένων·

2200 753 2258 809 τὸ
2281 750 2381 829 γὰρ
2414 749 2757 808 ἀνυπεύθυνον
2787 748 2956 806 καὶτὸ
2987 750 3072 806 διὰ
3102 749 3243 825 βίου,
3272 751 3450 826 μεῖζόν
3470 753 3574 808 ἐστι
3593 751 3719 830 γέρας

2198 843 2289 909 τῆς
2311 836 2456 904 ἀξίας
2481 837 2685 908 αὐτοῖς,
2728 836 2816 892 καὶ
2846 835 2904 892 τὸ
2935 836 3007 910 μὴ
3025 834 3175 912 ,κατὰ
3213 837 3505 915 γράμματα
3544 837 3717 917 ἄρχειν,

2200 926 2314 982 ἀλλ’
2344 923 2769 999 αὐτογνώμονας,
2800 923 3098 1002 ἐπισφαλές.
3189 925 3272 983 Τὸ
3298 924 3344 981 δ’
3370 923 3635 1002 ἡσυχάζειν
3659 927 3718 997 μὴ

2201 1011 2485 1089 μετέχοντα
2505 1010 2590 1068 τὸν
2625 1012 2807 1084 δῆμον,
2832 1012 2973 1067 οὐδὲν
2999 1019 3218 1086 σημεῖον
3247 1016 3339 1068 τοῦ
3369 1011 3603 1088 τετάχθαι
3633 1035 3713 1069 κα-

2199 1101 2325 1163 λῶς·
2350 1096 2464 1155 οὐδὲ
2503 1096 2603 1174 γὰρ
2630 1096 2907 1171 λήμματός
2936 1120 2987 1153 τι
3015 1102 3121 1162 τοῖς
3149 1098 3368 1172 κόσμοις
3392 1141 3406 1166 ,
3432 1095 3597 1174 ὥσπερ
3622 1099 3708 1160 τοῖς

2201 1183 2399 1263 ἐφόροις
2416 1228 2432 1254 ,
2459 1183 2635 1261 πόρρω
2653 1183 2703 1256 γ’
2726 1185 3027 1240 ἀποικοῦσιν
3048 1185 3099 1240 ἐν
3123 1182 3275 1262 νήσῳ
3295 1186 3399 1241 τῶν
3422 1183 3717 1260 διαφθερούν-

2200 1292 2323 1331 των.
2368 1271 2477 1330 ‘liv
2503 1271 2556 1327 δὲ
2580 1273 2848 1327 ποιοῦνται
2870 1273 2962 1338 τῆς
2982 1269 3249 1347 ἁμαρτίας
3276 1268 3466 1341 ταύτης
3493 1269 3714 1348 ἰατρείαν,

2203 1356 2392 1422 ἄτοπος
2415 1356 2504 1414 καὶ
2532 1357 2591 1413 οὗ
2615 1354 2890 1428 πολιτικὴ,
2916 1355 3051 1413 ἀλλὰ
3085 1353 3484 1425 δυναστευτική.
3513 1355 3568 1432 (7)
3594 1355 3717 1413 Πολ-

2200 1443 2348 1508 λάκις
2374 1443 2475 1521 γὰρ
2506 1442 2817 1500 ἐκὸάλλουσι
2842 1441 3120 1508 συστάντες
3147 1442 3287 1507 τινὲς
3313 1440 3427 1507 τοὺς
3466 1442 3665 1517 κόσμους
3687 1438 3715 1506 ἢ

2202 1532 2303 1586 τῶν
2333 1526 2693 1607 συναρχόντων
2713 1530 2881 1586 αὐτῶν
2902 1527 2937 1598 ἢ
2961 1531 3065 1586 τῶν
3090 1530 3341 1588 ἰδιωτῶν.
3359 1525 3560 1593 Ἔξεστι
3581 1525 3626 1582 δὲ
3645 1525 3717 1583 καὶ

2210 1613 2401 1690 μεταξὺ
2425 1623 2531 1682 τοῖς
2554 1613 2770 1690 κόσμοις
2800 1617 3040 1672 ἀπειπεῖν
3068 1614 3164 1684 τὴν
3196 1613 3389 1693 ἀρχήν.
3469 1617 3637 1673 Ταῦτα
3660 1610 3712 1679 δὴ

2205 1701 2378 1759 πάντα
2409 1701 2609 1780 βέλτιον
2637 1700 2870 1778 γίνεσθαι
2888 1699 3026 1759 κατὰ
3048 1701 3211 1777 νόμον
3235 1699 3271 1771 ἢ
3299 1699 3435 1757 κατὰ
3467 1698 3714 1778 ἀνθρώπων

2207 1787 2454 1866 βούλησιν
2479 1811 2490 1825 ·
2526 1792 2583 1846 οὐ
2611 1788 2713 1867 γὰρ
2735 1787 2973 1866 ἀσφαλὴς
3002 1791 3030 1845 ὁ
3048 1787 3245 1846 κανών.
3291 1786 3507 1845 Πάντων
3532 1787 3580 1843 δὲ
3599 1808 3707 1864 φαυ·

2201 1875 2414 1933 λότατον
2443 1875 2503 1932 τὸ
2540 1879 2633 1944 τ’ἥς
2670 1875 2924 1952 ἀκοσμίας
2971 1878 3074 1932 τῶν
3117 1876 3375 1945 δυνατῶν,
3396 1873 3460 1943 ἣν
3486 1869 3715 1930 σῦνιστᾶσι

2203 1961 2473 2032 πολλάκις,
2503 1961 2625 2018 ὅταν
2646 1960 2719 2035 μὴ
2747 1959 2890 2026 δίκας
2921 1960 3217 2037 βούλωνται
3239 1961 3415 2018 δοῦναι
3438 1982 3450 1995 ·
3479 1951 3513 2036 ᾗ
3536 1957 3615 2015 καὶ
3639 1958 3715 2023 δῆ-

2203 2051 2315 2121 λον,
2333 2051 2402 2113 ὡς
2421 2047 2529 2125 ἔχει
2551 2069 2602 2104 τι
2617 2045 2879 2112 πολιτείας
2898 2050 2932 2115 ἡ
2957 2045 3116 2115 τάξις,
3130 2048 3251 2104 ἀλλ’
3266 2048 3324 2105 οὐ
3339 2045 3561 2103 πολιτεία
3581 2042 3712 2110 ἐστὶν,

2204 2133 2342 2192 ἀλλὰ
2383 2133 2662 2192 δυναστεία
2711 2134 2929 2208 μᾶλλον.
2980 2131 3219 2191 Emeum
3257 2132 3312 2189 δὲ
3361 2130 3709 2205 διαλαμὸάνον-

2202 2243 2283 2287 τες
2314 2219 2401 2278 τὸν
2447 2221 2609 2297 δῆμον
2648 2218 2739 2277 καὶ
2770 2217 2886 2283 τοὺς
2920 2220 3091 2299 φίλους
3134 2217 3425 2299 μοναρχίαν
3451 2225 3600 2275 ποιεῖν
3637 2215 3709 2272 καὶ

2205 2307 2501 2374 στασιάζειν
2535 2305 2625 2364 καὶ
2648 2303 2909 2384 μάχεσθαι
2935 2305 3064 2385 πρὸς
3092 2305 3375 2376 ἀλλήλους.
3400 2307 3461 2382 (s)
3486 2302 3650 2363 Καίτοι
3672 2300 3712 2355 τί

2205 2392 2438 2474 διαφέρει
2463 2394 2525 2452 τὸ
2560 2398 2786 2451 τοιοῦτον
2811 2391 2845 2462 ἢ
2869 2392 2953 2450 διὰ
2986 2391 3122 2458 τινὸς
3152 2393 3342 2473 χρόνου
3384 2391 3560 2467 μηκέτι
3588 2387 3709 2445 πόλιν

2206 2472 2336 2538 εἶναι
2363 2479 2458 2550 τὴν
2480 2479 2745 2551 τοιαύτην,
2778 2479 2912 2538 ἀλλὰ
2933 2479 3147 2537 λύεσθαι
3166 2480 3262 2550 τὴν
3282 2477 3540 2546 πολιτικὴν
3556 2497 3711 2532 κοινω-

2204 2567 2352 2639 νίαν;
2397 2566 2556 2626 Ἔστι
2595 2567 2641 2624 δ’
2679 2565 2994 2631 ἐπικίνδυνος
3035 2565 3199 2633 οὕτως
3242 2566 3432 2644 ἔχουσα
3467 2565 3598 2626 ,πόλις
3628 2562 3709 2617 τῶν

565 2675 652 2711 ται
668 2656 781 2722 τοὺς
792 2657 1015 2733 κόσμους
1029 2701 1045 2727 ,
1061 2658 1177 2714 ἀλλ’
1200 2659 1258 2714 ἐκ
1277 2661 1428 2715 τινῶν
1437 2659 1618 2732 γενῶν,
1644 2653 1734 2713 καὶ
1751 2654 1867 2721 τοὺς
1876 2653 2118 2733 γέροντας
2220 2653 2542 2731 βουλομένων
2563 2653 2879 2712 ἐπιτίθεσθαι
2900 2654 2987 2711 καὶ
3007 2653 3324 2728 δυναμένων·
3347 2650 3493 2710 ἀλλὰ.
3516 2650 3712 2714 καθάπερ

570 2822 823 2874 uiatoribus
848 2825 899 2871 et
921 2824 1094 2871 cosmis
1123 2821 1328 2871 decretae
1354 2825 1467 2871 sunt
1486 2857 1502 2882 ‚
1533 2821 1758 2882 sut't'ragio
1794 2820 2112 2881 comproban-

566 2899 756 2947 «larum.
775 2902 800 2947 J
806 2912 884 2946 am
905 2911 1018 2947 vero
1036 2898 1168 2959 quod
1192 2898 1253 2945 ad
1271 2898 1489 2946 convivia
1507 2897 1699 2959 publica
1716 2897 1917 2956 attinet,
1942 2895 2116 2944 melius

569 2976 652 3023 ilia
680 2975 896 3022 instituta
932 2977 1046 3021 sunt
1080 2972 1208 3034 apud
1239 2976 1515 3033 Cretenses,
1553 2985 1699 3035 quam
1734 2971 1862 3033 apud
1888 2974 2114 3021 Lacones.

569 3050 911 3098 Lacedaemone
928 3049 1053 3098 enim
1069 3051 1252 3096 confert
1270 3051 1471 3110 quisque
1495 3063 1579 3110 per
1595 3048 1751 3110 capita
1791 3047 1839 3095 id
1853 3047 1982 3109 quod
1998 3060 2116 3108 prae-

569 3128 756 3175 smitum
775 3140 832 3175 ac
853 3126 1184 3188 praescriptum
1207 3127 1279 3173 est
1302 3145 1312 3172 :
1334 3126 1466 3187 quod
1482 3127 1631 3175 sinon
1655 3126 1834 3183 fecerit,
1858 3138 1941 3185 per
1966 3125 2115 3185 legem

569 3197 843 3264 reipublicae
873 3215 974 3250 esse
1007 3201 1246 3262 particeps
1280 3214 1374 3250 non
1418 3204 1602 3263 potoet,
1629 3200 2035 3262 quemadmodum
2067 3201 2117 3248 et

569 3285 684 3328 ante
701 3280 886 3328 ‹lictum
919 3281 1010 3327 est.
1032 3274 1418 3328 CretensesOero
1441 3277 1770 3338 communius,
1795 3276 1842 3325 id
1869 3280 1940 3326 est
1969 3289 2116 3340 popu-

569 3358 730 3406 lariuS.
760 3361 878 3406 Nam
901 3369 962 3404 ex
979 3355 1201 3404 omnibus
1221 3356 1452 3405 fructibus
1476 3361 1526 3406 et
1546 3355 1797 3418 pecoribus
1813 3355 1934 3403 natis
1950 3391 1964 3414 ,
1984 3357 2032 3403 et
2053 3368 2115 3404 ex

569 3433 878 3494 vectigalibus
897 3432 1173 3494 reipublicae
1193 3434 1244 3481 et
1260 3433 1455 3481 tributis
1469 3468 1485 3491 ,
1504 3445 1613 3494 qum
1634 3431 1826 3494 perioeci
1847 3430 2113 3493 pensitant,

569 3525 680 3573 pars
701 3514 830 3560 certa
849 3510 1087 3572 praetinita
1105 3514 1177 3559 est
1199 3510 1258 3558 ad
1278 3524 1352 3559 res
1369 3511 1553 3559 divinas
1580 3509 1814 3559 faciendas
1829 3511 1878 3558 et
1897 3509 2114 3570 publico-

571 3602 676 3635 rum
701 3601 953 3635 munerum
985 3587 1281 3646 functionem
1301 3588 1450 3635 altera
1469 3587 1530 3634 ad
1551 3586 1773 3634 convivia
1801 3586 1993 3647 publica
2010 3622 2025 3645 ‚
2049 3585 2114 3634 ita

572 3663 626 3712 u‘t
654 3664 714 3710 ‹le
736 3664 926 3726 publico
955 3676 1124 3711 omnes
1151 3665 1200 3711 et
1227 3663 1449 3711 mulieres
1474 3666 1521 3712 et
1551 3663 1684 3724 pueri
1706 3665 1754 3709 et
1785 3662 1875 3709 viri
1902 3663 2105 3711 alantur.

571 3744 637 3801 (5)
658 3745 766 3790 Jam
793 3754 905 3788 vero
928 3741 988 3788 ad
1003 3741 1157 3789 victus
1176 3740 1511 3802 parsimoniam
1527 3741 1716 3802 cibique
1738 3741 2044 3802 paucitatem,
2061 3743 2115 3789 ut

571 3819 671 3867 rein
706 3820 897 3879 utilem,
931 3822 981 3867 et
1011 3818 1070 3866 ad
1106 3819 1390 3866 seminarum
1429 3818 1802 3879 disjunctionem
1822 3855 1837 3879 ,
1879 3832 1941 3867 ne
1974 3819 2115 3867 nimis

569 3896 746 3944 multos
770 3895 892 3945 tilios
907 3895 1119 3956 pariant,
1141 3894 1462 3943 masculorum
1481 3894 1822 3944 consuetudine
1839 3894 2115 3943 introducta

571 3977 586 4026 (
610 3975 764 4033 recte,
789 3985 850 4020 an
877 3983 1042 4029 secus,
1077 3971 1199 4018 alius
1227 3970 1319 4018 erit
1341 3970 1610 4031 disputandi
1633 3970 1827 4030 locus,)
1849 3971 2004 4019 multa
2034 3983 2110 4018 sa·

565 4049 746 4109 pienter
769 4050 818 4097 et
848 4049 986 4095 acute
1015 4046 1298 4108 excogitavit
1335 4047 1457 4094 lator
1489 4046 1618 4108 legis.
1684 4046 1826 4102 Quod
1862 4047 2004 4106 igitur
2038 4049 2112 4095 at-

565 4126 684 4173 tinet
724 4124 784 4172 ad
807 4122 1029 4172 convivia
1051 4122 1267 4183 publica,
1291 4122 1462 4171 melius
1494 4136 1550 4172 ea
1584 4135 1685 4172 esse
1707 4123 1942 4185 descripta
1971 4124 2115 4183 atque

564 4199 781 4246 ordinata
828 4198 952 4259 apud
999 4200 1249 4246 Cretenses
1280 4234 1293 4257 ,
1339 4210 1484 4259 quam
1530 4198 1658 4259 apud
1701 4198 2112 4259 Lacedaemonios,

567 4276 866 4336 perspicuum
904 4277 993 4323 est.
1025 4274 1119 4323 Sed
1150 4287 1262 4336 quae
1296 4275 1356 4323 ad
1387 4289 1574 4324 cosmos
1606 4278 1847 4337 spectant,
1881 4289 1937 4323 ea
1969 4275 2113 4323 etiam

565 4352 772 4399 deterius
803 4351 1007 4411 habent,
1030 4363 1175 4411 quam
1209 4351 1496 4411 ephororum
1529 4351 1784 4400 institutio.
1821 4354 1940 4400 Nam
1982 4351 2113 4412 quod

567 4427 679 4475 mali
713 4429 783 4476 est
805 4427 854 4474 in
882 4427 1170 4488 ephororum
1209 4423 1407 4488 imperio
1426 4463 1440 4488 ‚
1461 4428 1555 4476 hoc
1586 4431 1658 4476 est
1689 4428 1834 4476 etiam
1864 4427 1910 4475 in
1940 4427 2111 4475 horum

567 4508 800 4566 potestate
822 4524 834 4553 ι
855 4507 1078 4553 creantur
1092 4505 1220 4553 enim
1238 4506 1453 4554 homines
1468 4507 1587 4554 sorte
1605 4505 1750 4554 oblati
1771 4526 1781 4553 :
1805 4505 1934 4567 quod
1952 4508 2112 4554 autem

571 4582 666 4631 illic
685 4582 744 4629 ad
765 4581 1036 4642 reipublic-¹1¹.
1060 4583 1239 4628 statum
1270 4582 1388 4629 utile
1417 4584 1519 4642 est,
1540 4582 1619 4628 hlc
1640 4595 1731 4629 non
1753 4585 1840 4630 est.
1869 4582 1967 4629 tllic
1986 4582 2112 4629 enim

569 4664 818 4721 propterea
836 4695 850 4718 ,
873 4658 1004 4719 quod
1023 4658 1193 4706 electio
1212 4659 1267 4705 fit
1299 4672 1359 4706 ex
1384 4658 1632 4718 omnibus,
1658 4659 1890 4720 populus,
1916 4658 1999 4720 qui
2022 4659 2112 4706 im·

565 4735 677 4796 perii
700 4734 895 4782 maximi
929 4735 984 4782 sit
1007 4735 1271 4795 partitique,
1305 4735 1649 4796 rempublicam
1683 4747 1878 4783 manere
1910 4734 2071 4784 studet
2098 4755 2109 4782 ι

563 4813 642 4859 hic
673 4813 951 4858 autemnon
983 4823 1044 4858 ex
1078 4810 1304 4858 omnibus
1323 4810 1562 4871 eliguntur
1589 4809 1771 4870 cosmi,
1803 4809 1886 4858 sed
1920 4824 1981 4858 ex
2000 4811 2109 4872 qui·

565 4886 767 4935 busdam
793 4886 1042 4947 generibus
1068 4906 1079 4935 :
1100 4889 1342 4935 senatores
1360 4889 1522 4935 autem
1547 4900 1607 4934 ex
1628 4887 1706 4947 iis,
1735 4886 1819 4949 qui
1838 4900 2111 4935 cosmorum

565 4977 766 5012 munere
781 4964 929 5012 suncti
948 4966 1078 5011 sunt.
1098 4965 1166 5024 (6)
1189 4967 1258 5012 De
1273 4963 1448 5025 quibus
1464 4963 1629 5012 eadem
1653 4963 1928 5024 quisdicere
1946 4965 2110 5025 possit,

566 5054 624 5087 ac
667 5040 806 5088 detis
842 5039 924 5100 qui
953 5039 1296 5088 Lacedaemone
1324 5042 1560 5103 creantur.
1623 5042 1744 5088 Nam
1768 5040 2007 5088 rationum
2036 5054 2110 5088 re-

566 5117 869 5166 ferendarum
897 5116 1078 5177 judicio
1101 5130 1197 5164 non
1224 5118 1400 5176 teneri,
1426 5120 1474 5166 et
1494 5129 1576 5178 per
1595 5119 1746 5165 totam
1767 5118 1917 5166 vitam
1943 5131 2106 5178 gerere

564 5195 909 5256 magistratum,
931 5195 1081 5254 major
1100 5198 1168 5243 est
1191 5196 1339 5242 hunos
1352 5230 1366 5254 ,
1384 5208 1530 5256 quam
1551 5208 1637 5256 pro
1657 5209 1822 5243 eorum
1847 5196 2075 5257 dignitate
2096 5214 2109 5257 3

2204 2832 2411 2881 eumque
2436 2831 2534 2868 non
2559 2832 2617 2868 ex
2638 2820 2913 2880 pra-scripto
2937 2819 3061 2879 juris
3089 2820 3260 2881 scripti
3284 2819 3533 2878 imperare,
3549 2811 3621 2860 sed
3638 2822 3709 2858 suo

2205 2898 2401 2946 arbitrio
2428 2897 2757 2959 magistratum
2778 2909 2957 2958 gerere,
2975 2897 3296 2958 periculosum
3319 2897 3405 2944 est.
3425 2890 3557 2949 Quod
3575 2891 3707 2936 autem

2203 2977 2405 3037 quiescit
2416 2975 2634 3038 populus,
2642 2975 2827 3023 etiamsi
2843 2976 2987 3035 hujus
2998 2975 3306 3036 magistratus
3318 2985 3411 3021 non
3423 2972 3481 3019 sit
3492 2966 3705 3030 Ρὸῐῑίΰψῦ,

2204 3053 2391 3102 nullum
2422 3055 2494 3100 est
2526 3053 2859 3112 argumentum
2897 3051 3178 3112 reipublicae
3201 3054 3323 3099 bene
3347 3047 3577 3098 ordinatae.
3609 3044 3707 3089 Nam

2204 3141 2361 3189 neque
2379 3128 2477 3176 ulta
2500 3127 2699 3187 mamis,
2720 3131 2775 3175 ut
2791 3127 2982 3187 ephoris
2996 3162 3011 3187 ,
3030 3132 3253 3187 quaestus
3277 3122 3470 3174 faciendi
3502 3134 3559 3168 ex
3581 3114 3703 3174 ungi-

2202 3206 2357 3254 stratu
2386 3203 2588 3252 facultas
2614 3203 2774 3262 datur,
2806 3206 2861 3251 ut
2879 3203 2965 3264 qui
3011 3204 3059 3251 in
3087 3204 3249 3252 insula
3271 3203 3407 3262 longe
3428 3197 3568 3247 absint
3587 3192 3639 3241 ab
3660 3190 3706 3237 iis

2202 3279 2289 3341 qui
2308 3280 2579 3341 corrupturi
2598 3278 2708 3327 sint.
2727 3281 2886 3335 Quam
2908 3280 3070 3327 autem
3098 3278 3334 3327 adhibent
3351 3274 3407 3324 ad
3425 3274 3509 3321 hoc
3528 3269 3703 3318 erratum

2202 3357 2533 3418 corrigendum
2554 3369 2611 3404 ac
2628 3355 2890 3405 sanandum
2910 3355 3197 3405 medicinam
3215 3392 3229 3416 ‚
3253 3366 3402 3417 quum
3423 3345 3606 3399 absurda
3631 3344 3700 3400 ⁸¹1,

2202 3437 2310 3483 tum
2330 3447 2392 3483 ne
2425 3431 2579 3484 civilis
2603 3434 2800 3495 quidem
2822 3436 2922 3494 est,
2938 3434 3023 3484 sed
3046 3434 3281 3496 potentian
3302 3431 3438 3481 unius
3453 3429 3530 3476 aut
3554 3432 3699 3485 pauco-

2204 3523 2311 3558 rum
2331 3514 2662 3559 consentanea.
2707 3510 2776 3570 (7)
2805 3513 3142 3572 Soepenumero
3172 3511 3300 3558 enim
3327 3503 3529 3556 nonnulli
3549 3499 3621 3548 ant
3642 3508 3691 3542 ex

2204 3586 2396 3647 collegis
2430 3589 2516 3635 aut
2537 3585 2734 3648 privatis
2761 3585 2967 3634 coitione
2994 3587 3122 3635 sacta
3165 3597 3353 3635 cosmos
3374 3580 3564 3642 eJiciunt.
3595 3571 3701 3621 Lioet

2202 3662 2348 3710 etiam
2375 3663 2432 3710 iis
2462 3665 2575 3710 ante
2601 3663 2789 3723 tempus
2823 3661 3046 3711 abdicare
3070 3675 3122 3711 se
3152 3662 3440 3724 magistratu.
3466 3657 3567 3704 flaec
3588 3648 3701 3709 ῖὸῖωῐ

2202 3739 2363 3787 omnia
2384 3741 2583 3800 praestat
2597 3739 2699 3788 fieri
2720 3752 2783 3788 ex
2807 3739 2909 3801 lege
2925 3776 2940 3800 ‚
2960 3752 3106 3802 quam
3124 3752 3192 3788 ex
3210 3737 3447 3788 hominum
3464 3727 3695 3778 voluntate:
3724 3783 3729 3790 .

2203 3828 2298 3863 non
2321 3819 2392 3863 est
2409 3815 2537 3863 enim
2560 3818 2666 3863 tuta
2680 3816 2786 3863 haec
2806 3816 2981 3877 regula.
3004 3819 3240 3864 Omnium
3254 3817 3409 3863 autem
3428 3803 3697 3858 remediorum

2202 3891 2458 3952 pessimum
2475 3894 2548 3941 est
2568 3892 2868 3952 magistratus
2885 3891 3027 3952 hujus
3042 3890 3322 3954 amplissimi
3341 3884 3535 3936 vacuitas
3547 3915 3560 3938 ,
3582 3885 3697 3939 ‘1⁰⁸⁰'

2200 3979 2529 4028 saepenumero
2556 3970 2773 4028 potentes
2798 3967 3033 4029 indicunt,
3057 3981 3214 4029 quum
3235 3965 3460 4028 judicium
3478 3956 3617 4008 subire
3630 3950 3698 3998 aut

2202 4057 2365 4106 poenas
2382 4044 2496 4095 dare
2518 4046 2704 4094 nolunt.
2728 4046 2850 4106 (Alii
2873 4065 2884 4094 :
2908 4059 3056 4107 quam
3066 4055 3388 4108 saepenumero
3400 4037 3568 4093 indunt,
3578 4038 3697 4091 quum

2203 4123 2454 4181 potentum
2477 4120 2658 4181 judicia
2683 4120 2844 4170 subire
2869 4122 3092 4182 nolunt.)
3115 4125 3186 4170 Ex
3211 4134 3308 4183 quo
3330 4115 3566 4174 intelligere
3584 4103 3695 4158 Ιίῦθῑι

2204 4196 2256 4244 in
2293 4197 2383 4246 hac
2406 4197 2679 4259 reipublicae
2701 4198 3089 4248 administrandae
3105 4197 3416 4261 descriptione
3443 4182 3600 4250 aliquid
3616 4190 3697 4228 ⁶⁶⁴³

2201 4273 2402 4333 politiae,
2418 4286 2689 4335 quanquam
2717 4274 2820 4323 haec
2843 4288 2939 4323 non
2957 4281 3030 4324 est
3055 4276 3248 4337 politia,
3276 4272 3357 4323 sed
3376 4267 3521 4331 polius
3543 4267 3691 4323 1181100·

2204 4362 2310 4397 rum
2330 4350 2604 4410 potentatus
2629 4353 2715 4398 aut
2732 4349 2967 4411 dynastia.
3001 4350 3366 4401 Consueverunt
3382 4345 3529 4393 autem
3548 4329 3696 4420 P⁰if¹¹¹⁰

2203 4427 2251 4474 in
2269 4430 2426 4489 partes
2442 4427 2671 4476 distracto
2690 4430 2740 4477 et
2757 4430 3013 4490 assumptis
3033 4430 3202 4479 amicis
3220 4428 3309 4478 suh
3328 4423 3462 4473 unius
3484 4417 3693 4475 impfflum

2203 4508 2354 4553 totam
2373 4504 2713 4565 rempublicam
2731 4505 3016 4567 subiungere
3031 4540 3045 4565 ‚
3068 4509 3118 4554 et
3135 4507 3407 4556 seditionem
3424 4494 3629 4546 excitare.
3652 4485 3691 4528 ‘³¹

2207 4582 2328 4629 inter
2358 4593 2409 4628 se
2432 4579 2677 4642 digladiari
2702 4593 2760 4629 ac
2786 4580 3049 4630 decertare.
3082 4582 3149 4642 (8)
3170 4585 3229 4631 At
3250 4577 3364 4642 quid
3384 4576 3470 4624 hoc
3485 4562 3597 4617 aliud
3613 4568 3696 4608 ⁸⁸⁵⁶

2206 4658 2366 4716 dicas,
2395 4657 2482 4706 nisi
2515 4671 2600 4719 per
2626 4657 2818 4718 aliquod
2846 4661 3036 4720 tempus
3058 4659 3303 4708 civitatem
3334 4653 3464 4716 plane
3492 4642 3635 4723 tollere
3655 4634 3694 4678 τί

2204 4733 2392 4782 civilem
2432 4733 2706 4782 societatem
2744 4734 3032 4783 dissolvere?
3078 4738 3166 4784 Est
3202 4735 3359 4784 autem
3392 4728 3488 4774 tum
3516 4708 3691 4795 Ρθῧῳιο

2202 4813 2420 4875 proxima
2442 4812 2510 4860 sic
2527 4813 2699 4861 affecta
2721 4812 2912 4872 civitas,
2940 4825 3093 4873 quum
3119 4813 3202 4874 qui
3222 4803 3444 4859 voluntin
3465 4788 3693 4855 reipubhcae

2199 4893 2379 4939 statum
2409 4889 2659 4951 invadere,
2683 4890 2715 4938 ii
2742 4891 2885 4939 etiam
2922 4892 3136 4951 possunt.
3176 4889 3294 4947 Sed,
3331 4865 3685 4948 q⁰8¹¹¹⁸d¹¹¹⁰d⁸f⁰¹

2202 4967 2385 5016 dictum
2405 4968 2477 5014 est
2490 5002 2506 5025 ,
2526 4970 2697 5015 natura
2716 4967 2810 5015 loci
2839 4980 2944 5015 eam
2965 4970 3126 5016 tuetur
3154 4971 3201 5017 et
3219 4964 3371 5015 servat
3389 4977 3401 5006 :
3419 4949 3569 5003 insulae
3584 4947 3688 4988 emm

2204 5043 2521 5105 longinquitas
2564 5044 2835 5105 peregrinos
2891 5044 3062 5092 melius
3105 5047 3236 5092 arcet
3297 5046 3434 5100 quam
3470 5028 3538 5075 ¹⁶¹
3582 5010 3686 5076 ῬΜ

2200 5121 2599 5170 Lacedaemonios,
2626 5125 2644 5170 1
2652 5124 2793 5183 taque
2817 5122 3006 5183 perioeci
3027 5125 3220 5171 manent
3236 5121 3281 5168 in
3303 5113 3449 5164 officio
3463 5097 3574 5185 epus*
3590 5099 3684 5211 αἳ

2202 5201 2273 5247 tas
2295 5217 2306 5247 z
2328 5199 2517 5247 tlt-totes
2536 5212 2650 5247 vero
2669 5212 2994 5261 sepenumero
3011 5212 3040 5248 a
3063 5188 3420 5248 Lacedaemoniis
3448 5178 3662 5231 desvssfflffl
