<?xml version="1.0" encoding="UTF-8"?>
<!DOCTYPE html PUBLIC "-//W3C//DTD XHTML 1.0 Transitional//EN"
    "http://www.w3.org/TR/xhtml1/DTD/xhtml1-transitional.dtd">
<html xmlns="http://www.w3.org/1999/xhtml" xml:lang="en" lang="en">
 <head>
  <title>
</title>
<meta http-equiv="Content-Type" content="text/html;charset=utf-8" />
  <meta name='ocr-system' content='tesseract 3.04.00' />
  <meta name='ocr-capabilities' content='ocr_page ocr_carea ocr_par ocr_line ocrx_word'/>
</head>
<body>
  <div class='ocr_page' id='page_1' title='image "./fragmentahistor03unkngoog_0147.png"; bbox 0 0 3900 6042; ppageno 0'>
   <div class='ocr_carea' id='block_1_1' title="bbox 531 533 2089 721">
    <p class='ocr_par' dir='ltr' id='par_1_1' title="bbox 531 533 2089 721">
     <span class='ocr_line' id='line_1_1' title="bbox 536 533 612 587; baseline -0.026 0"><span class='ocrx_word' id='word_1_1' title='bbox 536 533 612 587; x_wconf 70' lang='lat'>⁹2</span> 
     </span>
     <span class='ocr_line' id='line_1_2' title="bbox 531 633 2089 721; baseline 0.002 -23"><span class='ocrx_word' id='word_1_2' title='bbox 531 640 864 721; x_wconf 77' lang='grc' dir='ltr'>τραγήμασιν</span> <span class='ocrx_word' id='word_1_3' title='bbox 889 639 1107 718; x_wconf 77' lang='grc' dir='ltr'>ἰσχάδας</span> <span class='ocrx_word' id='word_1_4' title='bbox 1130 637 1380 711; x_wconf 78' lang='grc' dir='ltr'>Ἀττικὰς,</span> <span class='ocrx_word' id='word_1_5' title='bbox 1398 640 1657 717; x_wconf 77' lang='grc' dir='ltr'>ἐρωτῆσαι</span> <span class='ocrx_word' id='word_1_6' title='bbox 1671 684 1687 712; x_wconf 95' lang='grc'>,</span> <span class='ocrx_word' id='word_1_7' title='bbox 1715 641 1948 699; x_wconf 71' lang='grc' dir='ltr'>ποδαπαὶ</span> <span class='ocrx_word' id='word_1_8' title='bbox 1966 633 2089 702; x_wconf 72' lang='grc' dir='ltr'>εἶεν.</span> 
     </span>
    </p>
   </div>
   <div class='ocr_carea' id='block_1_2' title="bbox 1968 496 2273 561">
    <p class='ocr_par' dir='ltr' id='par_1_2' title="bbox 1968 496 2273 561">
     <span class='ocr_line' id='line_1_3' title="bbox 1968 496 2273 561; baseline -0.013 0"><span class='ocrx_word' id='word_1_9' title='bbox 1968 496 2273 561; x_wconf 80' lang='lat' dir='ltr'>DINONIS</span> 
     </span>
    </p>
   </div>
   <div class='ocr_carea' id='block_1_3' title="bbox 2259 643 3738 728">
    <p class='ocr_par' dir='ltr' id='par_1_3' title="bbox 2259 643 3738 728">
     <span class='ocr_line' id='line_1_4' title="bbox 2259 643 3738 728; baseline 0.006 -25"><span class='ocrx_word' id='word_1_10' title='bbox 2259 643 2621 720; x_wconf 71' lang='grc' dir='ltr'><strong>Ἀμμωνιακὸν</strong></span> <span class='ocrx_word' id='word_1_11' title='bbox 2651 649 2718 706; x_wconf 88' lang='lat' dir='ltr'>L.</span> <span class='ocrx_word' id='word_1_12' title='bbox 2748 648 3137 707; x_wconf 79' lang='lat' dir='ltr'>consentiente</span> <span class='ocrx_word' id='word_1_13' title='bbox 3157 653 3443 708; x_wconf 76' lang='lat' dir='ltr'>Eustathio</span> <span class='ocrx_word' id='word_1_14' title='bbox 3468 672 3530 728; x_wconf 87' lang='lat' dir='ltr'>p.</span> <span class='ocrx_word' id='word_1_15' title='bbox 3571 658 3738 724; x_wconf 76' lang='lat'>1550,</span> 
     </span>
    </p>
   </div>
   <div class='ocr_carea' id='block_1_4' title="bbox 532 725 2744 809">
    <p class='ocr_par' dir='ltr' id='par_1_4' title="bbox 532 725 2744 809">
     <span class='ocr_line' id='line_1_5' title="bbox 532 725 2744 809; baseline 0.002 -19"><span class='ocrx_word' id='word_1_16' title='bbox 532 729 689 790; x_wconf 79' lang='grc' dir='ltr'>Ἐπεὶ</span> <span class='ocrx_word' id='word_1_17' title='bbox 722 726 774 789; x_wconf 75' lang='grc' dir='ltr'>δὲ</span> <span class='ocrx_word' id='word_1_18' title='bbox 804 726 1023 786; x_wconf 77' lang='grc' dir='ltr'>ἐπύθετο</span> <span class='ocrx_word' id='word_1_19' title='bbox 1042 725 1095 794; x_wconf 78' lang='grc' dir='ltr'>ἐξ</span> <span class='ocrx_word' id='word_1_20' title='bbox 1124 726 1375 799; x_wconf 81' lang='grc' dir='ltr'>Ἀθηνῶν,</span> <span class='ocrx_word' id='word_1_21' title='bbox 1391 730 1497 790; x_wconf 80' lang='grc' dir='ltr'>τοῖς</span> <span class='ocrx_word' id='word_1_22' title='bbox 1521 733 1832 808; x_wconf 83' lang='grc' dir='ltr'>ἇγορασταῖς</span> <span class='ocrx_word' id='word_1_23' title='bbox 1854 730 2087 807; x_wconf 68' lang='grc' dir='ltr'>ἐκέλευεν</span> <span class='ocrx_word' id='word_1_24' title='bbox 2178 752 2232 789; x_wconf 76' lang='lat'>2.</span> <span class='ocrx_word' id='word_1_25' title='bbox 2260 730 2652 809; x_wconf 82' lang='grc' dir='ltr'>Ἀμμωνιακοὺς</span> <span class='ocrx_word' id='word_1_26' title='bbox 2676 738 2744 794; x_wconf 83' lang='lat' dir='ltr'>V.</span> 
     </span>
    </p>
   </div>
   <div class='ocr_carea' id='block_1_5' title="bbox 532 814 2089 1329">
    <p class='ocr_par' dir='ltr' id='par_1_5' title="bbox 532 814 2089 1157">
     <span class='ocr_line' id='line_1_6' title="bbox 535 814 2089 893; baseline 0 -20"><span class='ocrx_word' id='word_1_27' title='bbox 535 815 688 893; x_wconf 70' lang='grc' dir='ltr'>(τοὺς</span> <span class='ocrx_word' id='word_1_28' title='bbox 710 818 800 893; x_wconf 81' lang='grc' dir='ltr'>ἀγ.</span> <span class='ocrx_word' id='word_1_29' title='bbox 836 814 1099 874; x_wconf 67' lang='grc' dir='ltr'>ἕκώλυενῖ</span> <span class='ocrx_word' id='word_1_30' title='bbox 1125 816 1335 892; x_wconf 82' lang='lat' dir='ltr'>Schw.)</span> <span class='ocrx_word' id='word_1_31' title='bbox 1360 815 1603 874; x_wconf 82' lang='grc' dir='ltr'>ὠνεῖσθαι</span> <span class='ocrx_word' id='word_1_32' title='bbox 1619 860 1635 888; x_wconf 90' lang='grc'>,</span> <span class='ocrx_word' id='word_1_33' title='bbox 1667 815 1762 883; x_wconf 75' lang='grc' dir='ltr'>ἕως</span> <span class='ocrx_word' id='word_1_34' title='bbox 1792 815 1854 875; x_wconf 77' lang='grc' dir='ltr'>ἂν</span> <span class='ocrx_word' id='word_1_35' title='bbox 1883 816 2089 885; x_wconf 75' lang='grc' dir='ltr'><strong>ἐξουσία</strong></span> 
     </span>
     <span class='ocr_line' id='line_1_7' title="bbox 532 901 2088 985; baseline 0.001 -24"><span class='ocrx_word' id='word_1_36' title='bbox 532 902 746 982; x_wconf 79' lang='grc' dir='ltr'>γένηται</span> <span class='ocrx_word' id='word_1_37' title='bbox 789 906 931 984; x_wconf 73' lang='grc' dir='ltr'>αὑτῷ</span> <span class='ocrx_word' id='word_1_38' title='bbox 962 901 1256 980; x_wconf 75' lang='grc' dir='ltr'>λαμόάνειν</span> <span class='ocrx_word' id='word_1_39' title='bbox 1292 902 1417 962; x_wconf 84' lang='grc' dir='ltr'>ὅταν</span> <span class='ocrx_word' id='word_1_40' title='bbox 1441 902 1626 981; x_wconf 79' lang='grc' dir='ltr'>ἐθέλῃ,</span> <span class='ocrx_word' id='word_1_41' title='bbox 1666 903 1758 962; x_wconf 76' lang='grc' dir='ltr'>καὶ</span> <span class='ocrx_word' id='word_1_42' title='bbox 1788 903 1864 981; x_wconf 77' lang='grc' dir='ltr'>μὴ</span> <span class='ocrx_word' id='word_1_43' title='bbox 1893 903 2088 985; x_wconf 82' lang='grc' dir='ltr'>ἀγορά-</span> 
     </span>
     <span class='ocr_line' id='line_1_8' title="bbox 534 988 2086 1070; baseline 0.001 -22"><span class='ocrx_word' id='word_1_44' title='bbox 534 995 653 1060; x_wconf 83' lang='grc' dir='ltr'>ζειν.</span> <span class='ocrx_word' id='word_1_45' title='bbox 675 989 898 1069; x_wconf 81' lang='grc' dir='ltr'>Λέγεται</span> <span class='ocrx_word' id='word_1_46' title='bbox 926 988 981 1048; x_wconf 85' lang='grc' dir='ltr'>δὲ</span> <span class='ocrx_word' id='word_1_47' title='bbox 1005 990 1093 1048; x_wconf 85' lang='grc' dir='ltr'>τὸν</span> <span class='ocrx_word' id='word_1_48' title='bbox 1124 991 1366 1070; x_wconf 74' lang='grc' dir='ltr'><strong>εὐνοῦχον</strong></span> <span class='ocrx_word' id='word_1_49' title='bbox 1391 991 1629 1061; x_wconf 82' lang='grc' dir='ltr'>ἐπίτηδες</span> <span class='ocrx_word' id='word_1_50' title='bbox 1664 997 1817 1049; x_wconf 74' lang='grc' dir='ltr'>τοῦτο</span> <span class='ocrx_word' id='word_1_51' title='bbox 1835 996 2086 1069; x_wconf 78' lang='grc' dir='ltr'>ποιῆσαι,</span> 
     </span>
     <span class='ocr_line' id='line_1_9' title="bbox 532 1076 2085 1157; baseline 0.002 -23"><span class='ocrx_word' id='word_1_52' title='bbox 532 1076 620 1135; x_wconf 79' lang='grc' dir='ltr'>ἵνα</span> <span class='ocrx_word' id='word_1_53' title='bbox 646 1079 801 1136; x_wconf 80' lang='grc' dir='ltr'>αὗτὸν</span> <span class='ocrx_word' id='word_1_54' title='bbox 841 1076 1117 1157; x_wconf 80' lang='grc' dir='ltr'><strong>ὑπομνήσῃ</strong></span> <span class='ocrx_word' id='word_1_55' title='bbox 1146 1081 1239 1148; x_wconf 80' lang='grc' dir='ltr'>τῆς</span> <span class='ocrx_word' id='word_1_56' title='bbox 1266 1077 1352 1135; x_wconf 77' lang='grc' dir='ltr'>ἐπὶ</span> <span class='ocrx_word' id='word_1_57' title='bbox 1380 1077 1473 1145; x_wconf 76' lang='grc' dir='ltr'>τὰς</span> <span class='ocrx_word' id='word_1_58' title='bbox 1497 1077 1710 1147; x_wconf 79' lang='grc' dir='ltr'>Ἀθήνας</span> <span class='ocrx_word' id='word_1_59' title='bbox 1734 1079 2029 1156; x_wconf 80' lang='grc' dir='ltr'>στρατείας.</span> <span class='ocrx_word' id='word_1_60' title='bbox 2060 1105 2085 1130; x_wconf 76' lang='lat'>¹·</span> 
     </span>
    </p>

    <p class='ocr_par' dir='ltr' id='par_1_6' title="bbox 532 1166 2085 1329">
     <span class='ocr_line' id='line_1_10' title="bbox 613 1166 2085 1242; baseline 0.001 -21"><span class='ocrx_word' id='word_1_61' title='bbox 613 1166 824 1221; x_wconf 84' lang='lat' dir='ltr'>Eadem</span> <span class='ocrx_word' id='word_1_62' title='bbox 849 1166 921 1223; x_wconf 87' lang='lat' dir='ltr'>de</span> <span class='ocrx_word' id='word_1_63' title='bbox 960 1168 1153 1222; x_wconf 78' lang='lat' dir='ltr'>Xerxe</span> <span class='ocrx_word' id='word_1_64' title='bbox 1178 1186 1309 1241; x_wconf 83' lang='lat' dir='ltr'>rege</span> <span class='ocrx_word' id='word_1_65' title='bbox 1344 1179 1537 1223; x_wconf 81' lang='lat' dir='ltr'>narrat</span> <span class='ocrx_word' id='word_1_66' title='bbox 1567 1169 1853 1223; x_wconf 83' lang='lat' dir='ltr'><strong>Plutarch.</strong></span> <span class='ocrx_word' id='word_1_67' title='bbox 1906 1170 2085 1242; x_wconf 84' lang='lat' dir='ltr'>Regg.</span> 
     </span>
     <span class='ocr_line' id='line_1_11' title="bbox 532 1253 2081 1329; baseline 0.001 -22"><span class='ocrx_word' id='word_1_68' title='bbox 532 1254 951 1329; x_wconf 83' lang='lat' dir='ltr'>Apophthegm.</span> <span class='ocrx_word' id='word_1_69' title='bbox 985 1273 1046 1327; x_wconf 91' lang='lat' dir='ltr'>p.</span> <span class='ocrx_word' id='word_1_70' title='bbox 1084 1253 1211 1325; x_wconf 87' lang='lat'>173,</span> <span class='ocrx_word' id='word_1_71' title='bbox 1249 1255 1323 1324; x_wconf 92' lang='lat' dir='ltr'>C,</span> <span class='ocrx_word' id='word_1_72' title='bbox 1356 1274 1474 1309; x_wconf 88' lang='lat' dir='ltr'>non</span> <span class='ocrx_word' id='word_1_73' title='bbox 1507 1256 1800 1310; x_wconf 83' lang='lat' dir='ltr'>nominato</span> <span class='ocrx_word' id='word_1_74' title='bbox 1829 1267 2081 1311; x_wconf 86' lang='lat' dir='ltr'>auctore.</span> 
     </span>
    </p>
   </div>
   <div class='ocr_carea' id='block_1_6' title="bbox 610 1384 2091 1584">
    <p class='ocr_par' dir='ltr' id='par_1_7' title="bbox 610 1384 2091 1584">
     <span class='ocr_line' id='line_1_12' title="bbox 1265 1384 1354 1438; baseline 0 -1"><span class='ocrx_word' id='word_1_75' title='bbox 1265 1384 1354 1438; x_wconf 84' lang='lat'>13.</span> 
     </span>
     <span class='ocr_line' id='line_1_13' title="bbox 610 1510 2091 1584; baseline 0.001 -14"><span class='ocrx_word' id='word_1_76' title='bbox 610 1514 797 1570; x_wconf 85' lang='lat' dir='ltr'>Schol.</span> <span class='ocrx_word' id='word_1_77' title='bbox 838 1515 1123 1569; x_wconf 86' lang='lat' dir='ltr'>Theocrit.</span> <span class='ocrx_word' id='word_1_78' title='bbox 1161 1516 1249 1583; x_wconf 92' lang='lat'>11,</span> <span class='ocrx_word' id='word_1_79' title='bbox 1287 1534 1393 1584; x_wconf 86' lang='lat'>¹07</span> <span class='ocrx_word' id='word_1_80' title='bbox 1439 1533 1453 1569; x_wconf 73' lang='grc' dir='ltr'>ε</span> <span class='ocrx_word' id='word_1_81' title='bbox 1497 1510 1626 1573; x_wconf 89' lang='grc' dir='ltr'>Ὅτι</span> <span class='ocrx_word' id='word_1_82' title='bbox 1665 1512 1716 1572; x_wconf 78' lang='grc' dir='ltr'>δὲ</span> <span class='ocrx_word' id='word_1_83' title='bbox 1751 1517 1806 1574; x_wconf 75' lang='grc' dir='ltr'>αἱ</span> <span class='ocrx_word' id='word_1_84' title='bbox 1849 1513 2091 1576; x_wconf 77' lang='grc' dir='ltr'>Ἀττικαὶ</span> 
     </span>
    </p>
   </div>
   <div class='ocr_carea' id='block_1_7' title="bbox 534 1597 2087 2089">
    <p class='ocr_par' dir='ltr' id='par_1_8' title="bbox 534 1597 2087 2089">
     <span class='ocr_line' id='line_1_14' title="bbox 534 1597 1612 1681; baseline 0.006 -26"><span class='ocrx_word' id='word_1_85' title='bbox 534 1597 743 1677; x_wconf 76' lang='grc' dir='ltr'>ἰσχάδες</span> <span class='ocrx_word' id='word_1_86' title='bbox 774 1599 970 1670; x_wconf 75' lang='grc' dir='ltr'>ἡδεῖαι,</span> <span class='ocrx_word' id='word_1_87' title='bbox 998 1599 1089 1657; x_wconf 81' lang='grc' dir='ltr'>καὶ</span> <span class='ocrx_word' id='word_1_88' title='bbox 1109 1599 1301 1660; x_wconf 78' lang='grc' dir='ltr'><strong>Δείνων</strong></span> <span class='ocrx_word' id='word_1_89' title='bbox 1334 1610 1612 1681; x_wconf 86' lang='grc' dir='ltr'>μαρτυρεῖ.</span> 
     </span>
     <span class='ocr_line' id='line_1_15' title="bbox 1265 1749 1357 1809; baseline 0.011 -13"><span class='ocrx_word' id='word_1_90' title='bbox 1265 1749 1357 1809; x_wconf 71' lang='grc' dir='ltr'>εἰ..</span> 
     </span>
     <span class='ocr_line' id='line_1_16' title="bbox 985 1871 1625 1928; baseline 0.002 -3"><span class='ocrx_word' id='word_1_91' title='bbox 985 1872 1030 1925; x_wconf 88' lang='grc' dir='ltr'>Ε</span> <span class='ocrx_word' id='word_1_92' title='bbox 1072 1871 1296 1926; x_wconf 85' lang='lat' dir='ltr'>LlBRO</span> <span class='ocrx_word' id='word_1_93' title='bbox 1335 1873 1625 1928; x_wconf 88' lang='lat' dir='ltr'><strong>TERTIO.</strong></span> 
     </span>
     <span class='ocr_line' id='line_1_17' title="bbox 609 1991 2087 2089; baseline 0.002 -24"><span class='ocrx_word' id='word_1_94' title='bbox 609 1991 908 2065; x_wconf 75' lang='lat' dir='ltr'>Athenaeus</span> <span class='ocrx_word' id='word_1_95' title='bbox 929 2011 1015 2065; x_wconf 88' lang='lat' dir='ltr'>XI</span> <span class='ocrx_word' id='word_1_96' title='bbox 1030 2051 1045 2078; x_wconf 89' lang='lat'>,</span> <span class='ocrx_word' id='word_1_97' title='bbox 1067 2028 1123 2081; x_wconf 86' lang='lat' dir='ltr'>p.</span> <span class='ocrx_word' id='word_1_98' title='bbox 1149 2008 1282 2078; x_wconf 78' lang='lat'>503,</span> <span class='ocrx_word' id='word_1_99' title='bbox 1301 2011 1347 2065; x_wconf 89' lang='lat' dir='ltr'><strong>F</strong></span> <span class='ocrx_word' id='word_1_100' title='bbox 1374 2029 1387 2064; x_wconf 71' lang='grc' dir='ltr'>τ</span> <span class='ocrx_word' id='word_1_101' title='bbox 1414 2006 1609 2066; x_wconf 73' lang='grc' dir='ltr'><strong>Δείνων</strong></span> <span class='ocrx_word' id='word_1_102' title='bbox 1635 2011 1688 2067; x_wconf 80' lang='grc' dir='ltr'>ἐν</span> <span class='ocrx_word' id='word_1_103' title='bbox 1709 2009 1866 2089; x_wconf 83' lang='grc' dir='ltr'>τρίτῳ</span> <span class='ocrx_word' id='word_1_104' title='bbox 1889 2013 2087 2089; x_wconf 89' lang='grc' dir='ltr'>Περσι-</span> 
     </span>
    </p>
   </div>
   <div class='ocr_carea' id='block_1_8' title="bbox 532 2088 2087 2264">
    <p class='ocr_par' dir='ltr' id='par_1_9' title="bbox 532 2088 2087 2264">
     <span class='ocr_line' id='line_1_18' title="bbox 532 2088 2087 2177; baseline 0.003 -25"><span class='ocrx_word' id='word_1_105' title='bbox 532 2098 638 2152; x_wconf 77' lang='grc' dir='ltr'>κῶν</span> <span class='ocrx_word' id='word_1_106' title='bbox 666 2093 822 2173; x_wconf 78' lang='grc' dir='ltr'><strong>φησὶν</strong></span> <span class='ocrx_word' id='word_1_107' title='bbox 850 2091 1035 2159; x_wconf 74' lang='grc' dir='ltr'>οὕτως·</span> <span class='ocrx_word' id='word_1_108' title='bbox 1070 2120 1092 2143; x_wconf 71' lang='grc' dir='ltr'>α</span> <span class='ocrx_word' id='word_1_109' title='bbox 1129 2088 1293 2153; x_wconf 82' lang='grc' dir='ltr'>Ἔστι</span> <span class='ocrx_word' id='word_1_110' title='bbox 1312 2093 1368 2152; x_wconf 80' lang='grc' dir='ltr'>δὲ</span> <span class='ocrx_word' id='word_1_111' title='bbox 1395 2093 1692 2165; x_wconf 77' lang='grc' dir='ltr'>ποτίὸαζις,</span> <span class='ocrx_word' id='word_1_112' title='bbox 1734 2096 1887 2175; x_wconf 80' lang='grc' dir='ltr'>ἄρτος</span> <span class='ocrx_word' id='word_1_113' title='bbox 1919 2098 2087 2177; x_wconf 89' lang='grc' dir='ltr'>κρίθι-</span> 
     </span>
     <span class='ocr_line' id='line_1_19' title="bbox 532 2178 2085 2264; baseline 0.005 -26"><span class='ocrx_word' id='word_1_114' title='bbox 532 2204 616 2247; x_wconf 87' lang='grc' dir='ltr'>νος</span> <span class='ocrx_word' id='word_1_115' title='bbox 643 2182 734 2238; x_wconf 80' lang='grc' dir='ltr'>καὶ</span> <span class='ocrx_word' id='word_1_116' title='bbox 764 2178 975 2258; x_wconf 82' lang='grc' dir='ltr'><strong>πύρινος</strong></span> <span class='ocrx_word' id='word_1_117' title='bbox 1002 2180 1183 2251; x_wconf 83' lang='grc' dir='ltr'>ὀπτὸς,</span> <span class='ocrx_word' id='word_1_118' title='bbox 1208 2180 1298 2237; x_wconf 79' lang='grc' dir='ltr'>καὶ</span> <span class='ocrx_word' id='word_1_119' title='bbox 1329 2181 1655 2261; x_wconf 81' lang='grc' dir='ltr'>κυπαρίσσου</span> <span class='ocrx_word' id='word_1_120' title='bbox 1681 2182 1931 2264; x_wconf 78' lang='grc' dir='ltr'>στέφανος</span> <span class='ocrx_word' id='word_1_121' title='bbox 1952 2231 1965 2255; x_wconf 90' lang='grc'>,</span> <span class='ocrx_word' id='word_1_122' title='bbox 1994 2187 2085 2245; x_wconf 74' lang='grc' dir='ltr'>καὶ</span> 
     </span>
    </p>
   </div>
   <div class='ocr_carea' id='block_1_9' title="bbox 532 2258 2135 2352">
    <p class='ocr_par' dir='ltr' id='par_1_10' title="bbox 532 2258 2135 2352">
     <span class='ocr_line' id='line_1_20' title="bbox 532 2258 2135 2352; baseline 0.001 -28"><span class='ocrx_word' id='word_1_123' title='bbox 532 2258 665 2333; x_wconf 75' lang='grc' dir='ltr'>οἶνος</span> <span class='ocrx_word' id='word_1_124' title='bbox 705 2265 1022 2346; x_wconf 77' lang='grc' dir='ltr'>κεκραμένος</span> <span class='ocrx_word' id='word_1_125' title='bbox 1051 2268 1103 2325; x_wconf 82' lang='grc' dir='ltr'>ἐν</span> <span class='ocrx_word' id='word_1_126' title='bbox 1150 2269 1241 2346; x_wconf 80' lang='grc' dir='ltr'>ᾠῷ</span> <span class='ocrx_word' id='word_1_127' title='bbox 1281 2272 1497 2347; x_wconf 78' lang='grc' dir='ltr'>χρυσῷ,</span> <span class='ocrx_word' id='word_1_128' title='bbox 1539 2260 1599 2327; x_wconf 71' lang='grc' dir='ltr'>οὗ</span> <span class='ocrx_word' id='word_1_129' title='bbox 1645 2271 1796 2338; x_wconf 73' lang='grc' dir='ltr'>αὐτὸς</span> <span class='ocrx_word' id='word_1_130' title='bbox 1840 2273 2083 2352; x_wconf 78' lang='grc' dir='ltr'>βασιλεὺς</span> <span class='ocrx_word' id='word_1_131' title='bbox 2134 2323 2135 2326; x_wconf 76' lang='grc'>,</span> 
     </span>
    </p>
   </div>
   <div class='ocr_carea' id='block_1_10' title="bbox 532 2352 2085 2678">
    <p class='ocr_par' dir='ltr' id='par_1_11' title="bbox 532 2352 2085 2678">
     <span class='ocr_line' id='line_1_21' title="bbox 532 2352 2085 2519; baseline 0.003 -23"><span class='ocrx_word' id='word_1_132' title='bbox 532 2352 970 2515; x_wconf 49' lang='grc' dir='ltr'>πίνῐείιίευτείἰφιει</span> <span class='ocrx_word' id='word_1_133' title='bbox 1016 2442 1326 2518; x_wconf 78' lang='lat' dir='ltr'>fragmenta</span> <span class='ocrx_word' id='word_1_134' title='bbox 1370 2463 1494 2519; x_wconf 84' lang='lat' dir='ltr'>quae</span> <span class='ocrx_word' id='word_1_135' title='bbox 1543 2457 1672 2502; x_wconf 87' lang='lat' dir='ltr'>sunt</span> <span class='ocrx_word' id='word_1_136' title='bbox 1717 2446 1790 2501; x_wconf 88' lang='lat' dir='ltr'>de</span> <span class='ocrx_word' id='word_1_137' title='bbox 1829 2446 2085 2503; x_wconf 86' lang='lat' dir='ltr'>moribus</span> 
     </span>
     <span class='ocr_line' id='line_1_22' title="bbox 533 2529 1334 2676; baseline 0.004 -93"><span class='ocrx_word' id='word_1_138' title='bbox 533 2530 766 2585; x_wconf 81' lang='lat' dir='ltr'>Persicis</span> <span class='ocrx_word' id='word_1_139' title='bbox 785 2529 1087 2605; x_wconf 84' lang='lat' dir='ltr'>subjungo.</span> <span class='ocrx_word' id='word_1_140' title='bbox 1300 2607 1334 2676; x_wconf 84' lang='lat'>&#39;5</span> 
     </span>
     <span class='ocr_line' id='line_1_23' title="bbox 1267 2639 1348 2678; baseline 0.037 -3"><span class='ocrx_word' id='word_1_141' title='bbox 1267 2639 1288 2675; x_wconf 88' lang='lat'>1</span> <span class='ocrx_word' id='word_1_142' title='bbox 1343 2673 1348 2678; x_wconf 88' lang='lat'><strong>.</strong></span> 
     </span>
    </p>
   </div>
   <div class='ocr_carea' id='block_1_11' title="bbox 2913 852 3004 906">
    <p class='ocr_par' dir='ltr' id='par_1_12' title="bbox 2913 852 3004 906">
     <span class='ocr_line' id='line_1_24' title="bbox 2913 852 3004 906; baseline 0.011 -1"><span class='ocrx_word' id='word_1_143' title='bbox 2913 852 3004 906; x_wconf 81' lang='lat'>16.</span> 
     </span>
    </p>
   </div>
   <div class='ocr_carea' id='block_1_12' title="bbox 2177 973 3740 1428">
    <p class='ocr_par' dir='ltr' id='par_1_13' title="bbox 2177 973 3740 1428">
     <span class='ocr_line' id='line_1_25' title="bbox 2258 973 3739 1075; baseline 0.009 -33"><span class='ocrx_word' id='word_1_144' title='bbox 2258 973 2542 1043; x_wconf 61' lang='lat' dir='ltr'>Plutarch.</span> <span class='ocrx_word' id='word_1_145' title='bbox 2570 990 2729 1044; x_wconf 85' lang='lat' dir='ltr'>Alex.</span> <span class='ocrx_word' id='word_1_146' title='bbox 2766 1009 2817 1044; x_wconf 90' lang='lat' dir='ltr'>c.</span> <span class='ocrx_word' id='word_1_147' title='bbox 2855 990 2928 1046; x_wconf 85' lang='lat'>36</span> <span class='ocrx_word' id='word_1_148' title='bbox 2958 1010 2973 1045; x_wconf 70' lang='grc' dir='ltr'>ε</span> <span class='ocrx_word' id='word_1_149' title='bbox 3004 987 3198 1047; x_wconf 88' lang='grc' dir='ltr'><strong>Δείνων</strong></span> <span class='ocrx_word' id='word_1_150' title='bbox 3232 988 3290 1048; x_wconf 87' lang='grc' dir='ltr'>δέ</span> <span class='ocrx_word' id='word_1_151' title='bbox 3317 1012 3448 1071; x_wconf 74' lang='grc' dir='ltr'>φησι</span> <span class='ocrx_word' id='word_1_152' title='bbox 3483 994 3579 1052; x_wconf 79' lang='grc' dir='ltr'>καὶ</span> <span class='ocrx_word' id='word_1_153' title='bbox 3607 993 3739 1075; x_wconf 77' lang='grc' dir='ltr'>ὕδωρ</span> 
     </span>
     <span class='ocr_line' id='line_1_26' title="bbox 2180 1070 3738 1155; baseline 0.008 -25"><span class='ocrx_word' id='word_1_154' title='bbox 2180 1070 2287 1130; x_wconf 84' lang='grc' dir='ltr'>ἀπό</span> <span class='ocrx_word' id='word_1_155' title='bbox 2327 1095 2383 1130; x_wconf 89' lang='grc' dir='ltr'>τε</span> <span class='ocrx_word' id='word_1_156' title='bbox 2426 1077 2518 1131; x_wconf 77' lang='grc' dir='ltr'>τοῦ</span> <span class='ocrx_word' id='word_1_157' title='bbox 2547 1072 2737 1134; x_wconf 84' lang='grc' dir='ltr'><strong>Νείλου</strong></span> <span class='ocrx_word' id='word_1_158' title='bbox 2764 1075 2856 1132; x_wconf 81' lang='grc' dir='ltr'>καὶ</span> <span class='ocrx_word' id='word_1_159' title='bbox 2884 1080 2974 1134; x_wconf 75' lang='grc' dir='ltr'>τοῦ</span> <span class='ocrx_word' id='word_1_160' title='bbox 3008 1073 3223 1155; x_wconf 80' lang='grc' dir='ltr'>Ἴστρου</span> <span class='ocrx_word' id='word_1_161' title='bbox 3261 1078 3396 1154; x_wconf 82' lang='grc' dir='ltr'>μετὰ</span> <span class='ocrx_word' id='word_1_162' title='bbox 3424 1084 3534 1139; x_wconf 78' lang='grc' dir='ltr'>τῶν</span> <span class='ocrx_word' id='word_1_163' title='bbox 3570 1082 3738 1141; x_wconf 82' lang='grc' dir='ltr'><strong>ἄλλων</strong></span> 
     </span>
     <span class='ocr_line' id='line_1_27' title="bbox 2179 1159 3740 1249; baseline 0.009 -34"><span class='ocrx_word' id='word_1_164' title='bbox 2179 1159 2679 1236; x_wconf 73' lang='grc' dir='ltr'><strong>μεταπεμπομένους</strong></span> <span class='ocrx_word' id='word_1_165' title='bbox 2706 1162 2780 1228; x_wconf 81' lang='grc' dir='ltr'>εἰς</span> <span class='ocrx_word' id='word_1_166' title='bbox 2807 1160 2902 1232; x_wconf 79' lang='grc' dir='ltr'>τὴν</span> <span class='ocrx_word' id='word_1_167' title='bbox 2927 1162 3092 1239; x_wconf 85' lang='grc' dir='ltr'>γάζαν</span> <span class='ocrx_word' id='word_1_168' title='bbox 3126 1164 3470 1225; x_wconf 75' lang='grc' dir='ltr'>ἀποτίθεσθαι</span> <span class='ocrx_word' id='word_1_169' title='bbox 3502 1169 3624 1236; x_wconf 80' lang='grc' dir='ltr'>τοὺς</span> <span class='ocrx_word' id='word_1_170' title='bbox 3650 1173 3740 1249; x_wconf 87' lang='grc' dir='ltr'>βα·</span> 
     </span>
     <span class='ocr_line' id='line_1_28' title="bbox 2179 1238 3740 1337; baseline 0.006 -34"><span class='ocrx_word' id='word_1_171' title='bbox 2179 1247 2368 1318; x_wconf 88' lang='grc' dir='ltr'>σιλεῖς,</span> <span class='ocrx_word' id='word_1_172' title='bbox 2408 1238 2515 1305; x_wconf 72' lang='grc' dir='ltr'>οἷον</span> <span class='ocrx_word' id='word_1_173' title='bbox 2570 1246 3036 1326; x_wconf 78' lang='grc' dir='ltr'>ἐκὸεὸαιουμένους</span> <span class='ocrx_word' id='word_1_174' title='bbox 3075 1249 3137 1308; x_wconf 76' lang='grc' dir='ltr'>τὸ</span> <span class='ocrx_word' id='word_1_175' title='bbox 3175 1250 3391 1329; x_wconf 83' lang='grc' dir='ltr'>μέγεθος</span> <span class='ocrx_word' id='word_1_176' title='bbox 3439 1261 3539 1328; x_wconf 68' lang='grc' dir='ltr'>τῆς</span> <span class='ocrx_word' id='word_1_177' title='bbox 3580 1261 3740 1337; x_wconf 76' lang='grc' dir='ltr'>ἀρχῆς</span> 
     </span>
     <span class='ocr_line' id='line_1_29' title="bbox 2177 1332 3629 1428; baseline 0.008 -38"><span class='ocrx_word' id='word_1_178' title='bbox 2177 1333 2268 1390; x_wconf 73' lang='grc' dir='ltr'>καὶ</span> <span class='ocrx_word' id='word_1_179' title='bbox 2295 1332 2356 1391; x_wconf 81' lang='grc' dir='ltr'>τὸ</span> <span class='ocrx_word' id='word_1_180' title='bbox 2377 1333 2630 1413; x_wconf 73' lang='grc' dir='ltr'>κυριεύειν</span> <span class='ocrx_word' id='word_1_181' title='bbox 2659 1335 2926 1394; x_wconf 82' lang='grc' dir='ltr'>ἁπάντων.</span> <span class='ocrx_word' id='word_1_182' title='bbox 2958 1340 3043 1396; x_wconf 81' lang='lat' dir='ltr'>Cf.</span> <span class='ocrx_word' id='word_1_183' title='bbox 3074 1342 3319 1428; x_wconf 66' lang='lat' dir='ltr'>Brissont</span> <span class='ocrx_word' id='word_1_184' title='bbox 3346 1346 3403 1413; x_wconf 91' lang='lat'>1,</span> <span class='ocrx_word' id='word_1_185' title='bbox 3438 1364 3494 1404; x_wconf 87' lang='lat' dir='ltr'>c.</span> <span class='ocrx_word' id='word_1_186' title='bbox 3531 1346 3629 1402; x_wconf 87' lang='grc'>83.</span> 
     </span>
    </p>
   </div>
   <div class='ocr_carea' id='block_1_13' title="bbox 2912 1522 3002 1573">
    <p class='ocr_par' dir='ltr' id='par_1_14' title="bbox 2912 1522 3002 1573">
     <span class='ocr_line' id='line_1_30' title="bbox 2912 1522 3002 1573; baseline 0 -16"><span class='ocrx_word' id='word_1_187' title='bbox 2912 1522 3002 1573; x_wconf 84' lang='lat'>¹7·</span> 
     </span>
    </p>
   </div>
   <div class='ocr_carea' id='block_1_14' title="bbox 2178 1661 3744 2160">
    <p class='ocr_par' dir='ltr' id='par_1_15' title="bbox 2178 1661 3744 2160">
     <span class='ocr_line' id='line_1_31' title="bbox 2254 1661 3742 1751; baseline 0.014 -37"><span class='ocrx_word' id='word_1_188' title='bbox 2254 1661 2553 1716; x_wconf 77' lang='lat' dir='ltr'>Athenaeus</span> <span class='ocrx_word' id='word_1_189' title='bbox 2572 1664 2743 1739; x_wconf 80' lang='lat' dir='ltr'>xm,</span> <span class='ocrx_word' id='word_1_190' title='bbox 2766 1684 2825 1739; x_wconf 89' lang='lat' dir='ltr'>p.</span> <span class='ocrx_word' id='word_1_191' title='bbox 2850 1664 2982 1736; x_wconf 85' lang='lat'>556,</span> <span class='ocrx_word' id='word_1_192' title='bbox 3004 1670 3046 1722; x_wconf 88' lang='grc' dir='ltr'><strong><em>Β</em></strong></span> <span class='ocrx_word' id='word_1_193' title='bbox 3075 1688 3087 1721; x_wconf 92' lang='lat'>:</span> <span class='ocrx_word' id='word_1_194' title='bbox 3114 1666 3275 1748; x_wconf 76' lang='grc' dir='ltr'>Παρὰ</span> <span class='ocrx_word' id='word_1_195' title='bbox 3294 1668 3348 1728; x_wconf 79' lang='grc' dir='ltr'>δὲ</span> <span class='ocrx_word' id='word_1_196' title='bbox 3365 1670 3603 1751; x_wconf 81' lang='grc' dir='ltr'>Πέρσαις</span> <span class='ocrx_word' id='word_1_197' title='bbox 3628 1676 3742 1734; x_wconf 76' lang='grc' dir='ltr'><strong>ἀνέ-</strong></span> 
     </span>
     <span class='ocr_line' id='line_1_32' title="bbox 2178 1746 3742 1831; baseline 0.012 -31"><span class='ocrx_word' id='word_1_198' title='bbox 2178 1764 2334 1821; x_wconf 81' lang='grc' dir='ltr'>χεται</span> <span class='ocrx_word' id='word_1_199' title='bbox 2376 1749 2411 1816; x_wconf 79' lang='grc' dir='ltr'>ἡ</span> <span class='ocrx_word' id='word_1_200' title='bbox 2446 1746 2688 1824; x_wconf 88' lang='grc' dir='ltr'>βασίλεια</span> <span class='ocrx_word' id='word_1_201' title='bbox 2729 1755 2821 1807; x_wconf 81' lang='grc' dir='ltr'>τοῦ</span> <span class='ocrx_word' id='word_1_202' title='bbox 2858 1752 3085 1820; x_wconf 83' lang='grc' dir='ltr'><strong>πλήθους</strong></span> <span class='ocrx_word' id='word_1_203' title='bbox 3126 1757 3230 1812; x_wconf 83' lang='grc' dir='ltr'>τῶν</span> <span class='ocrx_word' id='word_1_204' title='bbox 3266 1758 3641 1831; x_wconf 78' lang='grc' dir='ltr'><strong>παλλακίδων,</strong></span> <span class='ocrx_word' id='word_1_205' title='bbox 3664 1762 3742 1819; x_wconf 77' lang='grc' dir='ltr'>διὰ</span> 
     </span>
     <span class='ocr_line' id='line_1_33' title="bbox 2178 1830 3742 1922; baseline 0.012 -36"><span class='ocrx_word' id='word_1_206' title='bbox 2178 1830 2237 1886; x_wconf 84' lang='grc' dir='ltr'>τὸ</span> <span class='ocrx_word' id='word_1_207' title='bbox 2269 1833 2338 1896; x_wconf 80' lang='grc' dir='ltr'>ὡς</span> <span class='ocrx_word' id='word_1_208' title='bbox 2365 1832 2622 1903; x_wconf 75' lang='grc' dir='ltr'><strong>δεσπότην</strong></span> <span class='ocrx_word' id='word_1_209' title='bbox 2649 1834 2831 1914; x_wconf 79' lang='grc' dir='ltr'>ἄρχειν</span> <span class='ocrx_word' id='word_1_210' title='bbox 2857 1841 2951 1908; x_wconf 79' lang='grc' dir='ltr'>τῆς</span> <span class='ocrx_word' id='word_1_211' title='bbox 2989 1844 3225 1917; x_wconf 78' lang='grc' dir='ltr'>γαμετῆς</span> <span class='ocrx_word' id='word_1_212' title='bbox 3258 1841 3349 1900; x_wconf 83' lang='grc' dir='ltr'>τὸν</span> <span class='ocrx_word' id='word_1_213' title='bbox 3379 1845 3607 1922; x_wconf 75' lang='grc' dir='ltr'>βασιλέα</span> <span class='ocrx_word' id='word_1_214' title='bbox 3624 1889 3643 1916; x_wconf 92' lang='grc'>,</span> <span class='ocrx_word' id='word_1_215' title='bbox 3671 1847 3742 1904; x_wconf 74' lang='grc' dir='ltr'>ἔτι</span> 
     </span>
     <span class='ocr_line' id='line_1_34' title="bbox 2180 1913 3744 2005; baseline 0.013 -33"><span class='ocrx_word' id='word_1_216' title='bbox 2180 1913 2237 1972; x_wconf 79' lang='grc' dir='ltr'>δὲ</span> <span class='ocrx_word' id='word_1_217' title='bbox 2270 1913 2362 1974; x_wconf 71' lang='grc' dir='ltr'>καὶ</span> <span class='ocrx_word' id='word_1_218' title='bbox 2394 1916 2481 1976; x_wconf 75' lang='grc' dir='ltr'>διὰ</span> <span class='ocrx_word' id='word_1_219' title='bbox 2519 1917 2580 1977; x_wconf 82' lang='grc' dir='ltr'>τὸ</span> <span class='ocrx_word' id='word_1_220' title='bbox 2622 1920 2715 1990; x_wconf 72' lang='grc' dir='ltr'>τὴν</span> <span class='ocrx_word' id='word_1_221' title='bbox 2743 1923 3016 2000; x_wconf 86' lang='grc' dir='ltr'>βασιλίδα,</span> <span class='ocrx_word' id='word_1_222' title='bbox 3057 1923 3128 1992; x_wconf 79' lang='grc' dir='ltr'>ὥς</span> <span class='ocrx_word' id='word_1_223' title='bbox 3153 1950 3281 2005; x_wconf 76' lang='grc' dir='ltr'>φησι</span> <span class='ocrx_word' id='word_1_224' title='bbox 3324 1930 3528 1990; x_wconf 81' lang='grc' dir='ltr'><strong>Δείνων</strong></span> <span class='ocrx_word' id='word_1_225' title='bbox 3564 1935 3618 1991; x_wconf 79' lang='grc' dir='ltr'>ἐν</span> <span class='ocrx_word' id='word_1_226' title='bbox 3644 1941 3744 2001; x_wconf 81' lang='grc' dir='ltr'>τοῖς</span> 
     </span>
     <span class='ocr_line' id='line_1_35' title="bbox 2187 1996 3743 2093; baseline 0.012 -39"><span class='ocrx_word' id='word_1_227' title='bbox 2187 1997 2483 2075; x_wconf 78' lang='grc' dir='ltr'>Περσικοῖς,</span> <span class='ocrx_word' id='word_1_228' title='bbox 2514 1996 2614 2056; x_wconf 78' lang='grc' dir='ltr'>ὑπὸ</span> <span class='ocrx_word' id='word_1_229' title='bbox 2642 2003 2745 2056; x_wconf 81' lang='grc' dir='ltr'>τῶν</span> <span class='ocrx_word' id='word_1_230' title='bbox 2784 2003 3124 2062; x_wconf 81' lang='grc' dir='ltr'><strong>παλλακίδων</strong></span> <span class='ocrx_word' id='word_1_231' title='bbox 3144 2007 3555 2086; x_wconf 81' lang='grc' dir='ltr'>θρησκεύεσθαι·</span> <span class='ocrx_word' id='word_1_232' title='bbox 3584 2035 3743 2093; x_wconf 82' lang='grc' dir='ltr'>προσ·</span> 
     </span>
     <span class='ocr_line' id='line_1_36' title="bbox 2183 2085 2783 2160; baseline 0.013 -22"><span class='ocrx_word' id='word_1_233' title='bbox 2183 2086 2392 2141; x_wconf 74' lang='grc' dir='ltr'>κυνοῦσι</span> <span class='ocrx_word' id='word_1_234' title='bbox 2407 2089 2531 2160; x_wconf 80' lang='grc' dir='ltr'>γοῦν</span> <span class='ocrx_word' id='word_1_235' title='bbox 2558 2085 2741 2157; x_wconf 69' lang='grc' dir='ltr'>αὐτήν.</span> <span class='ocrx_word' id='word_1_236' title='bbox 2776 2153 2783 2159; x_wconf 43' lang='grc'>,</span> 
     </span>
    </p>
   </div>
   <div class='ocr_carea' id='block_1_15' title="bbox 2914 2181 2999 2236">
    <p class='ocr_par' dir='ltr' id='par_1_16' title="bbox 2914 2181 2999 2236">
     <span class='ocr_line' id='line_1_37' title="bbox 2914 2181 2999 2236; baseline 0.024 -2"><span class='ocrx_word' id='word_1_237' title='bbox 2914 2181 2999 2236; x_wconf 85' lang='lat'>18.</span> 
     </span>
    </p>
   </div>
   <div class='ocr_carea' id='block_1_16' title="bbox 2172 2320 3742 2762">
    <p class='ocr_par' dir='ltr' id='par_1_17' title="bbox 2172 2320 3742 2762">
     <span class='ocr_line' id='line_1_38' title="bbox 2252 2320 3742 2409; baseline 0.013 -35"><span class='ocrx_word' id='word_1_238' title='bbox 2252 2320 2548 2376; x_wconf 67' lang='lat' dir='ltr'>Athenaeus</span> <span class='ocrx_word' id='word_1_239' title='bbox 2567 2323 2681 2377; x_wconf 88' lang='lat' dir='ltr'>XII</span> <span class='ocrx_word' id='word_1_240' title='bbox 2700 2364 2715 2392; x_wconf 92' lang='lat'>‚</span> <span class='ocrx_word' id='word_1_241' title='bbox 2743 2343 2805 2397; x_wconf 91' lang='lat' dir='ltr'>p.</span> <span class='ocrx_word' id='word_1_242' title='bbox 2836 2323 2970 2394; x_wconf 75' lang='lat'>514,</span> <span class='ocrx_word' id='word_1_243' title='bbox 2990 2329 3039 2381; x_wconf 88' lang='lat' dir='ltr'><strong>A</strong></span> <span class='ocrx_word' id='word_1_244' title='bbox 3073 2346 3087 2381; x_wconf 72' lang='grc' dir='ltr'>ε</span> <span class='ocrx_word' id='word_1_245' title='bbox 3123 2325 3227 2384; x_wconf 82' lang='grc' dir='ltr'>Καὶ</span> <span class='ocrx_word' id='word_1_246' title='bbox 3245 2327 3307 2385; x_wconf 89' lang='grc' dir='ltr'>τὸ</span> <span class='ocrx_word' id='word_1_247' title='bbox 3331 2330 3653 2409; x_wconf 72' lang='grc' dir='ltr'><strong>παράσημον</strong></span> <span class='ocrx_word' id='word_1_248' title='bbox 3673 2332 3742 2393; x_wconf 61' lang='grc' dir='ltr'>δὲ)</span> 
     </span>
     <span class='ocr_line' id='line_1_39' title="bbox 2172 2402 3727 2493; baseline 0.013 -33"><span class='ocrx_word' id='word_1_249' title='bbox 2172 2402 2200 2460; x_wconf 86' lang='grc' dir='ltr'>ὃ</span> <span class='ocrx_word' id='word_1_250' title='bbox 2228 2404 2519 2464; x_wconf 77' lang='grc' dir='ltr'>ἐπετίθεντο</span> <span class='ocrx_word' id='word_1_251' title='bbox 2550 2411 2616 2487; x_wconf 81' lang='grc' dir='ltr'>τῇ</span> <span class='ocrx_word' id='word_1_252' title='bbox 2644 2411 2848 2488; x_wconf 69' lang='grc' dir='ltr'>κεφαλῇ</span> <span class='ocrx_word' id='word_1_253' title='bbox 2880 2412 2927 2468; x_wconf 80' lang='grc' dir='ltr'>οἱ</span> <span class='ocrx_word' id='word_1_254' title='bbox 2954 2414 3057 2468; x_wconf 80' lang='grc' dir='ltr'>τῶν</span> <span class='ocrx_word' id='word_1_255' title='bbox 3087 2415 3304 2493; x_wconf 83' lang='grc' dir='ltr'>Περσῶν</span> <span class='ocrx_word' id='word_1_256' title='bbox 3336 2419 3595 2493; x_wconf 73' lang='grc' dir='ltr'>βασιλεῖς,</span> <span class='ocrx_word' id='word_1_257' title='bbox 3624 2422 3727 2479; x_wconf 73' lang='grc' dir='ltr'>οὐδ’</span> 
     </span>
     <span class='ocr_line' id='line_1_40' title="bbox 2176 2492 3731 2574; baseline 0.011 -25"><span class='ocrx_word' id='word_1_258' title='bbox 2176 2492 2304 2550; x_wconf 81' lang='grc' dir='ltr'>αὐτὸ</span> <span class='ocrx_word' id='word_1_259' title='bbox 2337 2496 2546 2574; x_wconf 84' lang='grc' dir='ltr'>ἠρνεῖτο</span> <span class='ocrx_word' id='word_1_260' title='bbox 2572 2494 2670 2568; x_wconf 84' lang='grc' dir='ltr'>τὴν</span> <span class='ocrx_word' id='word_1_261' title='bbox 2699 2501 2794 2568; x_wconf 79' lang='grc' dir='ltr'>τῆς</span> <span class='ocrx_word' id='word_1_262' title='bbox 2829 2498 3150 2569; x_wconf 80' lang='grc' dir='ltr'>ἡδυπαθείας</span> <span class='ocrx_word' id='word_1_263' title='bbox 3192 2504 3508 2563; x_wconf 79' lang='grc' dir='ltr'>ἀπόλαυσιν.</span> <span class='ocrx_word' id='word_1_264' title='bbox 3560 2511 3731 2568; x_wconf 87' lang='grc' dir='ltr'>Κατε-</span> 
     </span>
     <span class='ocr_line' id='line_1_41' title="bbox 2186 2579 3740 2672; baseline 0.012 -36"><span class='ocrx_word' id='word_1_265' title='bbox 2186 2579 2469 2649; x_wconf 85' lang='grc' dir='ltr'>σκευάζετο</span> <span class='ocrx_word' id='word_1_266' title='bbox 2498 2580 2618 2663; x_wconf 76' lang='grc' dir='ltr'>γὰρ,</span> <span class='ocrx_word' id='word_1_267' title='bbox 2649 2584 2720 2651; x_wconf 79' lang='grc' dir='ltr'>ὥς</span> <span class='ocrx_word' id='word_1_268' title='bbox 2750 2607 2879 2665; x_wconf 82' lang='grc' dir='ltr'>φησι</span> <span class='ocrx_word' id='word_1_269' title='bbox 2913 2586 3138 2659; x_wconf 88' lang='grc' dir='ltr'><strong>Δείνων,</strong></span> <span class='ocrx_word' id='word_1_270' title='bbox 3176 2592 3235 2648; x_wconf 77' lang='grc' dir='ltr'>ἐκ</span> <span class='ocrx_word' id='word_1_271' title='bbox 3266 2589 3505 2672; x_wconf 80' lang='grc' dir='ltr'><strong>σμύρνης</strong></span> <span class='ocrx_word' id='word_1_272' title='bbox 3540 2597 3740 2656; x_wconf 78' lang='grc' dir='ltr'>καὶτοῦ</span> 
     </span>
     <span class='ocr_line' id='line_1_42' title="bbox 2180 2669 3736 2762; baseline 0.01 -36"><span class='ocrx_word' id='word_1_273' title='bbox 2180 2669 2503 2747; x_wconf 78' lang='grc' dir='ltr'>καλουμένου</span> <span class='ocrx_word' id='word_1_274' title='bbox 2532 2671 2784 2743; x_wconf 72' lang='grc' dir='ltr'>λαὸύζου.</span> <span class='ocrx_word' id='word_1_275' title='bbox 2826 2675 3042 2749; x_wconf 82' lang='grc' dir='ltr'><strong>Εὖώδης</strong></span> <span class='ocrx_word' id='word_1_276' title='bbox 3064 2677 3109 2736; x_wconf 85' lang='grc' dir='ltr'>δ’</span> <span class='ocrx_word' id='word_1_277' title='bbox 3130 2679 3270 2738; x_wconf 77' lang='grc' dir='ltr'>ἐστὶν</span> <span class='ocrx_word' id='word_1_278' title='bbox 3300 2685 3330 2752; x_wconf 88' lang='grc' dir='ltr'>ἡ</span> <span class='ocrx_word' id='word_1_279' title='bbox 3362 2681 3626 2762; x_wconf 74' lang='grc' dir='ltr'>λα’ὅυζος,</span> <span class='ocrx_word' id='word_1_280' title='bbox 3651 2685 3736 2744; x_wconf 75' lang='grc' dir='ltr'>καὶ</span> 
     </span>
    </p>
   </div>
   <div class='ocr_carea' id='block_1_17' title="bbox 608 2751 3731 2841">
    <p class='ocr_par' dir='ltr' id='par_1_18' title="bbox 608 2751 3731 2841">
     <span class='ocr_line' id='line_1_43' title="bbox 608 2751 3731 2841; baseline 0.009 -36"><span class='ocrx_word' id='word_1_281' title='bbox 608 2752 905 2807; x_wconf 76' lang='lat' dir='ltr'>Athenaeus</span> <span class='ocrx_word' id='word_1_282' title='bbox 926 2754 1013 2821; x_wconf 86' lang='grc' dir='ltr'>ΙΙ,</span> <span class='ocrx_word' id='word_1_283' title='bbox 1038 2771 1095 2827; x_wconf 88' lang='lat' dir='ltr'>p.</span> <span class='ocrx_word' id='word_1_284' title='bbox 1119 2753 1191 2824; x_wconf 91' lang='lat'>67</span> <span class='ocrx_word' id='word_1_285' title='bbox 1210 2757 1367 2823; x_wconf 83' lang='lat' dir='ltr'>A,B:</span> <span class='ocrx_word' id='word_1_286' title='bbox 1392 2751 1626 2823; x_wconf 84' lang='grc' dir='ltr'>Κτησίας</span> <span class='ocrx_word' id='word_1_287' title='bbox 1645 2754 1692 2810; x_wconf 84' lang='grc' dir='ltr'>δ’</span> <span class='ocrx_word' id='word_1_288' title='bbox 1717 2753 1769 2811; x_wconf 85' lang='grc' dir='ltr'>ἐν</span> <span class='ocrx_word' id='word_1_289' title='bbox 1803 2751 2087 2832; x_wconf 76' lang='grc' dir='ltr'>Καρμανία</span> <span class='ocrx_word' id='word_1_290' title='bbox 2174 2757 2580 2837; x_wconf 83' lang='grc' dir='ltr'>πολυτιμότερον</span> <span class='ocrx_word' id='word_1_291' title='bbox 2622 2764 2715 2831; x_wconf 82' lang='grc' dir='ltr'>τῆς</span> <span class='ocrx_word' id='word_1_292' title='bbox 2754 2761 3006 2841; x_wconf 73' lang='grc' dir='ltr'>σμύρνης.</span> <span class='ocrx_word' id='word_1_293' title='bbox 3045 2763 3239 2824; x_wconf 82' lang='grc' dir='ltr'>Ὁπότε</span> <span class='ocrx_word' id='word_1_294' title='bbox 3283 2767 3337 2826; x_wconf 78' lang='grc' dir='ltr'>δὲ</span> <span class='ocrx_word' id='word_1_295' title='bbox 3373 2769 3467 2828; x_wconf 78' lang='grc' dir='ltr'>καὶ</span> <span class='ocrx_word' id='word_1_296' title='bbox 3506 2771 3612 2830; x_wconf 79' lang='grc' dir='ltr'>ἀπὸ</span> <span class='ocrx_word' id='word_1_297' title='bbox 3648 2778 3731 2832; x_wconf 74' lang='grc' dir='ltr'>τοῦ</span> 
     </span>
    </p>
   </div>
   <div class='ocr_carea' id='block_1_18' title="bbox 528 2830 2090 3178">
    <p class='ocr_par' dir='ltr' id='par_1_19' title="bbox 528 2830 2090 3178">
     <span class='ocr_line' id='line_1_44' title="bbox 530 2830 2082 2919; baseline 0.003 -25"><span class='ocrx_word' id='word_1_298' title='bbox 530 2838 659 2915; x_wconf 77' lang='grc' dir='ltr'>φησὶ</span> <span class='ocrx_word' id='word_1_299' title='bbox 691 2836 923 2913; x_wconf 89' lang='grc' dir='ltr'>γίνεσθαι</span> <span class='ocrx_word' id='word_1_300' title='bbox 946 2836 1118 2896; x_wconf 78' lang='grc' dir='ltr'>ἔλαιον</span> <span class='ocrx_word' id='word_1_301' title='bbox 1156 2838 1456 2910; x_wconf 80' lang='grc' dir='ltr'>ἀκάνθινον,</span> <span class='ocrx_word' id='word_1_302' title='bbox 1494 2830 1538 2919; x_wconf 79' lang='grc' dir='ltr'>ᾧ</span> <span class='ocrx_word' id='word_1_303' title='bbox 1566 2843 1797 2918; x_wconf 67' lang='grc' dir='ltr'>χρῆσθαι</span> <span class='ocrx_word' id='word_1_304' title='bbox 1830 2841 2082 2919; x_wconf 82' lang='grc' dir='ltr'>βασιλέα·</span> 
     </span>
     <span class='ocr_line' id='line_1_45' title="bbox 528 2922 2086 3007; baseline 0.003 -25"><span class='ocrx_word' id='word_1_305' title='bbox 528 2922 583 2990; x_wconf 84' lang='grc' dir='ltr'>ὃς</span> <span class='ocrx_word' id='word_1_306' title='bbox 612 2923 701 2982; x_wconf 73' lang='grc' dir='ltr'>καὶ</span> <span class='ocrx_word' id='word_1_307' title='bbox 723 2923 1028 3000; x_wconf 78' lang='grc' dir='ltr'>καταλέγων</span> <span class='ocrx_word' id='word_1_308' title='bbox 1047 2926 1101 2982; x_wconf 72' lang='grc' dir='ltr'>ἐν</span> <span class='ocrx_word' id='word_1_309' title='bbox 1124 2928 1200 3004; x_wconf 70' lang='grc' dir='ltr'>τῷ</span> <span class='ocrx_word' id='word_1_310' title='bbox 1228 2924 1359 3003; x_wconf 74' lang='grc' dir='ltr'>περὶ</span> <span class='ocrx_word' id='word_1_311' title='bbox 1385 2928 1488 2982; x_wconf 80' lang='grc' dir='ltr'>τῶν</span> <span class='ocrx_word' id='word_1_312' title='bbox 1510 2926 1650 2983; x_wconf 77' lang='grc' dir='ltr'>κατὰ</span> <span class='ocrx_word' id='word_1_313' title='bbox 1675 2925 1771 2997; x_wconf 77' lang='grc' dir='ltr'>τὴν</span> <span class='ocrx_word' id='word_1_314' title='bbox 1800 2925 1974 2985; x_wconf 81' lang='grc' dir='ltr'>Ἀσίαν</span> <span class='ocrx_word' id='word_1_315' title='bbox 1997 2927 2086 3007; x_wconf 71' lang='lat' dir='ltr'>&lt;pti-</span> 
     </span>
     <span class='ocr_line' id='line_1_46' title="bbox 531 3009 2088 3092; baseline 0.004 -26"><span class='ocrx_word' id='word_1_316' title='bbox 531 3032 635 3088; x_wconf 89' lang='grc' dir='ltr'>ρων</span> <span class='ocrx_word' id='word_1_317' title='bbox 663 3009 823 3089; x_wconf 80' lang='grc' dir='ltr'>τρίτῳ</span> <span class='ocrx_word' id='word_1_318' title='bbox 861 3009 1050 3089; x_wconf 75' lang='grc' dir='ltr'>βιὸλίῳ</span> <span class='ocrx_word' id='word_1_319' title='bbox 1086 3010 1261 3068; x_wconf 86' lang='grc' dir='ltr'>πάντα</span> <span class='ocrx_word' id='word_1_320' title='bbox 1291 3009 1359 3069; x_wconf 76' lang='grc' dir='ltr'>τὰ</span> <span class='ocrx_word' id='word_1_321' title='bbox 1385 3014 1462 3090; x_wconf 82' lang='grc' dir='ltr'>τῷ</span> <span class='ocrx_word' id='word_1_322' title='bbox 1506 3013 1713 3090; x_wconf 85' lang='grc' dir='ltr'>βασιλεῖ</span> <span class='ocrx_word' id='word_1_323' title='bbox 1740 3035 2088 3092; x_wconf 88' lang='grc' dir='ltr'>παρασκευα-</span> 
     </span>
     <span class='ocr_line' id='line_1_47' title="bbox 530 3095 2090 3178; baseline 0.002 -22"><span class='ocrx_word' id='word_1_324' title='bbox 530 3097 720 3172; x_wconf 85' lang='grc' dir='ltr'>ζόμενα</span> <span class='ocrx_word' id='word_1_325' title='bbox 759 3096 845 3155; x_wconf 74' lang='grc' dir='ltr'>ἐπὶ</span> <span class='ocrx_word' id='word_1_326' title='bbox 878 3096 938 3155; x_wconf 83' lang='grc' dir='ltr'>τὸ</span> <span class='ocrx_word' id='word_1_327' title='bbox 980 3097 1185 3156; x_wconf 88' lang='grc' dir='ltr'>δεῖπνον</span> <span class='ocrx_word' id='word_1_328' title='bbox 1214 3095 1338 3156; x_wconf 81' lang='grc' dir='ltr'>οὔτε</span> <span class='ocrx_word' id='word_1_329' title='bbox 1377 3097 1645 3178; x_wconf 82' lang='grc' dir='ltr'>πεπέρεως</span> <span class='ocrx_word' id='word_1_330' title='bbox 1673 3098 1936 3175; x_wconf 77' lang='grc' dir='ltr'>μέμνηται</span> <span class='ocrx_word' id='word_1_331' title='bbox 1973 3100 2090 3160; x_wconf 80' lang='grc' dir='ltr'>οὔτε</span> 
     </span>
    </p>
   </div>
   <div class='ocr_carea' id='block_1_19' title="bbox 433 3182 2086 3266">
    <p class='ocr_par' dir='ltr' id='par_1_20' title="bbox 433 3182 2086 3266">
     <span class='ocr_line' id='line_1_48' title="bbox 433 3182 2086 3266; baseline 0.004 -25"><span class='ocrx_word' id='word_1_332' title='bbox 433 3259 442 3266; x_wconf 85' lang='lat'><strong>.</strong></span> <span class='ocrx_word' id='word_1_333' title='bbox 528 3183 701 3254; x_wconf 79' lang='grc' dir='ltr'>ὄξους,</span> <span class='ocrx_word' id='word_1_334' title='bbox 746 3182 775 3241; x_wconf 82' lang='grc' dir='ltr'>δ</span> <span class='ocrx_word' id='word_1_335' title='bbox 815 3184 971 3259; x_wconf 84' lang='grc' dir='ltr'><strong>μόνον</strong></span> <span class='ocrx_word' id='word_1_336' title='bbox 1012 3183 1223 3263; x_wconf 75' lang='grc' dir='ltr'>ἄριστόν</span> <span class='ocrx_word' id='word_1_337' title='bbox 1252 3186 1363 3243; x_wconf 73' lang='lat' dir='ltr'>im</span> <span class='ocrx_word' id='word_1_338' title='bbox 1403 3188 1506 3243; x_wconf 78' lang='grc' dir='ltr'>τῶν</span> <span class='ocrx_word' id='word_1_339' title='bbox 1542 3186 1881 3264; x_wconf 77' lang='grc' dir='ltr'>ἡδυσμάτων.</span> <span class='ocrx_word' id='word_1_340' title='bbox 1927 3187 2086 3247; x_wconf 78' lang='grc' dir='ltr'>Ἀλλὰ</span> 
     </span>
    </p>
   </div>
   <div class='ocr_carea' id='block_1_20' title="bbox 526 3269 2091 3528">
    <p class='ocr_par' dir='ltr' id='par_1_21' title="bbox 526 3269 2091 3528">
     <span class='ocr_line' id='line_1_49' title="bbox 529 3269 2087 3354; baseline 0.004 -26"><span class='ocrx_word' id='word_1_341' title='bbox 529 3269 637 3347; x_wconf 76' lang='grc' dir='ltr'>μὴν</span> <span class='ocrx_word' id='word_1_342' title='bbox 669 3270 788 3329; x_wconf 74' lang='grc' dir='ltr'>οὐδὲ</span> <span class='ocrx_word' id='word_1_343' title='bbox 815 3270 1010 3332; x_wconf 85' lang='grc' dir='ltr'><strong>Δείνων</strong></span> <span class='ocrx_word' id='word_1_344' title='bbox 1036 3273 1090 3330; x_wconf 74' lang='grc' dir='ltr'>ἐν</span> <span class='ocrx_word' id='word_1_345' title='bbox 1118 3276 1185 3350; x_wconf 86' lang='grc' dir='ltr'>τῇ</span> <span class='ocrx_word' id='word_1_346' title='bbox 1233 3273 1470 3352; x_wconf 79' lang='grc' dir='ltr'>Περσικῇ</span> <span class='ocrx_word' id='word_1_347' title='bbox 1517 3273 1854 3354; x_wconf 72' lang='grc' dir='ltr'>πραγματεία</span> <span class='ocrx_word' id='word_1_348' title='bbox 1871 3295 1885 3309; x_wconf 89' lang='grc'><em>·</em></span> <span class='ocrx_word' id='word_1_349' title='bbox 1928 3274 1984 3342; x_wconf 79' lang='grc' dir='ltr'>ὅς</span> <span class='ocrx_word' id='word_1_350' title='bbox 2023 3275 2087 3354; x_wconf 70' lang='grc' dir='ltr'>γέ</span> 
     </span>
     <span class='ocr_line' id='line_1_50' title="bbox 529 3358 2091 3441; baseline 0.003 -26"><span class='ocrx_word' id='word_1_351' title='bbox 529 3381 656 3438; x_wconf 78' lang='grc' dir='ltr'>φησι</span> <span class='ocrx_word' id='word_1_352' title='bbox 702 3358 792 3417; x_wconf 74' lang='grc' dir='ltr'>καὶ</span> <span class='ocrx_word' id='word_1_353' title='bbox 835 3359 940 3417; x_wconf 82' lang='grc' dir='ltr'>ἅλα</span> <span class='ocrx_word' id='word_1_354' title='bbox 981 3358 1345 3435; x_wconf 78' lang='grc' dir='ltr'>Ἀμμωνιακὸν</span> <span class='ocrx_word' id='word_1_355' title='bbox 1387 3360 1486 3418; x_wconf 75' lang='grc' dir='ltr'>ἀπ’</span> <span class='ocrx_word' id='word_1_356' title='bbox 1535 3360 1802 3439; x_wconf 76' lang='grc' dir='ltr'>Αἰγύπτου</span> <span class='ocrx_word' id='word_1_357' title='bbox 1849 3361 2091 3441; x_wconf 78' lang='grc' dir='ltr'>ἀναπέμ-</span> 
     </span>
     <span class='ocr_line' id='line_1_51' title="bbox 526 3446 1692 3528; baseline 0.004 -24"><span class='ocrx_word' id='word_1_358' title='bbox 526 3451 716 3504; x_wconf 87' lang='grc' dir='ltr'>πεσθαι</span> <span class='ocrx_word' id='word_1_359' title='bbox 746 3447 979 3524; x_wconf 84' lang='grc' dir='ltr'>βασιλεῖ,</span> <span class='ocrx_word' id='word_1_360' title='bbox 1004 3447 1095 3505; x_wconf 73' lang='grc' dir='ltr'>καὶ</span> <span class='ocrx_word' id='word_1_361' title='bbox 1121 3446 1261 3528; x_wconf 76' lang='grc' dir='ltr'>ὕδωρ</span> <span class='ocrx_word' id='word_1_362' title='bbox 1289 3450 1347 3507; x_wconf 79' lang='grc' dir='ltr'>ἐκ</span> <span class='ocrx_word' id='word_1_363' title='bbox 1366 3453 1456 3507; x_wconf 81' lang='grc' dir='ltr'>τοῦ</span> <span class='ocrx_word' id='word_1_364' title='bbox 1480 3449 1692 3509; x_wconf 88' lang='grc' dir='ltr'>Νείλου.</span> 
     </span>
    </p>
   </div>
   <div class='ocr_carea' id='block_1_21' title="bbox 2178 2842 3738 3202">
    <p class='ocr_par' dir='ltr' id='par_1_22' title="bbox 2178 2842 3738 3202">
     <span class='ocr_line' id='line_1_52' title="bbox 2182 2842 3738 2929; baseline 0.011 -29"><span class='ocrx_word' id='word_1_365' title='bbox 2182 2842 2414 2922; x_wconf 80' lang='grc' dir='ltr'>ἅρματος</span> <span class='ocrx_word' id='word_1_366' title='bbox 2440 2847 2638 2917; x_wconf 90' lang='grc' dir='ltr'>κατίοι,</span> <span class='ocrx_word' id='word_1_367' title='bbox 2663 2848 2824 2927; x_wconf 76' lang='grc' dir='ltr'>φησὶ,</span> <span class='ocrx_word' id='word_1_368' title='bbox 2863 2850 3133 2929; x_wconf 76' lang='grc' dir='ltr'>βασιλεὺς,</span> <span class='ocrx_word' id='word_1_369' title='bbox 3163 2852 3283 2912; x_wconf 82' lang='grc' dir='ltr'>ὀῦτε</span> <span class='ocrx_word' id='word_1_370' title='bbox 3319 2858 3619 2927; x_wconf 81' lang='grc' dir='ltr'>καθήλλετο</span> <span class='ocrx_word' id='word_1_371' title='bbox 3637 2859 3738 2918; x_wconf 81' lang='grc' dir='ltr'>ὀλί-</span> 
     </span>
     <span class='ocr_line' id='line_1_53' title="bbox 2178 2929 3736 3026; baseline 0.01 -39"><span class='ocrx_word' id='word_1_372' title='bbox 2178 2951 2273 3007; x_wconf 86' lang='grc' dir='ltr'>γου</span> <span class='ocrx_word' id='word_1_373' title='bbox 2296 2929 2440 3012; x_wconf 82' lang='grc' dir='ltr'>ὄντος</span> <span class='ocrx_word' id='word_1_374' title='bbox 2467 2933 2554 2991; x_wconf 71' lang='grc' dir='ltr'>ἐπὶ</span> <span class='ocrx_word' id='word_1_375' title='bbox 2581 2933 2677 3007; x_wconf 75' lang='grc' dir='ltr'>τὴν</span> <span class='ocrx_word' id='word_1_376' title='bbox 2700 2939 2797 3013; x_wconf 80' lang='grc' dir='ltr'>γῆν</span> <span class='ocrx_word' id='word_1_377' title='bbox 2819 2942 2910 2995; x_wconf 77' lang='grc' dir='ltr'>τοῦ</span> <span class='ocrx_word' id='word_1_378' title='bbox 2930 2936 3119 3018; x_wconf 77' lang='grc' dir='ltr'>ὕψους,</span> <span class='ocrx_word' id='word_1_379' title='bbox 3145 2938 3263 2999; x_wconf 83' lang='grc' dir='ltr'>οὔτε</span> <span class='ocrx_word' id='word_1_380' title='bbox 3287 2941 3374 3001; x_wconf 76' lang='grc' dir='ltr'>διὰ</span> <span class='ocrx_word' id='word_1_381' title='bbox 3392 2949 3588 3026; x_wconf 78' lang='grc' dir='ltr'>χειρῶν</span> <span class='ocrx_word' id='word_1_382' title='bbox 3611 2949 3736 3026; x_wconf 75' lang='grc' dir='ltr'>ἔρειο</span> 
     </span>
     <span class='ocr_line' id='line_1_54' title="bbox 2183 3015 3738 3111; baseline 0.013 -37"><span class='ocrx_word' id='word_1_383' title='bbox 2183 3015 2424 3092; x_wconf 84' lang='grc' dir='ltr'>δόμενος,</span> <span class='ocrx_word' id='word_1_384' title='bbox 2466 3022 2583 3079; x_wconf 79' lang='grc' dir='ltr'>ἀλλ’</span> <span class='ocrx_word' id='word_1_385' title='bbox 2621 3022 2703 3080; x_wconf 78' lang='grc' dir='ltr'>ἀεὶ</span> <span class='ocrx_word' id='word_1_386' title='bbox 2743 3026 2884 3105; x_wconf 79' lang='grc' dir='ltr'>αὐτῷ</span> <span class='ocrx_word' id='word_1_387' title='bbox 2920 3032 3144 3105; x_wconf 79' lang='grc' dir='ltr'>χρυσοῦς</span> <span class='ocrx_word' id='word_1_388' title='bbox 3172 3027 3346 3109; x_wconf 79' lang='grc' dir='ltr'>δίφρος</span> <span class='ocrx_word' id='word_1_389' title='bbox 3381 3031 3613 3111; x_wconf 79' lang='grc' dir='ltr'>ἐτίθετο,</span> <span class='ocrx_word' id='word_1_390' title='bbox 3652 3031 3738 3092; x_wconf 64' lang='lat' dir='ltr'>suxi</span> 
     </span>
     <span class='ocr_line' id='line_1_55' title="bbox 2179 3103 3737 3202; baseline 0.013 -42"><span class='ocrx_word' id='word_1_391' title='bbox 2179 3103 2345 3185; x_wconf 84' lang='grc' dir='ltr'>τούτῳ</span> <span class='ocrx_word' id='word_1_392' title='bbox 2374 3106 2657 3166; x_wconf 74' lang='grc' dir='ltr'>ἐπιόαίνων</span> <span class='ocrx_word' id='word_1_393' title='bbox 2702 3110 2916 3190; x_wconf 78' lang='grc' dir='ltr'>κατῄει·</span> <span class='ocrx_word' id='word_1_394' title='bbox 2968 3113 3057 3171; x_wconf 78' lang='grc' dir='ltr'>καὶ</span> <span class='ocrx_word' id='word_1_395' title='bbox 3096 3117 3128 3172; x_wconf 75' lang='grc' dir='ltr'><strong>ὁ</strong></span> <span class='ocrx_word' id='word_1_396' title='bbox 3155 3118 3414 3192; x_wconf 83' lang='grc' dir='ltr'>βασιλέως</span> <span class='ocrx_word' id='word_1_397' title='bbox 3440 3119 3737 3202; x_wconf 75' lang='grc' dir='ltr'>διφροφόρος</span> 
     </span>
    </p>
   </div>
   <div class='ocr_carea' id='block_1_22' title="bbox 2179 3191 2635 3255">
    <p class='ocr_par' dir='ltr' id='par_1_23' title="bbox 2179 3191 2635 3255">
     <span class='ocr_line' id='line_1_56' title="bbox 2179 3191 2635 3255; baseline 0.013 -8"><span class='ocrx_word' id='word_1_398' title='bbox 2179 3191 2249 3255; x_wconf 78' lang='grc' dir='ltr'>εἰς</span> <span class='ocrx_word' id='word_1_399' title='bbox 2270 3197 2418 3250; x_wconf 82' lang='grc' dir='ltr'>τοῦτο</span> <span class='ocrx_word' id='word_1_400' title='bbox 2438 3191 2635 3253; x_wconf 82' lang='grc' dir='ltr'>εἵπετο.</span> 
     </span>
    </p>
   </div>
   <div class='ocr_carea' id='block_1_23' title="bbox 2180 3283 3736 3423">
    <p class='ocr_par' dir='ltr' id='par_1_24' title="bbox 2180 3283 3736 3423">
     <span class='ocr_line' id='line_1_57' title="bbox 2260 3283 3736 3367; baseline 0.015 -32"><span class='ocrx_word' id='word_1_401' title='bbox 2260 3283 2395 3353; x_wconf 82' lang='lat' dir='ltr'>Quae</span> <span class='ocrx_word' id='word_1_402' title='bbox 2431 3296 2746 3357; x_wconf 87' lang='lat' dir='ltr'>sequuntur</span> <span class='ocrx_word' id='word_1_403' title='bbox 2779 3287 2912 3344; x_wconf 85' lang='lat' dir='ltr'>vide</span> <span class='ocrx_word' id='word_1_404' title='bbox 2946 3290 3006 3345; x_wconf 89' lang='lat' dir='ltr'>in</span> <span class='ocrx_word' id='word_1_405' title='bbox 3046 3290 3248 3367; x_wconf 82' lang='lat' dir='ltr'>fragm.</span> <span class='ocrx_word' id='word_1_406' title='bbox 3284 3294 3604 3354; x_wconf 79' lang='lat' dir='ltr'>Heraclidis</span> <span class='ocrx_word' id='word_1_407' title='bbox 3630 3298 3736 3356; x_wconf 80' lang='lat' dir='ltr'>cn-</span> 
     </span>
     <span class='ocr_line' id='line_1_58' title="bbox 2180 3385 2353 3423; baseline 0.017 -3"><span class='ocrx_word' id='word_1_408' title='bbox 2180 3385 2353 3423; x_wconf 82' lang='lat' dir='ltr'>mam.</span> 
     </span>
    </p>
   </div>
   <div class='ocr_carea' id='block_1_24' title="bbox 529 3610 3733 3699">
    <p class='ocr_par' dir='ltr' id='par_1_25' title="bbox 529 3610 3733 3699">
     <span class='ocr_line' id='line_1_59' title="bbox 529 3610 3733 3699; baseline 0.009 -40"><span class='ocrx_word' id='word_1_409' title='bbox 529 3624 613 3659; x_wconf 75' lang='lat' dir='ltr'>rex</span> <span class='ocrx_word' id='word_1_410' title='bbox 646 3610 830 3671; x_wconf 77' lang='lat' dir='ltr'>cujates</span> <span class='ocrx_word' id='word_1_411' title='bbox 855 3610 951 3660; x_wconf 75' lang='lat' dir='ltr'>inae</span> <span class='ocrx_word' id='word_1_412' title='bbox 986 3614 1145 3662; x_wconf 85' lang='lat' dir='ltr'>essent</span> <span class='ocrx_word' id='word_1_413' title='bbox 1188 3630 1200 3661; x_wconf 90' lang='lat'><strong>:</strong></span> <span class='ocrx_word' id='word_1_414' title='bbox 1224 3626 1474 3676; x_wconf 83' lang='lat' dir='ltr'>quumque</span> <span class='ocrx_word' id='word_1_415' title='bbox 1500 3614 1812 3664; x_wconf 74' lang='lat' dir='ltr'>intellexisset</span> <span class='ocrx_word' id='word_1_416' title='bbox 1840 3627 1903 3664; x_wconf 84' lang='lat' dir='ltr'>ex</span> <span class='ocrx_word' id='word_1_417' title='bbox 1949 3615 2087 3664; x_wconf 78' lang='lat' dir='ltr'>Athe·</span> <span class='ocrx_word' id='word_1_418' title='bbox 2180 3622 2384 3683; x_wconf 81' lang='lat' dir='ltr'>AEgypto</span> <span class='ocrx_word' id='word_1_419' title='bbox 2399 3620 2461 3670; x_wconf 86' lang='lat' dir='ltr'>ad</span> <span class='ocrx_word' id='word_1_420' title='bbox 2479 3635 2639 3685; x_wconf 85' lang='lat' dir='ltr'>regem</span> <span class='ocrx_word' id='word_1_421' title='bbox 2661 3623 2789 3674; x_wconf 85' lang='lat' dir='ltr'>mitti</span> <span class='ocrx_word' id='word_1_422' title='bbox 2812 3624 3010 3676; x_wconf 86' lang='lat' dir='ltr'>solitum</span> <span class='ocrx_word' id='word_1_423' title='bbox 3034 3634 3386 3682; x_wconf 79' lang='lat' dir='ltr'>commemorat</span> <span class='ocrx_word' id='word_1_424' title='bbox 3408 3635 3461 3684; x_wconf 90' lang='lat' dir='ltr'>et</span> <span class='ocrx_word' id='word_1_425' title='bbox 3483 3648 3659 3699; x_wconf 77' lang='lat' dir='ltr'>aqum</span> <span class='ocrx_word' id='word_1_426' title='bbox 3676 3649 3733 3687; x_wconf 80' lang='lat' dir='ltr'>ex</span> 
     </span>
    </p>
   </div>
   <div class='ocr_carea' id='block_1_25' title="bbox 525 3686 2090 3983">
    <p class='ocr_par' dir='ltr' id='par_1_26' title="bbox 525 3686 2090 3983">
     <span class='ocr_line' id='line_1_60' title="bbox 525 3686 2086 3754; baseline 0.002 -18"><span class='ocrx_word' id='word_1_427' title='bbox 525 3686 602 3737; x_wconf 86' lang='lat' dir='ltr'>nis</span> <span class='ocrx_word' id='word_1_428' title='bbox 624 3701 726 3737; x_wconf 82' lang='lat' dir='ltr'>esse</span> <span class='ocrx_word' id='word_1_429' title='bbox 737 3724 752 3748; x_wconf 86' lang='lat'>,</span> <span class='ocrx_word' id='word_1_430' title='bbox 767 3689 922 3738; x_wconf 85' lang='lat' dir='ltr'>vetuit</span> <span class='ocrx_word' id='word_1_431' title='bbox 943 3702 1004 3737; x_wconf 88' lang='lat' dir='ltr'>ne</span> <span class='ocrx_word' id='word_1_432' title='bbox 1017 3689 1217 3751; x_wconf 84' lang='lat' dir='ltr'>posthac</span> <span class='ocrx_word' id='word_1_433' title='bbox 1235 3690 1544 3741; x_wconf 85' lang='lat' dir='ltr'>obsonatores</span> <span class='ocrx_word' id='word_1_434' title='bbox 1559 3694 1801 3753; x_wconf 89' lang='lat' dir='ltr'>emerent,</span> <span class='ocrx_word' id='word_1_435' title='bbox 1821 3690 1977 3741; x_wconf 86' lang='lat' dir='ltr'>donec</span> <span class='ocrx_word' id='word_1_436' title='bbox 1998 3691 2086 3754; x_wconf 84' lang='lat' dir='ltr'>ipsi</span> 
     </span>
     <span class='ocr_line' id='line_1_61' title="bbox 526 3764 2087 3830; baseline 0.003 -17"><span class='ocrx_word' id='word_1_437' title='bbox 526 3766 735 3826; x_wconf 82' lang='lat' dir='ltr'>potestas</span> <span class='ocrx_word' id='word_1_438' title='bbox 756 3766 877 3814; x_wconf 77' lang='lat' dir='ltr'>foret</span> <span class='ocrx_word' id='word_1_439' title='bbox 906 3764 1147 3825; x_wconf 88' lang='lat' dir='ltr'>sumendi,</span> <span class='ocrx_word' id='word_1_440' title='bbox 1169 3766 1210 3814; x_wconf 83' lang='lat' dir='ltr'>sl</span> <span class='ocrx_word' id='word_1_441' title='bbox 1227 3767 1392 3826; x_wconf 80' lang='lat' dir='ltr'>vellet,</span> <span class='ocrx_word' id='word_1_442' title='bbox 1412 3781 1510 3816; x_wconf 93' lang='lat' dir='ltr'>non</span> <span class='ocrx_word' id='word_1_443' title='bbox 1528 3770 1729 3830; x_wconf 86' lang='lat' dir='ltr'>emptas.</span> <span class='ocrx_word' id='word_1_444' title='bbox 1748 3768 1896 3818; x_wconf 81' lang='lat' dir='ltr'>Aiunt</span> <span class='ocrx_word' id='word_1_445' title='bbox 1922 3771 2087 3818; x_wconf 85' lang='lat' dir='ltr'>autem</span> 
     </span>
     <span class='ocr_line' id='line_1_62' title="bbox 525 3841 2090 3905; baseline 0.004 -16"><span class='ocrx_word' id='word_1_446' title='bbox 525 3841 746 3891; x_wconf 84' lang='lat' dir='ltr'>consulto</span> <span class='ocrx_word' id='word_1_447' title='bbox 771 3841 820 3890; x_wconf 93' lang='lat' dir='ltr'>id</span> <span class='ocrx_word' id='word_1_448' title='bbox 835 3841 1110 3890; x_wconf 84' lang='lat' dir='ltr'>eunuchum</span> <span class='ocrx_word' id='word_1_449' title='bbox 1135 3842 1320 3904; x_wconf 78' lang='lat' dir='ltr'>secisse,</span> <span class='ocrx_word' id='word_1_450' title='bbox 1339 3856 1439 3905; x_wconf 89' lang='lat' dir='ltr'>quo</span> <span class='ocrx_word' id='word_1_451' title='bbox 1466 3843 1518 3892; x_wconf 91' lang='lat' dir='ltr'>in</span> <span class='ocrx_word' id='word_1_452' title='bbox 1535 3845 1816 3894; x_wconf 83' lang='lat' dir='ltr'>memoriam</span> <span class='ocrx_word' id='word_1_453' title='bbox 1839 3849 2090 3896; x_wconf 72' lang='lat' dir='ltr'>revocaret</span> 
     </span>
     <span class='ocr_line' id='line_1_63' title="bbox 525 3918 1900 3983; baseline 0.006 -19"><span class='ocrx_word' id='word_1_454' title='bbox 525 3919 623 3981; x_wconf 77' lang='lat' dir='ltr'>regi</span> <span class='ocrx_word' id='word_1_455' title='bbox 658 3918 1013 3981; x_wconf 82' lang='lat' dir='ltr'>expeditionem</span> <span class='ocrx_word' id='word_1_456' title='bbox 1046 3918 1278 3969; x_wconf 83' lang='lat' dir='ltr'>adversus</span> <span class='ocrx_word' id='word_1_457' title='bbox 1308 3921 1520 3970; x_wconf 78' lang='lat' dir='ltr'>Athenas</span> <span class='ocrx_word' id='word_1_458' title='bbox 1535 3921 1900 3983; x_wconf 84' lang='lat' dir='ltr'>suscipiendam.</span> 
     </span>
    </p>
   </div>
   <div class='ocr_carea' id='block_1_26' title="bbox 585 4019 1877 4164">
    <p class='ocr_par' dir='ltr' id='par_1_27' title="bbox 585 4019 1877 4164">
     <span class='ocr_line' id='line_1_64' title="bbox 585 4019 1877 4164; baseline 0.002 -16"><span class='ocrx_word' id='word_1_459' title='bbox 585 4099 761 4149; x_wconf 83' lang='lat' dir='ltr'>Dulces</span> <span class='ocrx_word' id='word_1_460' title='bbox 776 4111 880 4150; x_wconf 86' lang='lat' dir='ltr'>esse</span> <span class='ocrx_word' id='word_1_461' title='bbox 899 4097 1079 4148; x_wconf 77' lang='lat' dir='ltr'>caricas</span> <span class='ocrx_word' id='word_1_462' title='bbox 1097 4021 1283 4150; x_wconf 64' lang='lat' dir='ltr'>Attica:</span> <span class='ocrx_word' id='word_1_463' title='bbox 1296 4019 1421 4150; x_wconf 57' lang='lat' dir='ltr'>{ino</span> <span class='ocrx_word' id='word_1_464' title='bbox 1440 4112 1636 4164; x_wconf 86' lang='lat' dir='ltr'>quoque</span> <span class='ocrx_word' id='word_1_465' title='bbox 1655 4103 1877 4153; x_wconf 82' lang='lat' dir='ltr'>testatur.</span> 
     </span>
    </p>
   </div>
   <div class='ocr_carea' id='block_1_27' title="bbox 1258 4193 1343 4243">
    <p class='ocr_par' dir='ltr' id='par_1_28' title="bbox 1258 4193 1343 4243">
     <span class='ocr_line' id='line_1_65' title="bbox 1258 4193 1343 4243; baseline 0 0"><span class='ocrx_word' id='word_1_466' title='bbox 1258 4193 1343 4243; x_wconf 83' lang='lat'>14.</span> 
     </span>
    </p>
   </div>
   <div class='ocr_carea' id='block_1_28' title="bbox 979 4316 1603 4372">
    <p class='ocr_par' dir='ltr' id='par_1_29' title="bbox 979 4316 1603 4372">
     <span class='ocr_line' id='line_1_66' title="bbox 979 4316 1603 4372; baseline 0.002 -3"><span class='ocrx_word' id='word_1_467' title='bbox 979 4316 1024 4370; x_wconf 88' lang='lat' dir='ltr'>E</span> <span class='ocrx_word' id='word_1_468' title='bbox 1059 4316 1281 4371; x_wconf 84' lang='lat' dir='ltr'>LIBRO</span> <span class='ocrx_word' id='word_1_469' title='bbox 1317 4317 1603 4372; x_wconf 84' lang='lat' dir='ltr'><strong>TERTIO.</strong></span> 
     </span>
    </p>
   </div>
   <div class='ocr_carea' id='block_1_29' title="bbox 522 4418 2084 4816">
    <p class='ocr_par' dir='ltr' id='par_1_30' title="bbox 522 4418 2084 4713">
     <span class='ocr_line' id='line_1_67' title="bbox 584 4418 2082 4476; baseline 0.007 -10"><span class='ocrx_word' id='word_1_470' title='bbox 584 4418 708 4466; x_wconf 89' lang='lat' dir='ltr'>Dino</span> <span class='ocrx_word' id='word_1_471' title='bbox 725 4418 848 4468; x_wconf 88' lang='lat' dir='ltr'>libro</span> <span class='ocrx_word' id='word_1_472' title='bbox 857 4419 1001 4468; x_wconf 88' lang='lat' dir='ltr'>tertio</span> <span class='ocrx_word' id='word_1_473' title='bbox 1017 4422 1194 4469; x_wconf 84' lang='lat' dir='ltr'>Rerum</span> <span class='ocrx_word' id='word_1_474' title='bbox 1219 4423 1470 4474; x_wconf 77' lang='lat' dir='ltr'>Persarum</span> <span class='ocrx_word' id='word_1_475' title='bbox 1488 4421 1555 4471; x_wconf 85' lang='lat' dir='ltr'>ita</span> <span class='ocrx_word' id='word_1_476' title='bbox 1564 4421 1731 4472; x_wconf 79' lang='lat' dir='ltr'>scribit</span> <span class='ocrx_word' id='word_1_477' title='bbox 1753 4443 1766 4473; x_wconf 73' lang='grc' dir='ltr'>ι</span> <span class='ocrx_word' id='word_1_478' title='bbox 1785 4443 1810 4466; x_wconf 74' lang='grc' dir='ltr'>σι</span> <span class='ocrx_word' id='word_1_479' title='bbox 1825 4426 1908 4474; x_wconf 85' lang='lat' dir='ltr'>Est</span> <span class='ocrx_word' id='word_1_480' title='bbox 1919 4428 2082 4476; x_wconf 84' lang='lat' dir='ltr'>autem</span> 
     </span>
     <span class='ocr_line' id='line_1_68' title="bbox 523 4495 2083 4564; baseline 0.006 -20"><span class='ocrx_word' id='word_1_481' title='bbox 523 4495 762 4544; x_wconf 84' lang='lat' dir='ltr'>Potibazis</span> <span class='ocrx_word' id='word_1_482' title='bbox 787 4496 923 4557; x_wconf 83' lang='lat' dir='ltr'>panis</span> <span class='ocrx_word' id='word_1_483' title='bbox 940 4496 1208 4558; x_wconf 73' lang='lat' dir='ltr'>hordaceus</span> <span class='ocrx_word' id='word_1_484' title='bbox 1226 4499 1276 4548; x_wconf 88' lang='lat' dir='ltr'>et</span> <span class='ocrx_word' id='word_1_485' title='bbox 1293 4499 1509 4548; x_wconf 82' lang='lat' dir='ltr'>triticeus</span> <span class='ocrx_word' id='word_1_486' title='bbox 1540 4501 1722 4561; x_wconf 88' lang='lat' dir='ltr'>coctus,</span> <span class='ocrx_word' id='word_1_487' title='bbox 1746 4503 1794 4550; x_wconf 83' lang='lat' dir='ltr'>et</span> <span class='ocrx_word' id='word_1_488' title='bbox 1812 4507 2083 4564; x_wconf 78' lang='lat' dir='ltr'>cupressina</span> 
     </span>
     <span class='ocr_line' id='line_1_69' title="bbox 522 4572 2084 4642; baseline 0.009 -23"><span class='ocrx_word' id='word_1_489' title='bbox 522 4583 725 4634; x_wconf 87' lang='lat' dir='ltr'>corona,</span> <span class='ocrx_word' id='word_1_490' title='bbox 744 4575 793 4621; x_wconf 90' lang='lat' dir='ltr'>et</span> <span class='ocrx_word' id='word_1_491' title='bbox 819 4572 986 4622; x_wconf 79' lang='lat' dir='ltr'>vinum</span> <span class='ocrx_word' id='word_1_492' title='bbox 1012 4573 1220 4624; x_wconf 80' lang='lat' dir='ltr'>mixtum</span> <span class='ocrx_word' id='word_1_493' title='bbox 1239 4575 1289 4624; x_wconf 92' lang='lat' dir='ltr'>in</span> <span class='ocrx_word' id='word_1_494' title='bbox 1312 4588 1458 4625; x_wconf 86' lang='lat' dir='ltr'>aureo</span> <span class='ocrx_word' id='word_1_495' title='bbox 1493 4589 1615 4637; x_wconf 77' lang='lat' dir='ltr'>ovo,</span> <span class='ocrx_word' id='word_1_496' title='bbox 1643 4575 1705 4625; x_wconf 89' lang='lat' dir='ltr'>de</span> <span class='ocrx_word' id='word_1_497' title='bbox 1739 4591 1837 4639; x_wconf 91' lang='lat' dir='ltr'>quo</span> <span class='ocrx_word' id='word_1_498' title='bbox 1871 4580 1972 4642; x_wconf 86' lang='lat' dir='ltr'>ipse</span> <span class='ocrx_word' id='word_1_499' title='bbox 1998 4596 2084 4632; x_wconf 84' lang='lat' dir='ltr'>rex</span> 
     </span>
     <span class='ocr_line' id='line_1_70' title="bbox 523 4663 708 4713; baseline 0.011 -1"><span class='ocrx_word' id='word_1_500' title='bbox 523 4663 660 4713; x_wconf 87' lang='lat' dir='ltr'>bibit.</span> <span class='ocrx_word' id='word_1_501' title='bbox 685 4683 708 4706; x_wconf 72' lang='lat' dir='ltr'>n</span> 
     </span>
    </p>

    <p class='ocr_par' dir='ltr' id='par_1_31' title="bbox 1266 4767 1349 4816">
     <span class='ocr_line' id='line_1_71' title="bbox 1266 4767 1349 4816; baseline 0.012 -1"><span class='ocrx_word' id='word_1_502' title='bbox 1266 4767 1349 4816; x_wconf 81' lang='lat'>¹5.</span> 
     </span>
    </p>
   </div>
   <div class='ocr_carea' id='block_1_30' title="bbox 519 4856 2083 5330">
    <p class='ocr_par' dir='ltr' id='par_1_32' title="bbox 519 4856 2083 5330">
     <span class='ocr_line' id='line_1_72' title="bbox 584 4856 2083 4931; baseline 0.009 -23"><span class='ocrx_word' id='word_1_503' title='bbox 584 4856 771 4908; x_wconf 83' lang='lat' dir='ltr'>Ctesias</span> <span class='ocrx_word' id='word_1_504' title='bbox 791 4857 929 4908; x_wconf 79' lang='lat' dir='ltr'>sitin</span> <span class='ocrx_word' id='word_1_505' title='bbox 950 4861 1209 4910; x_wconf 84' lang='lat' dir='ltr'>carmania</span> <span class='ocrx_word' id='word_1_506' title='bbox 1232 4861 1395 4912; x_wconf 87' lang='lat' dir='ltr'>oleum</span> <span class='ocrx_word' id='word_1_507' title='bbox 1419 4877 1448 4914; x_wconf 89' lang='lat' dir='ltr'>e</span> <span class='ocrx_word' id='word_1_508' title='bbox 1466 4865 1604 4928; x_wconf 84' lang='lat' dir='ltr'>spina</span> <span class='ocrx_word' id='word_1_509' title='bbox 1635 4867 1736 4917; x_wconf 77' lang='lat' dir='ltr'>lieri</span> <span class='ocrx_word' id='word_1_510' title='bbox 1751 4904 1767 4930; x_wconf 89' lang='lat'>‚</span> <span class='ocrx_word' id='word_1_511' title='bbox 1790 4879 1888 4931; x_wconf 88' lang='lat' dir='ltr'>quo</span> <span class='ocrx_word' id='word_1_512' title='bbox 1916 4872 2083 4921; x_wconf 85' lang='lat' dir='ltr'>utatur</span> 
     </span>
     <span class='ocr_line' id='line_1_73' title="bbox 521 4934 2079 5011; baseline 0.01 -30"><span class='ocrx_word' id='word_1_513' title='bbox 521 4946 626 4982; x_wconf 78' lang='lat' dir='ltr'>rex.</span> <span class='ocrx_word' id='word_1_514' title='bbox 652 4934 786 4983; x_wconf 83' lang='lat' dir='ltr'>idem</span> <span class='ocrx_word' id='word_1_515' title='bbox 815 4935 938 4984; x_wconf 86' lang='lat' dir='ltr'>libro</span> <span class='ocrx_word' id='word_1_516' title='bbox 962 4938 1104 4987; x_wconf 87' lang='lat' dir='ltr'>lertio</span> <span class='ocrx_word' id='word_1_517' title='bbox 1122 4937 1185 4988; x_wconf 82' lang='lat' dir='ltr'>ds</span> <span class='ocrx_word' id='word_1_518' title='bbox 1205 4939 1398 4991; x_wconf 85' lang='lat' dir='ltr'>tribulis</span> <span class='ocrx_word' id='word_1_519' title='bbox 1418 4955 1530 5005; x_wconf 65' lang='lat' dir='ltr'>quae</span> <span class='ocrx_word' id='word_1_520' title='bbox 1552 4943 1603 4993; x_wconf 87' lang='lat' dir='ltr'>in</span> <span class='ocrx_word' id='word_1_521' title='bbox 1639 4945 1749 4994; x_wconf 66' lang='lat' dir='ltr'>Asia</span> <span class='ocrx_word' id='word_1_522' title='bbox 1782 4946 2079 5011; x_wconf 85' lang='lat' dir='ltr'>penduntur,</span> 
     </span>
     <span class='ocr_line' id='line_1_74' title="bbox 522 5013 2082 5088; baseline 0.011 -29"><span class='ocrx_word' id='word_1_523' title='bbox 522 5013 684 5062; x_wconf 86' lang='lat' dir='ltr'>omnia</span> <span class='ocrx_word' id='word_1_524' title='bbox 703 5025 951 5065; x_wconf 77' lang='lat' dir='ltr'>recensens</span> <span class='ocrx_word' id='word_1_525' title='bbox 967 5028 1079 5077; x_wconf 73' lang='lat' dir='ltr'>qum</span> <span class='ocrx_word' id='word_1_526' title='bbox 1095 5016 1157 5066; x_wconf 87' lang='lat' dir='ltr'>ad</span> <span class='ocrx_word' id='word_1_527' title='bbox 1183 5030 1371 5068; x_wconf 83' lang='lat' dir='ltr'>coenam</span> <span class='ocrx_word' id='word_1_528' title='bbox 1392 5024 1490 5082; x_wconf 76' lang='lat' dir='ltr'>regi</span> <span class='ocrx_word' id='word_1_529' title='bbox 1515 5026 1766 5083; x_wconf 76' lang='lat' dir='ltr'>parantur,</span> <span class='ocrx_word' id='word_1_530' title='bbox 1790 5037 1880 5074; x_wconf 90' lang='lat' dir='ltr'>nec</span> <span class='ocrx_word' id='word_1_531' title='bbox 1906 5026 2082 5088; x_wconf 82' lang='lat' dir='ltr'>piperis</span> 
     </span>
     <span class='ocr_line' id='line_1_75' title="bbox 522 5092 2080 5162; baseline 0.011 -24"><span class='ocrx_word' id='word_1_532' title='bbox 522 5092 814 5141; x_wconf 81' lang='lat' dir='ltr'>mentionem</span> <span class='ocrx_word' id='word_1_533' title='bbox 863 5093 1004 5157; x_wconf 76' lang='lat' dir='ltr'>facit,</span> <span class='ocrx_word' id='word_1_534' title='bbox 1059 5108 1150 5145; x_wconf 86' lang='lat' dir='ltr'>nec</span> <span class='ocrx_word' id='word_1_535' title='bbox 1206 5098 1359 5160; x_wconf 76' lang='lat' dir='ltr'>aceti,</span> <span class='ocrx_word' id='word_1_536' title='bbox 1408 5100 1539 5162; x_wconf 85' lang='lat' dir='ltr'>quod</span> <span class='ocrx_word' id='word_1_537' title='bbox 1587 5104 1661 5151; x_wconf 86' lang='lat' dir='ltr'>est</span> <span class='ocrx_word' id='word_1_538' title='bbox 1707 5105 1870 5152; x_wconf 84' lang='lat' dir='ltr'>tamen</span> <span class='ocrx_word' id='word_1_539' title='bbox 1924 5119 2080 5156; x_wconf 88' lang='lat' dir='ltr'>unum</span> 
     </span>
     <span class='ocr_line' id='line_1_76' title="bbox 519 5167 2078 5242; baseline 0.012 -26"><span class='ocrx_word' id='word_1_540' title='bbox 519 5167 735 5216; x_wconf 89' lang='lat' dir='ltr'>omnium</span> <span class='ocrx_word' id='word_1_541' title='bbox 770 5168 1185 5220; x_wconf 78' lang='lat' dir='ltr'>condimentorum</span> <span class='ocrx_word' id='word_1_542' title='bbox 1224 5175 1486 5238; x_wconf 82' lang='lat' dir='ltr'>optimnm3</span> <span class='ocrx_word' id='word_1_543' title='bbox 1523 5176 1606 5226; x_wconf 85' lang='lat' dir='ltr'>sed</span> <span class='ocrx_word' id='word_1_544' title='bbox 1642 5190 1704 5227; x_wconf 89' lang='lat' dir='ltr'>ne</span> <span class='ocrx_word' id='word_1_545' title='bbox 1736 5180 1858 5229; x_wconf 89' lang='lat' dir='ltr'>Dino</span> <span class='ocrx_word' id='word_1_546' title='bbox 1884 5183 2078 5242; x_wconf 86' lang='lat' dir='ltr'>quidem</span> 
     </span>
     <span class='ocr_line' id='line_1_77' title="bbox 520 5243 2076 5330; baseline 0.011 -37"><span class='ocrx_word' id='word_1_547' title='bbox 520 5243 569 5293; x_wconf 86' lang='lat' dir='ltr'>in</span> <span class='ocrx_word' id='word_1_548' title='bbox 604 5245 790 5294; x_wconf 86' lang='lat' dir='ltr'>Persica</span> <span class='ocrx_word' id='word_1_549' title='bbox 823 5244 1043 5308; x_wconf 81' lang='lat' dir='ltr'>historia,</span> <span class='ocrx_word' id='word_1_550' title='bbox 1068 5247 1152 5315; x_wconf 84' lang='lat' dir='ltr'>qui</span> <span class='ocrx_word' id='word_1_551' title='bbox 1182 5250 1345 5300; x_wconf 81' lang='lat' dir='ltr'>tamen</span> <span class='ocrx_word' id='word_1_552' title='bbox 1376 5253 1424 5302; x_wconf 84' lang='lat' dir='ltr'>et</span> <span class='ocrx_word' id='word_1_553' title='bbox 1450 5253 1597 5303; x_wconf 82' lang='lat' dir='ltr'>salem</span> <span class='ocrx_word' id='word_1_554' title='bbox 1625 5257 1992 5330; x_wconf 72' lang='lat' dir='ltr'>Ammoniacum</span> <span class='ocrx_word' id='word_1_555' title='bbox 2015 5275 2076 5310; x_wconf 81' lang='lat' dir='ltr'>ex</span> 
     </span>
    </p>
   </div>
   <div class='ocr_carea' id='block_1_31' title="bbox 2147 3695 2299 3768">
    <p class='ocr_par' dir='ltr' id='par_1_33' title="bbox 2147 3695 2299 3768">
     <span class='ocr_line' id='line_1_78' title="bbox 2147 3695 2299 3768; baseline 0.013 -23"><span class='ocrx_word' id='word_1_556' title='bbox 2147 3764 2155 3768; x_wconf 88' lang='lat'>.</span> <span class='ocrx_word' id='word_1_557' title='bbox 2175 3695 2299 3747; x_wconf 85' lang='lat' dir='ltr'>Nilo.</span> 
     </span>
    </p>
   </div>
   <div class='ocr_carea' id='block_1_32' title="bbox 2922 3787 3006 3838">
    <p class='ocr_par' dir='ltr' id='par_1_34' title="bbox 2922 3787 3006 3838">
     <span class='ocr_line' id='line_1_79' title="bbox 2922 3787 3006 3838; baseline 0.012 -1"><span class='ocrx_word' id='word_1_558' title='bbox 2922 3787 3006 3838; x_wconf 81' lang='lat'>¹6.</span> 
     </span>
    </p>
   </div>
   <div class='ocr_carea' id='block_1_33' title="bbox 2174 3862 3729 4017">
    <p class='ocr_par' dir='ltr' id='par_1_35' title="bbox 2174 3862 3729 4017">
     <span class='ocr_line' id='line_1_80' title="bbox 2235 3862 3729 3932; baseline 0.013 -21"><span class='ocrx_word' id='word_1_559' title='bbox 2235 3862 2360 3912; x_wconf 88' lang='lat' dir='ltr'>Dino</span> <span class='ocrx_word' id='word_1_560' title='bbox 2377 3867 2541 3915; x_wconf 79' lang='lat' dir='ltr'>narrat</span> <span class='ocrx_word' id='word_1_561' title='bbox 2560 3879 2739 3928; x_wconf 83' lang='lat' dir='ltr'>aquam</span> <span class='ocrx_word' id='word_1_562' title='bbox 2764 3881 2960 3932; x_wconf 86' lang='lat' dir='ltr'>quoque</span> <span class='ocrx_word' id='word_1_563' title='bbox 2989 3884 3052 3920; x_wconf 83' lang='lat' dir='ltr'>ex</span> <span class='ocrx_word' id='word_1_564' title='bbox 3080 3872 3188 3922; x_wconf 81' lang='lat' dir='ltr'>Nilo</span> <span class='ocrx_word' id='word_1_565' title='bbox 3214 3876 3348 3924; x_wconf 78' lang='lat' dir='ltr'>etex</span> <span class='ocrx_word' id='word_1_566' title='bbox 3372 3877 3499 3926; x_wconf 82' lang='lat' dir='ltr'>Istro</span> <span class='ocrx_word' id='word_1_567' title='bbox 3524 3879 3729 3929; x_wconf 65' lang='lat' dir='ltr'>mmm</span> 
     </span>
     <span class='ocr_line' id='line_1_81' title="bbox 2174 3938 3728 4017; baseline 0.014 -31"><span class='ocrx_word' id='word_1_568' title='bbox 2174 3938 2299 3989; x_wconf 85' lang='lat' dir='ltr'>inter</span> <span class='ocrx_word' id='word_1_569' title='bbox 2317 3944 2476 3991; x_wconf 87' lang='lat' dir='ltr'>cetera</span> <span class='ocrx_word' id='word_1_570' title='bbox 2490 3957 2623 4005; x_wconf 79' lang='lat' dir='ltr'>reges</span> <span class='ocrx_word' id='word_1_571' title='bbox 2640 3945 2801 3994; x_wconf 74' lang='lat' dir='ltr'>afferri</span> <span class='ocrx_word' id='word_1_572' title='bbox 2813 3946 3006 4005; x_wconf 76' lang='lat' dir='ltr'>iussisse</span> <span class='ocrx_word' id='word_1_573' title='bbox 3024 3948 3142 3998; x_wconf 90' lang='lat' dir='ltr'>etin</span> <span class='ocrx_word' id='word_1_574' title='bbox 3156 3950 3434 4002; x_wconf 71' lang='lat' dir='ltr'>thesaurum</span> <span class='ocrx_word' id='word_1_575' title='bbox 3451 3955 3728 4017; x_wconf 69' lang='lat' dir='ltr'>condidisse,</span> 
     </span>
    </p>
   </div>
   <div class='ocr_carea' id='block_1_34' title="bbox 2174 4019 3728 4142">
    <p class='ocr_par' dir='ltr' id='par_1_36' title="bbox 2174 4019 3728 4142">
     <span class='ocr_line' id='line_1_82' title="bbox 2174 4019 3728 4090; baseline 0.014 -26"><span class='ocrx_word' id='word_1_576' title='bbox 2174 4019 2230 4081; x_wconf 69' lang='lat' dir='ltr'>uJ,</span> <span class='ocrx_word' id='word_1_577' title='bbox 2247 4019 2536 4068; x_wconf 77' lang='lat' dir='ltr'>testarentur</span> <span class='ocrx_word' id='word_1_578' title='bbox 2554 4022 2685 4082; x_wconf 75' lang='lat' dir='ltr'>regni</span> <span class='ocrx_word' id='word_1_579' title='bbox 2710 4023 3089 4084; x_wconf 79' lang='lat' dir='ltr'>magnitudinem</span> <span class='ocrx_word' id='word_1_580' title='bbox 3114 4040 3262 4090; x_wconf 85' lang='lat' dir='ltr'>seque</span> <span class='ocrx_word' id='word_1_581' title='bbox 3276 4031 3497 4082; x_wconf 87' lang='lat' dir='ltr'>omnium</span> <span class='ocrx_word' id='word_1_582' title='bbox 3516 4032 3728 4084; x_wconf 82' lang='lat' dir='ltr'>dominos</span> 
     </span>
     <span class='ocr_line' id='line_1_83' title="bbox 2174 4104 2292 4142; baseline 0.017 -2"><span class='ocrx_word' id='word_1_583' title='bbox 2174 4104 2292 4142; x_wconf 85' lang='lat' dir='ltr'>esse.</span> 
     </span>
    </p>
   </div>
   <div class='ocr_carea' id='block_1_35' title="bbox 2170 4183 3726 4536">
    <p class='ocr_par' dir='ltr' id='par_1_37' title="bbox 2170 4183 3726 4536">
     <span class='ocr_line' id='line_1_84' title="bbox 2234 4183 3725 4337; baseline 0.014 -32"><span class='ocrx_word' id='word_1_584' title='bbox 2234 4255 2373 4319; x_wconf 77' lang='lat' dir='ltr'>Apud</span> <span class='ocrx_word' id='word_1_585' title='bbox 2406 4260 2575 4308; x_wconf 81' lang='lat' dir='ltr'>Persas</span> <span class='ocrx_word' id='word_1_586' title='bbox 2609 4262 2769 4322; x_wconf 84' lang='lat' dir='ltr'>regina</span> <span class='ocrx_word' id='word_1_587' title='bbox 2809 4183 2987 4315; x_wconf 53' lang='lat' dir='ltr'>mulltzs</span> <span class='ocrx_word' id='word_1_588' title='bbox 3025 4268 3217 4329; x_wconf 87' lang='lat' dir='ltr'>pellices</span> <span class='ocrx_word' id='word_1_589' title='bbox 3249 4272 3451 4333; x_wconf 85' lang='lat' dir='ltr'>tolerat,</span> <span class='ocrx_word' id='word_1_590' title='bbox 3496 4275 3615 4337; x_wconf 88' lang='lat' dir='ltr'>qnia</span> <span class='ocrx_word' id='word_1_591' title='bbox 3648 4287 3725 4324; x_wconf 77' lang='lat' dir='ltr'>rex</span> 
     </span>
     <span class='ocr_line' id='line_1_85' title="bbox 2172 4332 3726 4418; baseline 0.015 -39"><span class='ocrx_word' id='word_1_592' title='bbox 2172 4332 2313 4381; x_wconf 83' lang='lat' dir='ltr'>uxori</span> <span class='ocrx_word' id='word_1_593' title='bbox 2345 4334 2494 4384; x_wconf 81' lang='lat' dir='ltr'>veluti</span> <span class='ocrx_word' id='word_1_594' title='bbox 2524 4335 2749 4387; x_wconf 83' lang='lat' dir='ltr'>dominus</span> <span class='ocrx_word' id='word_1_595' title='bbox 2771 4338 3000 4418; x_wconf 74' lang='lat' dir='ltr'>imperat,</span> <span class='ocrx_word' id='word_1_596' title='bbox 3028 4356 3119 4392; x_wconf 87' lang='lat' dir='ltr'>nec</span> <span class='ocrx_word' id='word_1_597' title='bbox 3148 4358 3248 4394; x_wconf 87' lang='lat' dir='ltr'>non</span> <span class='ocrx_word' id='word_1_598' title='bbox 3271 4351 3554 4414; x_wconf 79' lang='lat' dir='ltr'>propterea,</span> <span class='ocrx_word' id='word_1_599' title='bbox 3578 4351 3726 4414; x_wconf 78' lang='lat' dir='ltr'>quod,</span> 
     </span>
     <span class='ocr_line' id='line_1_86' title="bbox 2170 4408 3726 4536; baseline 0.013 -79"><span class='ocrx_word' id='word_1_600' title='bbox 2170 4408 2446 4536; x_wconf 38' lang='lat' dir='ltr'>:gozam</span> <span class='ocrx_word' id='word_1_601' title='bbox 2467 4412 2666 4464; x_wconf 77' lang='lat' dir='ltr'>l’ersicis</span> <span class='ocrx_word' id='word_1_602' title='bbox 2678 4415 2843 4478; x_wconf 79' lang='lat' dir='ltr'>refert,</span> <span class='ocrx_word' id='word_1_603' title='bbox 2856 4418 3065 4480; x_wconf 82' lang='lat' dir='ltr'>reginam</span> <span class='ocrx_word' id='word_1_604' title='bbox 3081 4427 3371 4474; x_wconf 81' lang='lat' dir='ltr'>venerantur</span> <span class='ocrx_word' id='word_1_605' title='bbox 3384 4427 3579 4488; x_wconf 77' lang='lat' dir='ltr'>pellices</span> <span class='ocrx_word' id='word_1_606' title='bbox 3591 4431 3726 4492; x_wconf 82' lang='lat' dir='ltr'>atque</span> 
     </span>
    </p>
   </div>
   <div class='ocr_carea' id='block_1_36' title="bbox 2166 4648 3723 5267">
    <p class='ocr_par' dir='ltr' id='par_1_38' title="bbox 2166 4648 3723 5267">
     <span class='ocr_line' id='line_1_87' title="bbox 2231 4648 3719 4726; baseline 0.015 -30"><span class='ocrx_word' id='word_1_607' title='bbox 2231 4650 2293 4697; x_wconf 83' lang='lat' dir='ltr'>Et</span> <span class='ocrx_word' id='word_1_608' title='bbox 2312 4648 2468 4711; x_wconf 84' lang='lat' dir='ltr'>ipsum</span> <span class='ocrx_word' id='word_1_609' title='bbox 2488 4650 2695 4714; x_wconf 83' lang='lat' dir='ltr'>insigne,</span> <span class='ocrx_word' id='word_1_610' title='bbox 2715 4654 2845 4717; x_wconf 86' lang='lat' dir='ltr'>quod</span> <span class='ocrx_word' id='word_1_611' title='bbox 2868 4657 3013 4721; x_wconf 84' lang='lat' dir='ltr'>capiti</span> <span class='ocrx_word' id='word_1_612' title='bbox 3034 4659 3314 4722; x_wconf 85' lang='lat' dir='ltr'>impositum</span> <span class='ocrx_word' id='word_1_613' title='bbox 3335 4666 3587 4726; x_wconf 77' lang='lat' dir='ltr'>gestabant</span> <span class='ocrx_word' id='word_1_614' title='bbox 3614 4671 3719 4718; x_wconf 79' lang='lat' dir='ltr'>Per·</span> 
     </span>
     <span class='ocr_line' id='line_1_88' title="bbox 2167 4730 3720 4799; baseline 0.015 -27"><span class='ocrx_word' id='word_1_615' title='bbox 2167 4737 2328 4774; x_wconf 83' lang='lat' dir='ltr'>sarum</span> <span class='ocrx_word' id='word_1_616' title='bbox 2353 4740 2512 4789; x_wconf 83' lang='lat' dir='ltr'>reges,</span> <span class='ocrx_word' id='word_1_617' title='bbox 2533 4730 2791 4794; x_wconf 81' lang='lat' dir='ltr'>voluptatis</span> <span class='ocrx_word' id='word_1_618' title='bbox 2818 4735 3033 4785; x_wconf 87' lang='lat' dir='ltr'>studium</span> <span class='ocrx_word' id='word_1_619' title='bbox 3063 4751 3162 4799; x_wconf 84' lang='lat' dir='ltr'>quo</span> <span class='ocrx_word' id='word_1_620' title='bbox 3183 4739 3473 4792; x_wconf 83' lang='lat' dir='ltr'>tenebantur</span> <span class='ocrx_word' id='word_1_621' title='bbox 3500 4745 3720 4795; x_wconf 80' lang='lat' dir='ltr'>declarat.</span> 
     </span>
     <span class='ocr_line' id='line_1_89' title="bbox 2173 4805 3721 4880; baseline 0.012 -28"><span class='ocrx_word' id='word_1_622' title='bbox 2173 4805 2467 4853; x_wconf 83' lang='lat' dir='ltr'>Instructum</span> <span class='ocrx_word' id='word_1_623' title='bbox 2492 4807 2619 4856; x_wconf 88' lang='lat' dir='ltr'>enim</span> <span class='ocrx_word' id='word_1_624' title='bbox 2648 4811 2775 4872; x_wconf 89' lang='lat' dir='ltr'>erat,</span> <span class='ocrx_word' id='word_1_625' title='bbox 2803 4814 2860 4859; x_wconf 89' lang='lat' dir='ltr'>ut</span> <span class='ocrx_word' id='word_1_626' title='bbox 2885 4812 2954 4862; x_wconf 88' lang='lat' dir='ltr'>ait</span> <span class='ocrx_word' id='word_1_627' title='bbox 2984 4813 3135 4875; x_wconf 90' lang='lat' dir='ltr'>Dino,</span> <span class='ocrx_word' id='word_1_628' title='bbox 3160 4828 3221 4864; x_wconf 83' lang='lat' dir='ltr'>ex</span> <span class='ocrx_word' id='word_1_629' title='bbox 3252 4819 3448 4880; x_wconf 77' lang='lat' dir='ltr'>myrrha</span> <span class='ocrx_word' id='word_1_630' title='bbox 3480 4823 3531 4871; x_wconf 87' lang='lat' dir='ltr'>et</span> <span class='ocrx_word' id='word_1_631' title='bbox 3562 4836 3622 4872; x_wconf 84' lang='lat' dir='ltr'>cx</span> <span class='ocrx_word' id='word_1_632' title='bbox 3655 4822 3721 4870; x_wconf 77' lang='lat' dir='ltr'>la·</span> 
     </span>
     <span class='ocr_line' id='line_1_90' title="bbox 2167 4881 3723 4962; baseline 0.012 -32"><span class='ocrx_word' id='word_1_633' title='bbox 2167 4881 2317 4944; x_wconf 77' lang='lat' dir='ltr'>hym,</span> <span class='ocrx_word' id='word_1_634' title='bbox 2342 4896 2455 4946; x_wconf 65' lang='lat' dir='ltr'>quse</span> <span class='ocrx_word' id='word_1_635' title='bbox 2484 4889 2688 4936; x_wconf 82' lang='lat' dir='ltr'>vocatur</span> <span class='ocrx_word' id='word_1_636' title='bbox 2723 4908 2736 4937; x_wconf 69' lang='grc' dir='ltr'><strong><em>ε</em></strong></span> <span class='ocrx_word' id='word_1_637' title='bbox 2766 4892 2840 4938; x_wconf 65' lang='lat' dir='ltr'>est</span> <span class='ocrx_word' id='word_1_638' title='bbox 2868 4893 3031 4941; x_wconf 86' lang='lat' dir='ltr'>autem</span> <span class='ocrx_word' id='word_1_639' title='bbox 3051 4892 3249 4958; x_wconf 77' lang='lat' dir='ltr'>labyzus</span> <span class='ocrx_word' id='word_1_640' title='bbox 3267 4897 3659 4962; x_wconf 67' lang='lat' dir='ltr'>fragrantissima,</span> <span class='ocrx_word' id='word_1_641' title='bbox 3677 4901 3723 4948; x_wconf 86' lang='lat' dir='ltr'>et</span> 
     </span>
     <span class='ocr_line' id='line_1_91' title="bbox 2167 4958 3720 5039; baseline 0.013 -32"><span class='ocrx_word' id='word_1_642' title='bbox 2167 4958 2414 5022; x_wconf 83' lang='lat' dir='ltr'>pretiosior</span> <span class='ocrx_word' id='word_1_643' title='bbox 2446 4963 2655 5023; x_wconf 80' lang='lat' dir='ltr'>myrrha.</span> <span class='ocrx_word' id='word_1_644' title='bbox 2735 4969 2933 5023; x_wconf 83' lang='lat' dir='ltr'>Quoties</span> <span class='ocrx_word' id='word_1_645' title='bbox 2965 4982 3080 5018; x_wconf 85' lang='lat' dir='ltr'>vero</span> <span class='ocrx_word' id='word_1_646' title='bbox 3118 4969 3180 5019; x_wconf 84' lang='lat' dir='ltr'>de</span> <span class='ocrx_word' id='word_1_647' title='bbox 3215 4985 3359 5022; x_wconf 84' lang='lat' dir='ltr'>curru</span> <span class='ocrx_word' id='word_1_648' title='bbox 3375 5010 3392 5037; x_wconf 86' lang='lat'>,</span> <span class='ocrx_word' id='word_1_649' title='bbox 3422 4975 3606 5039; x_wconf 84' lang='lat' dir='ltr'>inquit,</span> <span class='ocrx_word' id='word_1_650' title='bbox 3638 4975 3720 5025; x_wconf 85' lang='lat' dir='ltr'>de·</span> 
     </span>
     <span class='ocr_line' id='line_1_92' title="bbox 2166 5035 3721 5112; baseline 0.015 -30"><span class='ocrx_word' id='word_1_651' title='bbox 2166 5035 2417 5086; x_wconf 80' lang='lat' dir='ltr'>scenderet</span> <span class='ocrx_word' id='word_1_652' title='bbox 2438 5051 2541 5099; x_wconf 82' lang='lat' dir='ltr'>rex,</span> <span class='ocrx_word' id='word_1_653' title='bbox 2557 5052 2714 5102; x_wconf 87' lang='lat' dir='ltr'>neque</span> <span class='ocrx_word' id='word_1_654' title='bbox 2733 5041 2999 5106; x_wconf 84' lang='lat' dir='ltr'>desiliebat,</span> <span class='ocrx_word' id='word_1_655' title='bbox 3014 5046 3201 5096; x_wconf 84' lang='lat' dir='ltr'>etiamsi</span> <span class='ocrx_word' id='word_1_656' title='bbox 3219 5049 3388 5112; x_wconf 81' lang='lat' dir='ltr'>exigua</span> <span class='ocrx_word' id='word_1_657' title='bbox 3406 5052 3532 5102; x_wconf 79' lang='lat' dir='ltr'>soret</span> <span class='ocrx_word' id='word_1_658' title='bbox 3547 5067 3577 5103; x_wconf 81' lang='lat' dir='ltr'>a</span> <span class='ocrx_word' id='word_1_659' title='bbox 3598 5056 3721 5103; x_wconf 76' lang='lat' dir='ltr'>terra</span> 
     </span>
     <span class='ocr_line' id='line_1_93' title="bbox 2166 5111 3719 5193; baseline 0.012 -34"><span class='ocrx_word' id='word_1_660' title='bbox 2166 5111 2389 5174; x_wconf 85' lang='lat' dir='ltr'>altitudo,</span> <span class='ocrx_word' id='word_1_661' title='bbox 2411 5126 2567 5176; x_wconf 85' lang='lat' dir='ltr'>neque</span> <span class='ocrx_word' id='word_1_662' title='bbox 2586 5118 2808 5168; x_wconf 87' lang='lat' dir='ltr'>manibus</span> <span class='ocrx_word' id='word_1_663' title='bbox 2823 5121 3087 5172; x_wconf 82' lang='lat' dir='ltr'>astantium</span> <span class='ocrx_word' id='word_1_664' title='bbox 3108 5123 3418 5190; x_wconf 84' lang='lat' dir='ltr'>innitebatur,</span> <span class='ocrx_word' id='word_1_665' title='bbox 3437 5130 3524 5179; x_wconf 76' lang='lat' dir='ltr'>sed</span> <span class='ocrx_word' id='word_1_666' title='bbox 3540 5142 3719 5193; x_wconf 80' lang='lat' dir='ltr'>semper</span> 
     </span>
     <span class='ocr_line' id='line_1_94' title="bbox 2167 5189 3718 5267; baseline 0.015 -32"><span class='ocrx_word' id='word_1_667' title='bbox 2167 5189 2495 5249; x_wconf 82' lang='lat' dir='ltr'>apponebatur</span> <span class='ocrx_word' id='word_1_668' title='bbox 2525 5205 2670 5243; x_wconf 83' lang='lat' dir='ltr'>aurea</span> <span class='ocrx_word' id='word_1_669' title='bbox 2703 5196 2848 5258; x_wconf 84' lang='lat' dir='ltr'>sella,</span> <span class='ocrx_word' id='word_1_670' title='bbox 2883 5197 2984 5246; x_wconf 77' lang='lat' dir='ltr'>cui’</span> <span class='ocrx_word' id='word_1_671' title='bbox 3002 5199 3082 5248; x_wconf 86' lang='lat' dir='ltr'>ille</span> <span class='ocrx_word' id='word_1_672' title='bbox 3115 5200 3335 5254; x_wconf 81' lang='lat' dir='ltr'>insistens</span> <span class='ocrx_word' id='word_1_673' title='bbox 3375 5205 3718 5267; x_wconf 73' lang='lat' dir='ltr'>descendeba23</span> 
     </span>
    </p>
   </div>
   <div class='ocr_carea' id='block_1_37' title="bbox 2147 5263 3631 5345">
    <p class='ocr_par' dir='ltr' id='par_1_39' title="bbox 2147 5263 3631 5345">
     <span class='ocr_line' id='line_1_95' title="bbox 2147 5263 3631 5345; baseline 0.016 -35"><span class='ocrx_word' id='word_1_674' title='bbox 2147 5263 2305 5326; x_wconf 77' lang='lat' dir='ltr'>,cujus</span> <span class='ocrx_word' id='word_1_675' title='bbox 2325 5266 2392 5317; x_wconf 85' lang='lat' dir='ltr'>rei</span> <span class='ocrx_word' id='word_1_676' title='bbox 2411 5281 2557 5318; x_wconf 85' lang='lat' dir='ltr'>causa</span> <span class='ocrx_word' id='word_1_677' title='bbox 2578 5283 2769 5334; x_wconf 82' lang='lat' dir='ltr'>semper</span> <span class='ocrx_word' id='word_1_678' title='bbox 2785 5277 2994 5335; x_wconf 76' lang='lat' dir='ltr'>gestator</span> <span class='ocrx_word' id='word_1_679' title='bbox 3011 5278 3155 5340; x_wconf 76' lang='lat' dir='ltr'>regim</span> <span class='ocrx_word' id='word_1_680' title='bbox 3173 5279 3303 5330; x_wconf 76' lang='lat' dir='ltr'>sellae</span> <span class='ocrx_word' id='word_1_681' title='bbox 3324 5284 3631 5345; x_wconf 71' lang='lat' dir='ltr'>sequebatur.</span> 
     </span>
    </p>
   </div>
   <div class='ocr_carea' id='block_1_38' title="bbox 3854 220 3899 5218">
    <p class='ocr_par' dir='ltr' id='par_1_40' title="bbox 3854 220 3899 5218">
     <span class='ocr_line' id='line_1_96' title="bbox 3854 220 3899 5218; baseline 0 0"><span class='ocrx_word' id='word_1_682' title='bbox 3854 220 3899 5218; x_wconf 95' lang='lat' dir='ltr'> </span> 
     </span>
    </p>
   </div>
  </div>
 </body>
</html>
