3900 6042
1285 465 1737 599 DINO.
1825 462 2922 601 HERACLIDES.

1491 744 2717 923 ARISTAGORAS.

1199 1322 1400 1384 nmo,

2172 1329 2377 1381 mirum
2406 1338 2505 1383 est.
2539 1328 2833 1383 Interdum
2860 1346 2998 1383 vero
3044 1329 3196 1384 Dino
3238 1338 3429 1385 vetera
3464 1327 3747 1404 figmenta

2172 1416 2316 1469 tueri
2340 1425 2571 1470 conatus
2596 1425 2677 1470 est
2699 1434 2799 1484 eo,
2832 1414 2991 1487 quod
3013 1434 3083 1470 ex
3107 1417 3255 1471 notis
3272 1418 3517 1489 Europa
3542 1436 3743 1490 regm-

2171 1502 2336 1557 nibus
2367 1503 2428 1556 in
2464 1501 2683 1557 Indiam
2720 1501 3180 1574 transplantaret,
3212 1501 3744 1556 commodissimum

2172 1590 2575 1643 miraculorum
2591 1590 3026 1661 receptaculum.
3056 1590 3180 1644 Huc
3199 1591 3445 1661 pertinet
3471 1589 3687 1662 fragm.
3712 1591 3746 1644 3

2173 1671 2244 1729 de
2276 1675 2582 1731 Sirenibus.
2617 1674 2790 1730 Aliud
2819 1676 3141 1748 exemplum
3181 1675 3497 1730 fabularum
3531 1678 3599 1731 in
3634 1696 3745 1732 no-

2172 1779 2295 1816 vam
2325 1761 2566 1816 formam
2589 1760 2938 1817 detortarum
2960 1764 3173 1837 praebet
3197 1763 3395 1837 fragm.
3428 1770 3461 1829 4
3492 1764 3578 1819 de
3602 1766 3745 1819 Her-

2173 1849 2297 1903 cule
2341 1847 2514 1903 Idaeo.
2573 1851 2660 1904 De
2708 1868 3006 1923 magorum
3048 1848 3323 1905 doctrinis
3365 1862 3424 1905 et
3458 1852 3749 1906 vaticiniis

599 1920 768 1991 QUOd
797 1919 1057 1975 00¹²ffidit
1084 1939 1228 1993 ⁰P¹¹³
1271 1919 1548 1997 Περσῑκῶν
1578 1921 1705 1974 ⁵³5⁵
1727 1921 1978 1993 amplum
2018 1921 2078 1974 5¹¹
2172 1933 2481 1989 admodum
2506 1935 2713 1990 multus
2740 1935 2904 1990 fuisse
2924 1935 3094 1991 debet
3116 1935 3207 2011 (ν.
3230 1935 3301 1992 fr.
3331 1936 3387 1992 5.
3422 1936 3480 1992 8.
3515 1958 3586 2012 9.
3625 1939 3748 2010 ιο).

521 2019 632 2062 tres
649 2047 664 2074 ‚
691 2008 772 2061 uti
799 2006 1045 2074 videtur,
1072 2017 1261 2079 partes
1291 2008 1405 2062 sive
1433 2001 1696 2071 συντάξεις
1722 2005 2083 2060 distributum

597 1486 748 1541 Dino
810 1484 871 1558 (¹⁹)
892 1526 907 1553 ,
986 1485 1257 1541 Clitarchi
1312 1487 1572 1541 celebrati
1632 1492 1870 1542 auctoris
1915 1500 2087 1560 pater
2119 1328 2137 2058 Ι

2172 2021 2541 2077 Memorabile
2570 2021 2713 2076 illud
2744 2022 2902 2095 quod
2931 2022 3000 2081 fr.
3038 2043 3070 2095 7
3097 2024 3303 2098 legitur
3336 2023 3410 2079 de
3436 2025 3750 2099 rhapsodis

519 2104 641 2148 erat
655 2089 768 2169 (r).
785 2093 1084 2147 nationem
1104 2093 1393 2147 divisionis
1410 2092 1664 2148 divinare
1682 2092 1898 2148 facilius
1915 2111 2084 2165 quam
2172 2108 2502 2178 Medorum,
2546 2127 2868 2182 quanquam
2903 2113 3019 2183 ipsa
3045 2111 3451 2167 historiuncula
3489 2131 3747 2186 Μ

523 1571 767 1646 (Plinius
800 1575 875 1628 H.
907 1574 975 1630 N.
1007 1575 1102 1644 X,
1137 1592 1229 1644 70.
1260 1573 1389 1629 Vid.
1436 1572 1508 1627 fr.
1542 1568 1631 1647 a),
1686 1591 1798 1645 qua
1841 1591 1972 1629 usus
2009 1576 2079 1630 sit

516 1661 698 1733 patria
716 1702 734 1733 ,
754 1678 922 1716 nemo
959 1660 1131 1715 tradit
1155 1659 1585 1733 (conjecturam
1611 1660 1684 1715 de
1714 1660 1819 1715 hac
1844 1679 1907 1716 re
1934 1678 2078 1733 pro·
2104 1665 2112 1674 '

517 1747 680 1824 posui
705 1748 762 1802 in
787 1748 907 1804 Vita
932 1747 1245 1822 clitarchi).
1267 1749 1464 1819 Neque
1491 1746 1645 1802 aliud
1671 1746 1984 1819 quidquam
2009 1746 2082 1802 de

517 1835 630 1888 vita
654 1834 772 1905 ejus
797 1833 1033 1906 fatisque
1060 1835 1122 1887 in
1151 1834 1411 1888 notitiam
1439 1843 1687 1888 nostram
1718 1835 1999 1907 pervenit.

532 2179 940 2235 demonstrare·
984 2180 1209 2235 seilicet
1251 2198 1427 2252 quum
1470 2191 1863 2254 argumentum
1900 2181 2083 2236 histo*
2170 2197 2459 2251 hominem
2481 2196 2705 2252 redolet
2728 2198 3073 2270 longissime3·
3103 2199 3404 2253 namlusus
3424 2200 3745 2255 verborum

524 2269 736 2322 riarum
774 2279 974 2323 mmm
1013 2286 1111 2324 ⁵¹¹³
1154 2269 1500 2344 tripartitum
1526 2270 1625 2338 ⁸512
1663 2287 1736 2342 1³¹·
1739 2270 1847 2324 3¹⁰³
1887 2287 2083 2324 emm
2177 2280 2446 2362 Κυριεύειν
2479 2294 2537 2338 et
2561 2284 2733 2360 Κῦρος
2753 2286 3034 2340 neminem
3068 2285 3230 2359 fugit.
3263 2286 3527 2342 Ceterum
3561 2288 3748 2342 Dino-

518 2373 651 2427 P‘ffs
688 2356 1073 2429 Assyriorum,
1121 2356 1423 2413 Medffl'um
1465 2357 1668 2424 altera,
1702 2357 1866 2411 tertia
1888 2356 2085 2412 Per—“³-
2172 2371 2258 2426 nis
2279 2373 2528 2426 narratio
2553 2370 2627 2427 de
2655 2372 2945 2427 Persarum
2981 2373 3205 2446 imperii
3235 2374 3456 2447 origine
3490 2392 3636 2428 cum
3685 2374 3750 2427 iis

519 2460 649 2497 rum
673 2461 763 2498 τω
785 2444 1123 2498 continuisse
1151 2443 1398 2500 videtur.
1434 2445 1847 2515 —Quousque
1874 2461 2083 2499 narra-

517 2532 733 2586 tionem
749 2542 948 2586 auctor
963 2530 1237 2587 deduxit?
1259 2534 1658 2606 Fragmentum
1677 2532 1938 2586 ultimum
1967 2530 2081 2607 (30)

519 2635 638 2672 rem
667 2617 912 2687 indicat,
941 2637 1066 2692 quae
1101 2620 1351 2692 pertinet
1376 2618 1451 2673 ad
1493 2636 1707 2673 annum
1740 2616 1853 2672 350
1881 2636 1934 2673 a.
1979 2619 2077 2686 C.,

520 2723 639 2776 quo
684 2706 994 2779 AEgyptum
1040 2705 1227 2760 Ochus
1275 2707 1652 2778 recuperavit.
1700 2706 1850 2760 Num
1893 2705 2087 2760 ruinas

520 2793 744 2865 imperii
775 2793 1066 2848 Persarum
1093 2795 1244 2847 Dino
1273 2793 1512 2863 viderit,
1548 2811 1763 2865 quaero.

2173 2478 2297 2532 quae
2323 2477 2392 2515 ex
2415 2458 2595 2514 Ctesia
2612 2459 2825 2515 tradita
2847 2470 3005 2529 sunt,
3026 2461 3087 2513 in
3110 2478 3327 2515 summa
3352 2478 3415 2515 re
3439 2462 3746 2516 conciliari

2171 2542 2334 2599 facile
2373 2554 2580 2618 potest.
2627 2549 2836 2603 Verum
2889 2547 3285 2621 anteponenda
3331 2547 3596 2604 Ctosiana
3654 2550 3746 2615 iis,

2172 2648 2302 2703 quae
2340 2631 2540 2707 fragm.
2581 2652 2641 2689 11
2687 2652 2720 2689 a
2756 2636 2981 2690 Dinone
3010 2636 3101 2691 vel
3129 2634 3249 2718 ejus
3274 2646 3510 2691 auctore
3546 2648 3747 2691 contra

2174 2735 2400 2774 omnem
2444 2721 2566 2775 veri
2599 2720 2979 2778 similitudinis
3028 2723 3275 2797 speciem
3331 2724 3394 2777 in
3453 2723 3743 2780 honorent

2173 2806 2571 2880 AEgyptiomm
2616 2810 2930 2883 excogitata
2984 2821 3041 2865 et
3096 2828 3131 2866 a
3167 2812 3353 2882 Lycea
3412 2811 3744 2866 Naucratita

600 2880 950 2935 Auctoritate
973 2881 1126 2935 Dino
1153 2880 1306 2935 haud
1336 2881 1538 2954 exigua
1573 2878 1885 2934 fruebatur.
1919 2879 2084 2936 Certe
2173 2893 2573 2967 AEgyptjomm
2606 2898 2884 2969 scriptore
2910 2896 3075 2952 avide
3098 2907 3321 2970 arrepta
3356 2907 3513 2951 sunt·
3558 2898 3748 2953 [ιι-,Νι

520 2951 830 3040 fflurimum
852 2967 904 3021 ei
934 2967 994 3020 in
1012 2967 1183 3021 rebus
1207 2968 1499 3022 Persarum
1523 2966 1768 3021 credidit
1790 2967 2085 3021 Cornelius

522 3056 711 3127 Nepos
731 3051 825 3125 (fr.
847 3071 917 3121 27
931 3048 969 3126 ).
993 3053 1325 3108 Plutarchus
1349 3071 1580 3125 quoque
1599 3055 1680 3106 uti
1697 3054 1889 3108 Ctesiae
1911 3052 2089 3107 infen-

521 3143 638 3195 sior
658 3152 759 3208 est,
779 3141 856 3194 sic
881 3140 1073 3195 favisse
1091 3141 1304 3196 Dinoni
1335 3139 1560 3194 videtur
1580 3139 1696 3213 (Cf.
1723 3141 1969 3194 Hecren.
2002 3141 2087 3196 De

524 3227 694 3286 fontt.
722 3228 870 3284 Plut.
896 3245 956 3299 p.
995 3225 1124 3299 95).
1164 3227 1425 3281 Ceterum
1452 3237 1582 3281 sunt
1613 3245 1736 3299 quae
1778 3225 2087 3282 admonere

524 3333 627 3369 nos
646 3315 886 3388 possint,
911 3332 981 3369 ne
1005 3314 1233 3368 nimiam
1263 3314 1335 3369 de
1357 3315 1602 3370 auctoris
1630 3313 1930 3367 virultibus
1960 3315 2087 3385 opi-

525 3404 757 3457 nionem
792 3401 981 3456 animo
1016 3401 1416 3473 concipiamus.
1449 3403 1585 3471 Quae
1618 3400 1691 3455 de
1713 3400 2081 3455 Semiramide

524 3500 826 3545 narrantur
850 3487 946 3565 (fr.
982 3487 1045 3562 1)
1077 3506 1255 3560 quum
1282 3488 1452 3562 longe
1475 3488 1658 3542 absint
1696 3505 1727 3541 a
1756 3487 1952 3541 Ctesiae
1979 3488 2089 3540 mi-

525 3578 755 3645 raculis,
789 3576 1179 3650 probabiliora
1215 3576 1502 3630 nonnullis
1532 3575 1646 3629 visa
1669 3584 1828 3640 sunt3
1856 3593 1962 3628 nos
1994 3575 2083 3645 je-

522 3664 710 3735 junius
717 3662 960 3735 junioris
981 3664 1152 3717 aetatis
1178 3672 1565 3717 commentum
1599 3680 1730 3715 cum
1758 3662 2082 3734 antiquiore

527 3761 906 3823 permutatum
933 3768 1047 3805 esse
1070 3748 1231 3803 facile
1254 3749 1623 3823 agnoscimus,
1664 3747 1881 3820 Ephori
1903 3766 2088 3820 aequa-

529 3839 637 3892 lem
677 3837 891 3893 fabulas
937 3837 996 3890 in
1031 3835 1291 3889 historias
1330 3835 1627 3890 traducere
1664 3833 1936 3889 studuisse
1973 3853 2091 3889 non

2174 2980 2556 3055 chronologiae
2577 2983 2868 3039 addictum
2890 3003 2947 3040 se
2975 2984 3223 3039 ostendit
3250 2984 3321 3039 fr.
3352 3003 3466 3053 2⁰3
3496 2984 3747 3040 incredi-

2174 3068 2288 3123 bile
2306 3086 2539 3141 prorsus
2557 3081 2635 3125 est
2654 3071 2813 3143 quod
2828 3072 2898 3127 fr.
2925 3090 3000 3145 29
3018 3071 3259 3126 traditur
3278 3071 3349 3127 de
3376 3089 3566 3145 regno
3584 3075 3746 3127 Arta-

2175 3157 2360 3211 xerxis
2380 3158 2695 3213 Memnonis
2732 3178 2746 3215 :
2774 3159 2875 3213 sed
2895 3160 2954 3214 in
2974 3159 3086 3213 hoc
3108 3157 3340 3213 fortasse
3372 3159 3744 3214 librariorum

2175 3243 2540 3316 negligentia,
2572 3245 2669 3317 qui
2699 3264 2979 3300 annornm
3018 3264 3314 3300 numerum
3344 3249 3745 3320 corruperint,

2175 3329 2486 3384 accusanda
2513 3340 2612 3387 est.
2641 3333 2709 3385 In
2748 3334 2962 3405 reliqua
2988 3336 3312 3389 Artaxerxis
3346 3334 3590 3390 historia
3619 3333 3743 3391 Cte-

2175 3415 2267 3469 siae
2297 3418 2757 3486 auctoritassetsi
2793 3420 2838 3473 is
2875 3421 3130 3474 oculatus
3161 3420 3312 3474 testis
3350 3421 3529 3476 rebus
3544 3421 3741 3476 'inter-

2177 3501 2385 3571 fuerat,
2416 3504 2751 3578 plerumque
2779 3515 2967 3561 tamen
3002 3505 3301 3579 repudiata
3327 3518 3439 3580 est,
3476 3508 3660 3582 idque
3690 3512 3744 3564 in

2178 3588 2345 3643 rebus
2372 3590 2657 3644 levissimis
2679 3590 2776 3664 (fr.
2807 3609 2903 3645 aa.
2939 3592 3035 3647 23.
3066 3592 3169 3666 26)
3192 3633 3208 3661 ,
3244 3577 3387 3666 quas
3410 3613 3519 3649 cur
3547 3606 3744 3650 contra

2177 3695 2203 3728 x
2215 3693 2374 3730 erum
2387 3675 2588 3731 Ctesias
2603 3677 2899 3733 tradiderit
2924 3697 3086 3734 causa
3101 3698 3173 3734 ne
3190 3678 3326 3754 fingi
3348 3680 3589 3752 quidem
3613 3700 3744 3754 pro·

2178 3762 2440 3817 habiliter
2459 3774 2663 3837 potest.
2693 3767 2923 3820 Novisse
2946 3767 3229 3822 Dinonem
3258 3779 3314 3822 et
3340 3769 3606 3823 manibus
3633 3770 3742 3823 tri-

2178 3849 2317 3902 visse
2328 3867 2468 3922 opus
2477 3851 2667 3906 Ctesiae
2682 3870 2801 3906 non
2813 3852 3013 3907 dubito
3031 3872 3045 3907 ε
3064 3855 3237 3908 immo
3250 3854 3493 3927 plurima
3506 3873 3709 3910 eorum
3726 3897 3741 3922 ,

2181 3935 2373 4007 quaein
2391 3936 2515 3990 Vita
2537 3939 2852 3992 Artaxerxis
2865 3939 3198 3995 Plutarchus
3215 3952 3411 3995 contra
3427 3939 3607 3997 fidem
3618 3943 3739 3998 Cni-

2182 4020 2260 4073 dii
2282 4040 2619 4096 morumque
2634 4025 2975 4097 probitatem
2993 4026 3185 4095 affert,
3210 4045 3279 4082 ex
3301 4028 3535 4082 Dinone
3554 4040 3746 4082 nostro

2182 4106 2404 4164 fluxisse
2432 4111 2698 4166 arbitror.
2728 4114 3055 4185 Vereorque
3078 4133 3149 4169 ne
3169 4113 3281 4169 hoc
3308 4115 3669 4187 obloquendi
3694 4126 3744 4170 et

2182 4196 2529 4251 detrectandi
2550 4198 2739 4252 studio
2759 4201 3150 4255 auctoritatem
3175 4203 3327 4257 Dino
3352 4202 3510 4274 apud
3542 4203 3748 4260 multos

2180 4282 2284 4336 sibi
2307 4284 2614 4355 pepererit.
2637 4284 2746 4340 Sed
2774 4286 2891 4341 baec
2906 4297 3195 4361 utcunque
3221 4306 3336 4342 sese
3357 4286 3630 4356 habeant,
3662 4287 3743 4341 xel

2183 4370 2398 4442 reliqua
2432 4371 2508 4425 ita
2537 4384 2858 4445 comparata
2885 4386 3043 4443 sunt,
3074 4386 3138 4429 ut
3173 4377 3455 4429 Dinonem
3483 4394 3610 4430 non
3639 4385 3745 4428 tam

2181 4467 2420 4529 propter
2438 4475 2674 4512 acumen
2687 4457 2884 4529 judicii
2900 4500 2916 4528 ,
2944 4479 3115 4532 quam
3140 4471 3379 4534 propter
3400 4478 3598 4514 rerum
3619 4478 3745 4514 nar-

2182 4554 2428 4597 ratarum
2456 4544 2858 4601 abundantiam
2885 4558 2942 4602 et
2972 4549 3245 4602 orationis
3268 4547 3498 4602 fortasse
3528 4548 3744 4621 elegan-

2185 4632 2313 4686 tiam
2342 4633 2625 4704 placuisse
2676 4652 2959 4700 censeam,
3010 4652 3197 4707 neque
3237 4653 3269 4689 a
3302 4645 3467 4708 patre
3517 4634 3777 4707 prorsus·

2182 4716 2419 4772 abfuisse
2437 4761 2453 4787 ,
2485 4737 2612 4790 quae
2640 4721 2698 4774 in
2734 4719 2875 4786 filio,
2903 4722 3334 4777 celebratissimo
3358 4731 3626 4791 auctore,
3676 4720 3748 4778 ab

2185 4806 2447 4865 omnibus
2473 4807 2985 4880 reprehenduntur.

592 3977 654 4037 (⁴¹)
687 3978 1020 4026 memorantur
1046 3994 1058 4022 ι
1082 3974 1235 4034 Dino,
1258 3973 1651 4034 Lacedaemonius
1675 3973 2012 4033 polemarchus
2041 3973 2090 4021 in

529 4046 781 4098 muctam
800 4044 971 4108 proelio
983 4045 1190 4104 oceims,
1216 4043 1498 4105 xenophon.
1520 4043 1642 4092 nell.
1670 4046 1733 4103 V,
1754 4046 1803 4102 4,
1820 4047 1879 4091 3³
1893 4057 1909 4103 3
1932 4045 2016 4102 Vt,
2037 4045 2090 4104 4,

534 4122 606 4169 u.
621 4121 679 4167 D.
694 4115 948 4166 Nicostrati
961 4117 1011 4165 et
1026 4113 1265 4164 Arethusii
1276 4115 1439 4174 frater,
1455 4126 1535 4174 ap.
1556 4112 1860 4161 Demostheu.
1878 4126 1925 4174 p.
1953 4116 2090 4173 1248,

528 4192 577 4237 9.
599 4211 662 4223 -
686 4185 810 4235 Dino
827 4183 1025 4247 quidam
1052 4182 1271 4232 Eucratis
1287 4185 1422 4245 pater
1443 4194 1521 4243 ap.
1546 4182 1757 4230 'Luciam
1785 4180 2087 4248 Philopseud.

527 4272 576 4306 c.
603 4260 677 4307 17.
711 4281 773 4296 -
807 4256 961 4317 Dino,
985 4252 1185 4304 Dinonis
1207 4253 1271 4313 a,
1308 4252 1372 4302 ab
1394 4252 1655 4314 Agathocle
1692 4251 1942 4300 Ptolemaei
1978 4253 2092 4313 Epi·

529 4327 700 4390 phanis
718 4327 881 4376 tutore
898 4325 1208 4383 interfectus,
1232 4322 1402 4385 Polyb.
1429 4326 1515 4372 XV
1530 4359 1545 4383 ,
1567 4329 1627 4371 25
1645 4335 1698 4370 a.
1719 4347 1784 4358 -
1811 4321 1935 4370 Dino
1962 4322 2092 4369 Rho-

526 4398 662 4459 dius,
685 4396 845 4458 Persei
866 4397 989 4458 regis
1009 4394 1229 4459 partibus
1249 4396 1418 4444 contra
1443 4397 1687 4443 Romanos
1705 4393 1901 4449 favens,
1925 4390 2091 4452 Polyb.

529 4470 742 4529 xxvii,
765 4474 815 4528 ⁶3
839 4467 1041 4518 xxviii
1060 4501 1077 4527 ‚
1102 4472 1150 4527 2,
1174 4471 1340 4526 3315,
1362 4466 1422 4524 43
1446 4466 1634 4524 ΧΧΙΧ,
1661 4468 1715 4524 5,
1754 4467 1811 4520 ²3
1852 4464 2012 4520 xxx,
2036 4465 2090 4523 7,

529 4546 617 4599 10,
636 4540 798 4596 XXX,
817 4541 863 4590 8.
888 4559 954 4573 -
979 4538 1110 4586 Dino
1130 4533 1393 4585 statuarius
1409 4547 1488 4596 ap.
1515 4533 1639 4582 Plin.
1667 4535 1725 4582 ll.
1753 4533 1810 4579 N.
1840 4534 1897 4580 34
1916 4567 1930 4591 ,
1961 4535 2029 4580 19.

589 4607 677 4670 (**)
713 4605 961 4656 Laudatur
983 4606 1106 4655 Dino
1129 4605 1177 4653 ἐν
1195 4605 1391 4669 δευτέρῳ
1410 4609 1489 4661 τῆς
1507 4604 1722 4665 δευτέρας
1748 4601 2005 4656 <swerd-iem
2033 4600 2096 4648 de

531 4678 742 4727 nercule
776 4676 905 4726 tdoeo
923 4712 937 4736 ,
977 4675 1039 4724 fr.
1067 4678 1124 4734 43
1166 4676 1214 4724 ἐν
1237 4674 1411 4738 πρώτῳ
1446 4679 1527 4732 τῆς
1553 4674 1705 4735 τρίτης
1743 4671 2001 4726 συντάξεως
2034 4669 2095 4718 de

531 4748 708 4810 magiS,
733 4748 792 4794 tr.
820 4753 867 4796 8.
894 4744 1077 4796 Deinde
1103 4759 1115 4791 ε
1147 4745 1196 4793 ἐν
1214 4746 1414 4806 πέμπτῳ
1432 4748 1527 4791 τῶν
1549 4746 1790 4804 Περσικῶν
1812 4746 1892 4798 τῆς
1911 4739 2096 4801 πρώτης

531 4817 791 4872 συντάξεως
813 4815 875 4865 de
892 4815 1053 4877 Amyti
1079 4814 1255 4864 xerxis
1277 4814 1402 4874 tilia,
1428 4814 1488 4862 tr.
1516 4819 1566 4861 21
1594 4849 1608 4874 ,
1627 4810 1713 4860 ubi
1746 4824 1807 4860 ex
1834 4809 1997 4857 nostra
2015 4808 2093 4857 di-

533 4886 718 4936 visione
750 4884 1058 4936 scribendum
1092 4886 1166 4935 est
1193 4890 1275 4943 τῆς
1310 4883 1465 4945 τρίτης
1496 4882 1770 4937 συντάξεως.
1797 4880 1845 4930 si
1886 4881 2015 4928 recte
2043 4891 2094 4929 se

534 4957 678 5006 habet
698 4954 824 5006 istud
847 4961 927 5014 τῆς
945 4955 1133 5016 πρώτης
1147 4991 1162 5015 ,
1182 4951 1492 5002 statuendum
1517 4953 1672 5012 foret,
1694 4951 1742 4998 in
1769 4950 1928 5012 prima
1949 4951 2092 5009 parte
2784 4982 3153 5008 *-

535 5024 781 5077 historiam
808 5026 1086 5082 Persarum,
1116 5023 1165 5071 in
1187 5022 1339 5070 altera
1362 5023 1412 5069 et
1445 5021 1622 5079 tortia,
1660 5033 1774 5082 quae
1807 5018 1870 5066 ad
1896 5016 2087 5078 religio·
2354 5055 2359 5061 .

537 5108 676 5154 neta,
718 5106 904 5153 mores,
944 5093 1164 5141 instituta
1199 5104 1370 5140 eorum
1411 5091 1682 5151 pertinent,
1713 5101 1815 5137 esse
1848 5087 2092 5148 exposita.

539 5167 844 5225 Quamquam
890 5164 994 5223 ejus
1036 5162 1223 5222 generis
1262 5160 1591 5211 distinctiones
1637 5159 1699 5208 ab
1744 5155 2099 5220 antiquioribus

539 5233 852 5296 scriptoribus
870 5233 1038 5284 aliemt‘¹
1063 5245 1165 5282 esse
1197 5231 1366 5284 soient.
1770 5259 1778 5267 ·
