3900 6042
1604 493 2091 558 FRAGMENTA.

236 616 391 688 phin
418 614 681 669 manetho
701 655 719 686 ,
749 610 941 683 Chcfit
962 625 1323 669 monumenta
1340 616 1669 689 AEgyptiaca
1690 635 1799 672 vo-

242 713 396 757 cant.
436 703 636 757 Sensus
680 701 791 755 loci
833 700 1062 756 fortasse
1102 701 1192 755 hic
1240 701 1346 756 fuit
1381 721 1395 756 ε
1444 703 1796 775 Pyramidem

240 789 548 843 maximam
573 784 865 843 aedificavit
890 786 1169 841 secundus
1201 806 1301 841 rex
1337 787 1632 861 dynastiae,
1680 808 1797 845 non

240 868 669 938 vero-primus,
715 883 884 937 quem
920 866 1203 938 Cheopem
1248 866 1573 921 Herodotus
1606 879 1792 925 vocat.

238 954 331 1009 cf.
360 954 600 1007 Bunsen.
627 971 691 1025 p.
724 952 851 1009 136.
868 952 973 1007 Sed
998 954 1114 1006 haec
1134 953 1514 1007 incertisssima
1538 951 1795 1019 sunt,fie·

242 1041 412 1110 rique
429 1041 619 1111 potuit
636 1050 700 1093 ut
734 1037 1242 1112 reprehenderetur
1286 1038 1611 1093 Herodotus
1637 1040 1796 1111 quod

238 1127 533 1199 Cheopem
553 1125 807 1196 Trojanis
826 1126 1173 1197 temporibus
1192 1127 1560 1199 posteriorem
1580 1128 1794 1198 posuis-

236 1225 349 1270 set.
380 1244 460 1255 -
487 1214 746 1268 Ceterum
774 1213 1079 1267 Bunsenius
1110 1231 1169 1285 p.
1204 1212 1303 1267 161
1340 1214 1527 1267 statuit
1552 1215 1797 1287 pyrami-

238 1300 377 1355 dem
414 1301 713 1355 maximam
741 1318 772 1355 a
794 1297 1251 1356 Chnemu-chusu
1282 1298 1659 1372 imperfectam
1684 1318 1796 1355 esse

237 1388 521 1459 relictam,
546 1387 619 1442 ad
640 1385 810 1441 finem
831 1404 968 1441 vero
992 1404 1132 1459 opus
1156 1385 1493 1459 perductum
1521 1405 1553 1440 a
1585 1384 1796 1455 Cltafra

235 1492 379 1549 rege
400 1474 564 1544 hujus
595 1472 855 1546 dynastiae
879 1482 1185 1546 postremo.
1215 1472 1355 1527 Vide
1390 1472 1556 1530 intra.
1592 1504 1663 1516 —
1692 1475 1798 1527 Mi-

236 1578 377 1616 rum
404 1559 650 1631 denique
682 1569 763 1615 est
797 1559 955 1631 quod
974 1557 1280 1631 pyramidis
1305 1559 1558 1612 maximae
1577 1569 1795 1614 exstru-

238 1657 492 1713 ctorem,
519 1664 687 1718 quem
710 1646 1033 1701 Herodotus
1058 1655 1114 1700 et
1146 1647 1264 1717 ipse
1282 1646 1540 1699 Manetho
1560 1645 1795 1701 deorum

238 1742 696 1805 contemptorem
721 1732 884 1788 fuisse
909 1732 1129 1801 dicunt,
1158 1732 1418 1787 Manetho
1438 1732 1799 1788 nihilominus

236 1817 344 1888 τὴν
392 1817 534 1895 ἱερὰν
564 1818 858 1896 συγγράψαι
889 1816 1066 1895 βίὸλον
1110 1818 1298 1875 tradit.
1354 1819 1551 1873 Melius
1581 1819 1695 1874 haec
1738 1821 1797 1875 in

235 1918 569 1980 sequentem
591 1925 780 1979 regem
801 1906 1158 1972 Mencheren‚
1178 1906 1362 1961 virum
1380 1907 1795 1976 sanctissimum,

239 1994 607 2067 quadrarent.
627 1994 895 2049 Eusebius
911 2012 1030 2049 rem
1066 1993 1307 2065 explicat
1331 1993 1509 2047 verbo
1539 1990 1795 2065 μετανοή-

237 2102 444 2149 σαντα,
479 2100 512 2137 e
532 2100 665 2148 suo,
694 2083 921 2155 opinor,
950 2098 1129 2155 penu,
1160 2080 1320 2135 sicuti
1352 2080 1518 2134 etiam
1553 2098 1678 2152 quae
1711 2099 1795 2136 se·

238 2181 501 2242 quuutur
523 2168 675 2243 apud
702 2168 1024 2224 Africanum
1042 2165 1106 2236 ἢν
1143 2167 1214 2229 ὡς
1247 2163 1383 2241 μέγα
1414 2168 1598 2242 χρῆμα
1622 2167 1675 2222 ἐν
1701 2166 1795 2223 Αἰ·

238 2255 432 2334 γύπτῳ
458 2255 723 2330 γενόμενος
771 2251 1071 2329 ἐκτησάμην
1106 2272 1403 2327 perperam
1433 2256 1690 2312 mutavit.
1735 2256 1793 2310 Si

242 2361 372 2398 non
400 2344 617 2411 omnia,
656 2353 937 2415 postrema
963 2342 1158 2395 saltem
1190 2337 1368 2414 (ἣν...
1396 2335 1734 2415 ἐκτησάμην)
1762 2359 1794 2396 a

235 2431 459 2486 seriore
486 2429 735 2504 quodam
763 2429 992 2483 homine
1020 2438 1196 2482 assuta
1217 2438 1370 2495 sunt3
1396 2444 1533 2480 num
1558 2446 1695 2482 vero
1722 2428 1794 2483 ab

236 2518 515 2574 Africano
532 2557 548 2586 ,
574 2535 647 2572 an
672 2517 744 2572 ab
769 2516 1085 2588 antiquiore
1105 2515 1296 2585 aliquo
1312 2556 1330 2587 ,
1353 2531 1553 2586 parum
1594 2515 1789 2587 liquet.

328 2605 419 2660 111
463 2614 514 2660 et
543 2605 636 2662 IV.
670 2606 993 2676 Sequuntur
1015 2601 1167 2675 apud
1195 2600 1612 2656 Eratosthenem
1640 2601 1797 2655 Mos-

234 2690 441 2746 chem
480 2701 533 2748 et
554 2689 821 2751 Mos-thes.
845 2692 914 2745 In
949 2691 1016 2744 iis
1038 2690 1213 2744 latent
1234 2687 1352 2743 duo
1380 2705 1531 2761 reges
1552 2686 1795 2759 ejusdem

238 2780 495 2835 nominis
515 2780 829 2835 Mene-heres
851 2780 880 2833 Ι
906 2787 962 2833 et
989 2777 1079 2851 11,
1105 2776 1191 2830 uti
1216 2784 1364 2847 patet
1387 2791 1451 2828 ex
1476 2783 1796 2847 comparata

239 2865 441 2920 tabula
463 2864 748 2939 Abydena.
780 2864 1038 2922 Manetho
1074 2862 1295 2919 nonnisi
1332 2878 1509 2918 unum
1537 2861 1792 2917 Menche-

232 2972 367 3009 rem
387 2964 655 3009 memorat
671 2994 687 3021 ,
708 2953 801 3009 sed
824 2954 954 3008 huic
978 2940 1077 3007 uni
1097 2961 1181 3006 tot
1214 2950 1320 3006 sere
1342 2969 1517 3006 annos
1541 2948 1658 3026 (63)
1688 2950 1794 3005 tri-

236 3040 372 3095 buit
398 3050 538 3113 quot
556 3042 934 3096 Eratosthenes
956 3040 1051 3095 dat
1076 3040 1297 3111 utrique
1327 3036 1738 3111 (3t÷33:64
1759 3040 1793 3105 ).

232 3158 327 3172 --
357 3127 680 3195 Mencheoes
720 3130 746 3183 1
788 3130 849 3182 in
891 3128 1077 3183 tabula
1111 3125 1379 3198 Abydena
1413 3125 1542 3179 loco
1573 3124 1793 3181 decimo

235 3224 451 3288 quarto
481 3212 546 3290 Γ)
589 3215 852 3269 scribitur
899 3216 975 3269 ita
1022 3232 1035 3267 ε
1078 3211 1311 3267 Nersa’
1362 3227 1564 3267 xit-as.
1605 3213 1795 3267 Unum

233 3304 465 3376 signum
480 3342 496 3369 ‚
519 3300 674 3374 quod
692 3300 895 3356 excidit
909 3342 924 3368 ,
945 3300 1217 3373 supplevit
1246 3299 1547 3353 Bunsenius
1558 3298 1798 3354 scribens

238 3389 572 3448 Men-leem.
600 3390 776 3443 Necer
799 3388 817 3463 (
840 3390 881 3447 i.
911 3408 956 3445 e.
990 3386 1157 3461 deus)
1191 3403 1501 3459 cognomen
1539 3395 1615 3439 est
1641 3386 1796 3457 quod

236 3475 447 3546 saepius
491 3473 762 3530 defunctis
803 3475 1026 3549 regibus
1067 3473 1239 3528 tribui
1294 3471 1432 3526 solet
1481 3470 1572 3543 (ut
1631 3492 1644 3525 ι
1701 3490 1797 3528 ne—

240 3572 436 3616 ter-na
452 3602 468 3631 ,
508 3563 644 3616 deus
690 3580 944 3633 magnus,
1000 3558 1333 3617 neter-nesra
1353 3598 1371 3627 ,
1411 3559 1546 3612 deus
1574 3558 1793 3632 bonus);

242 3647 559 3705 Mencberes
580 3668 711 3705 vero
738 3651 966 3717 meruit,
991 3658 1283 3721 propterea
1309 3645 1464 3718 quod
1496 3654 1624 3718 post
1657 3644 1799 3700 duos

238 3754 399 3811 reges
417 3738 615 3810 impios
636 3739 749 3810 ipse
763 3755 821 3792 se
831 3738 1186 3809 justissimum
1206 3734 1448 3808 praebuit
1472 3732 1604 3788 etde
1620 3736 1799 3807 Aegy-

240 3826 380 3898 ptiis
405 3827 612 3898 optime
632 3826 857 3879 meritus
877 3834 973 3879 est.
1002 3826 1143 3878 Nam
1180 3822 1343 3876 talem
1383 3818 1542 3875 fuisse
1569 3820 1798 3875 tradunt

244 3912 570 3968 Herodotus
597 3915 651 3968 11
669 3953 686 3981 ,
724 3912 977 3985 129,ubi
1004 3911 1283 3986 Μυκερῖνος
1335 3925 1429 3962 rex
1455 3910 1794 3976 nominatur,

242 4012 301 4055 et
328 3998 615 4054 Diodorus
642 4001 697 4068 1,
724 4000 795 4063 64
812 4043 828 4067 ,
856 3998 924 4066 6,
961 3997 1062 4052 ubi
1090 3996 1375 4073 Μυκερῖνος
1396 3991 1431 4062 ἣ
1456 3994 1795 4071 Μεγμρῖνος.

246 4089 497 4160 Uterque
504 4089 745 4161 scriptor
753 4087 930 4141 filium
942 4084 1237 4158 Cephrenis
1253 4084 1561 4157 perhibent.
1576 4084 1796 4156 Quanto

251 4178 472 4232 honore
492 4175 645 4250 apud
672 4172 1182 4250 AEgyptiossiierit,
1201 4174 1362 4229 etiam
1384 4170 1513 4228 inde
1540 4181 1794 4246 apparet,

316 4358 385 4419 (‘)
409 4361 508 4408 Rex
541 4358 757 4407 decimus
777 4361 979 4420 quartus
1002 4358 1301 4407 Eratostheni
1334 4358 1406 4406 est
1426 4356 1640 4405 decimus
1655 4357 1797 4416 septi·

246 4439 379 4476 mus.
442 4428 545 4475 Non
570 4428 706 4487 iunge
733 4429 853 4476 atter
884 4427 945 4475 ab
978 4428 1131 4475 attero
1169 4425 1373 4483 recedit;
1411 4425 1587 4473 recedit
1621 4429 1797 4473 tamen.

248 4495 532 4546 Differentia
558 4510 673 4545 vero
703 4497 927 4559 explicari
964 4499 1132 4557 potest.
1159 4497 1339 4555 Nempe
1363 4506 1514 4555 quum
1548 4494 1708 4542 tabula
1739 4495 1799 4542 ad

245 4562 472 4625 Abydum
496 4565 757 4626 pertineat,
790 4579 901 4627 quoe
923 4564 1038 4612 urbs
1064 4564 1155 4612 tuit
1177 4562 1301 4622 regia
1331 4562 1491 4623 stirpis
1524 4561 1799 4619 Titiniticoe,

244 4636 622 4681 oonsentaneum
639 4638 717 4682 est·
732 4639 975 4683 auctorem
1006 4636 1111 4694 post
1128 4632 1328 4694 primam
1351 4630 1616 4692 dynastiam
1635 4632 1800 4681 Thini-

246 4704 400 4751 ticam
437 4714 531 4749 non
559 4703 770 4762 posuisse
790 4703 1144 4764 Metnphiticam
1166 4702 1367 4762 primam
1385 4737 1399 4758 ,
1422 4699 1503 4748 sed
1523 4713 1633 4761 quoe
1661 4701 1802 4760 juxta

246 4772 376 4820 hane
401 4772 644 4832 regnavit,
672 4772 959 4822 Thinitieam
999 4770 1276 4820 secundam.
1315 4770 1462 4831 igitur
1490 4769 1530 4818 si
1566 4771 1730 4831 prima:
1747 4770 1786 4818 si

245 4839 352 4960 Siti
384 4841 719 4891 Eratosthenes
751 4842 883 4891 dedit
911 4854 1042 4903 reges
1064 4841 1301 4902 quinque,
1338 4840 1475 4888 alteri
1501 4852 1642 4897 vero,
1664 4841 1799 4888 sicuti

299 4910 505 4971 anetho,
526 4914 737 4971 septem,
768 4912 1019 4960 duodecim
1040 4911 1191 4971 regnis
1209 4909 1334 4959 idem
1354 4910 1559 4971 spatium
1573 4910 1799 4970 explevit,

245 4979 382 5044 quod
410 4980 535 5041 apud
560 4982 918 5031 Eratosthenem
941 4984 1015 5030 est
1036 4993 1199 5041 regum
1219 4979 1619 5039 quattuordecim.
1639 4980 1801 5040 ltaque

247 5054 417 5101 nostra
444 5050 660 5111 dynastia
706 5053 932 5115 inciperet
957 5066 983 5100 a
1021 5066 1130 5113 rege
1147 5054 1285 5110 ΧΙΙΙ,
1310 5052 1391 5113 qui
1428 5054 1696 5099 antecessor
1730 5056 1802 5099 est

248 5124 517 5181 Meum,
553 5121 749 5172 adeout
776 5122 969 5172 nonnisi
989 5136 1140 5171 unum
1187 5122 1359 5180 Chusa
1396 5121 1561 5181 (euius
1600 5121 1803 5170 nominis

250 5188 506 5250 vestigium
528 5191 649 5240 inest
665 5193 714 5241 in
743 5195 996 5255 superstite
1018 5194 1085 5252 Ρ)
1104 5204 1355 5242 numerare
1372 5193 1540 5242 sudor
1555 5191 1797 5253 potuisset:

250 5259 377 5308 vide
401 5259 607 5309 Bunsen.
630 5273 679 5324 p.
705 5267 791 5311 tao
812 5274 889 5326 sq.

3320 515 3423 563 551

1889 628 2049 700 quod
2079 646 2277 684 nomen
2299 627 2412 700 ejus
2454 631 2508 684 in
2529 630 2787 703 precibus
2812 633 3202 706 AEgyptiorum
3234 653 3436 689 occur-

1886 716 1989 783 rit,
2037 725 2257 771 testante
2284 718 2482 789 Lepsio
2526 717 2545 791 (
2575 719 2946 785 Todtenbuch,
3002 730 3134 775 sect.
3188 720 3263 785 64
3283 722 3323 793 ).
3348 722 3434 780 Cf.

1887 802 2123 859 Bunsen.
2149 821 2210 875 p.
2242 822 2263 856 1
2279 803 2370 857 33.
2389 835 2464 845 —-
2492 806 2598 859 nic
2619 806 2789 878 igitur
2811 808 3124 878 Mycerinus
3145 809 3254 863 sive
3281 810 3438 863 Men-

1889 888 2068 956 chres,
2095 891 2177 943 uti
2201 890 2379 946 Graeci
2405 900 2656 946 auctores
2679 892 2922 947 referunt
2948 894 2987 947 l.
3010 894 3071 961 1.,
3096 894 3439 965 pyramidem

1888 978 2156 1031 exstruxit
2181 996 2304 1050 quae
2329 978 2710 1051 magnitudine
2730 992 2806 1035 est
2822 981 2977 1035 tertia
2994 1020 3010 1049 ,
3040 981 3292 1052 lapidum
3308 1001 3439 1039 vero

1888 1062 2293 1136 magnificentia
2315 1076 2478 1136 atque
2507 1077 2618 1120 arte
2634 1076 2923 1121 structurae
2943 1068 3194 1121 omnium
3215 1069 3437 1141 pulcer-

1890 1149 2052 1204 rima.
2102 1152 2520 1225 sarcophagum
2555 1153 2613 1206 in
2638 1171 2699 1208 ea
2726 1155 3016 1225 ipsumque
3045 1156 3185 1228 regis
3206 1155 3439 1212 cadaver

1886 1238 2090 1308 reperit
2105 1241 2264 1309 Vyse,
2290 1239 2503 1312 Anglus
2523 1238 2920 1295 celeberrimus.
2941 1243 3102 1296 Nunc
3123 1259 3217 1296 rex
3235 1244 3292 1295 in
3317 1243 3442 1299 Bri-

1890 1324 2075 1377 tannia
2090 1323 2251 1393 jacet.
2283 1324 2474 1379 Loculi
2512 1327 2777 1396 operculo
2809 1346 2931 1399 quae
2955 1328 3218 1400 inscripta
3243 1329 3441 1402 legun-

1891 1416 2003 1475 tur,
2043 1428 2107 1463 ex
2135 1410 2282 1464 libro
2328 1411 2582 1465 Bunsenii
2623 1429 2681 1484 p.
2732 1432 2833 1481 ¹7¹
2886 1424 3043 1467 verto
3084 1414 3433 1483 verbotenus,

1895 1516 1917 1540 α
1952 1494 2122 1549 Osiris
2147 1495 2362 1567 (beate)
2385 1514 2481 1550 rex
2515 1498 2738 1551 ‚Mi-:su
2766 1516 2925 1566 um,
2959 1500 3018 1553 in
3053 1510 3318 1555 aeternum
3355 1505 3440 1556 vi-

1886 1597 2044 1647 vens,
2092 1582 2573 1637 coelitus-oriunde
2592 1624 2604 1647 ,
2652 1582 2731 1637 fili
2773 1586 2944 1657 Netpe
2972 1584 3187 1657 (Nenh,
3233 1588 3426 1653 Rheae,

1886 1667 2064 1739 deoe),
2091 1669 2349 1741 prosapia
2387 1671 2578 1723 matris
2602 1668 2706 1740 (sc.
2724 1669 3010 1746 deorum),
3039 1691 3072 1727 a
3098 1673 3203 1728 Seb
3232 1676 3302 1747 (a
3324 1676 3439 1729 Sa-

1891 1751 2080 1826 turno)
2107 1750 2312 1810 amate!
2339 1755 2641 1811 Extendere
2671 1758 2869 1813 velitse
2910 1768 3082 1814 mater
3119 1768 3216 1814 tua
3265 1761 3440 1834 Netpe

1888 1858 2056 1912 supra
2076 1851 2125 1896 te
2148 1860 2162 1895 z
2185 1844 2408 1896 nomine
2448 1861 2567 1912 suo,
2598 1861 2713 1915 quo
2754 1846 2958 1899 coelum
2998 1845 3240 1918 pandere
3290 1846 3438 1901 dici-

1886 1926 2120 1995 tur,****
2149 1928 2437 1984 ostendens
2465 1942 2514 1986 te
2539 1930 2645 1986 deo
2664 1928 3059 2008 [debellatori]
3086 1934 3437 2006 impurorum

1896 2022 2132 2068 tuorum
2172 2015 2529 2072 inimicorum
2562 2035 2576 2073 t
2605 2034 2702 2072 rex
2742 2019 2911 2072 Meam
2951 2037 3126 2088 u-as,
3173 2022 3358 2076 vivens
3383 2023 3440 2075 in

1886 2114 2176 2165 aeternum.
2211 2132 2233 2156 a·
2264 2107 2517 2166 Ceterum
2536 2109 2664 2166 vide
2691 2129 2704 2163 :
2737 2098 3244 2167 Eclaimissements
3265 2132 3362 2167 sm·
3387 2117 3438 2168 le

1884 2197 2120 2249 cer-cueil
2131 2196 2208 2249 du
2224 2201 2310 2251 roi
2340 2198 2409 2251 M
2396 2202 2686 2268 ‚re-eriam,
2722 2199 2953 2252 vadum
2969 2200 3042 2253 de
3071 2201 3349 2274 I'Anglais
3383 2214 3440 2255 ee

1884 2284 2282 2355 accompagne's
2297 2282 2370 2337 de
2390 2295 2542 2337 notes
2555 2301 2671 2356 par
2687 2286 3037 2337 Lenormant.
3062 2285 3232 2339 Paris
3264 2284 3412 2358 1839
3424 2330 3435 2341 .

1888 2398 1968 2408 -—
1996 2370 2309 2442 Mycerinns
2339 2382 2520 2426 tamen
2568 2390 2685 2426 non
2709 2370 2779 2426 ad
2801 2369 2965 2427 finem
2988 2372 3251 2444 perduxit
3268 2391 3440 2446 pyra-

1885 2455 2117 2526 midem,
2141 2466 2268 2512 teste
2286 2456 2545 2513 Diodoro
2564 2459 2613 2526 1,
2646 2457 2745 2527 64,
2769 2477 2800 2526 7
2833 2477 2846 2511 ι
2871 2448 3038 2522 Οὗτος
3071 2456 3440 2531 ἐπιὸαλόμενος

1883 2538 2059 2618 τρίτην
2080 2540 2500 2614 κατασκευάζειν,
2519 2539 2770 2620 πρότερον
2790 2539 3118 2614 ἐτελεύτησεν
3135 2542 3267 2620 ἤπερ
3286 2543 3345 2601 τὸ
3363 2542 3443 2621 ἔρ·

1884 2647 1974 2701 γον
1995 2624 2152 2683 ἔλαὸε
2176 2625 2491 2685 συντέλειαν.
2519 2630 2698 2700 quue
2717 2632 2956 2684 rationes
2994 2631 3439 2686 architectonicae

1888 2715 2056 2787 ipsius
2093 2716 2275 2788 operis
2316 2716 2683 2788 comprobare
2723 2715 3008 2774 videntur.
3073 2719 3140 2770 V.
3201 2719 3438 2773 numen.

1883 2822 1941 2875 p.
1978 2822 2078 2873 171
2101 2821 2248 2876 sqq„
2273 2804 2371 2876 qui
2395 2803 2678 2876 perfecisse
2704 2821 2822 2859 eam
2843 2804 3031 2858 statuit
3054 2803 3426 2871 Nitocridem,

1885 2890 2148 2961 dynastiae
2189 2900 2352 2945 sextae
2399 2890 2645 2963 reginam
2684 2900 3038 2963 postremam.
3092 2892 3252 2949 Hanc
3295 2894 3438 2946 enim

1886 2979 2143 3037 Menetho
2169 2979 2383 3037 tertiam
2408 2976 2751 3053 pyramidem
2778 2979 3098 3034 exstmxisse
3115 2978 3306 3036 tradit.

1969 3071 2145 3141 Prope
2167 3086 2284 3124 eam
2306 3069 2422 3122 sitae
2447 3076 2576 3121 sunt
2599 3084 2787 3139 parvae
2803 3064 3122 3139 pyramides
3143 3077 3270 3134 tres,
3298 3084 3440 3139 qua-

1884 3173 2013 3209 rum
2033 3157 2093 3210 in
2120 3154 2303 3211 media
2335 3155 2464 3209 item
2492 3164 2664 3210 exstat
2695 3171 2904 3208 nomen
2929 3153 3237 3207 Menkeura
3262 3153 3438 3225 lapidi

1886 3243 2244 3316 inscuiptum.
2298 3234 2478 3314 Quare
2504 3242 2808 3297 Bunsenius
2843 3242 3031 3295 statuit
3071 3241 3180 3294 hoc
3216 3258 3320 3296 esse
3358 3257 3441 3295 se—

1885 3331 2147 3401 pulcrum
2178 3327 2495 3383 Mencheris
2535 3331 2626 3381 II.
2676 3326 2965 3383 Diodorus
2998 3327 3038 3380 l.
3083 3328 3120 3382 1.
3152 3325 3223 3381 de
3256 3328 3443 3399 parvis

1887 3416 2002 3469 istis
2030 3413 2415 3488 pyramidibus
2454 3414 2630 3468 refert
2654 3413 2772 3467 baec
2797 3429 2811 3468 ε
2835 3410 3049 3476 Ταύτας
3076 3407 3131 3466 δέ
3157 3431 3283 3488 φασι
3327 3410 3442 3474 τοὺς

1887 3495 2288 3576 προειρημένους
2336 3502 2472 3574 τρεῖς
2511 3499 2740 3573 βασιλεῖς
2768 3496 2881 3561 ταῖς
2924 3498 3073 3561 ἰδίαις
3111 3496 3436 3555 κατασκευᾶ·

1889 3605 1977 3639 σαι
2010 3580 2252 3661 γυναιξίν.
2278 3589 2358 3639 Ac
2382 3586 2565 3639 nescio
2611 3602 2745 3638 num
2775 3603 2981 3638 nomen
3022 3585 3236 3658 regium
3277 3583 3438 3639 suffi—

1888 3673 2015 3739 ciat,
2042 3682 2106 3726 ut
2131 3671 2367 3726 mediam
2408 3670 2755 3743 pyramidem
2788 3690 2906 3724 non
2945 3673 3110 3724 uxori
3139 3668 3443 3726 Mencberis

1885 3760 2086 3831 primi,
2111 3758 2210 3813 sed
2255 3759 2366 3832 regi
2391 3759 2671 3814 Mencheri
2711 3760 2768 3814 Π
2811 3768 3144 3815 exstructam
3183 3776 3296 3813 esse
3323 3776 3440 3814 me-

1890 3848 2001 3902 rito
2030 3856 2350 3902 statuamus.

1966 3937 2074 4006 Qui
2122 3946 2249 4007 post
2279 3934 2631 3989 Mencherem
2664 3934 2723 3986 in
2771 3931 3123 3985 Manethonis
3167 3930 3443 3987 laterculis

1889 4031 2176 4095 ponuntur
2198 4024 2256 4077 5.
2291 4021 2541 4074 Ratoises
2574 4029 2627 4074 et
2657 4019 2710 4073 6.
2731 4016 3009 4081 Bicheoes,
3048 4014 3121 4070 ad
3136 4014 3440 4087 dynastiam

1888 4107 2298 4163 antecedentem
2329 4104 2473 4184 (111,
2503 4106 2538 4161 8
2562 4116 2614 4161 et
2636 4104 2705 4178 9)
2732 4104 3025 4177 pertinent.
3051 4132 3130 4143 —
3171 4102 3442 4177 Deinceps

1888 4197 2036 4250 venit
2058 4192 2439 4261 Sebercheres,
2465 4193 2620 4265 quod
2633 4209 2836 4245 nomen
2851 4189 3074 4262 Lepsius
3095 4186 3174 4260 (v.
3198 4189 3432 4250 Bunsen.

1889 4301 1946 4354 p.
1989 4280 2136 4355 128)
2169 4291 2348 4334 mutat
2374 4282 2432 4334 in
2479 4277 2899 4351 Nepheoeheres
2954 4273 3068 4349 (uti
3112 4277 3276 4330 estin
3299 4275 3433 4349 dyn.

1890 4371 1955 4435 V,
1979 4368 2056 4442 3).
2078 4366 2397 4440 Respondet
2421 4366 2482 4419 in
2495 4364 2684 4421 tabula
2711 4362 2983 4435 Abydena
3007 4358 3433 4418 Numan-uas.

1888 4454 2038 4510 Nihil
2070 4454 2139 4509 de
2165 4472 2234 4508 eo
2255 4451 2661 4507 EratostheneS.
2692 4453 2898 4505 Verum
2922 4467 3098 4521 quum
3112 4451 3308 4520 saepius
3330 4449 3439 4504 hoc

1889 4559 2098 4595 nomen
2120 4540 2314 4595 redeat
2340 4540 2400 4592 in
2420 4538 2670 4610 dynastia
2695 4537 2890 4609 quinta
2913 4536 3435 4608 Elephantinorum,

1889 4628 2186 4700 probabile
2232 4636 2313 4681 est
2344 4624 2461 4696 jam
2508 4624 2771 4696 dynastiae
2831 4633 3041 4696 quartae
3096 4623 3441 4694 temporibus

1889 4734 2066 4770 unum
2106 4733 2175 4769 ex
2208 4715 2379 4785 stirpe
2407 4712 2771 4785 Elephantine
2785 4710 2944 4782 juxta
2975 4710 3304 4783 Memphites
3327 4728 3438 4782 po-

1890 4813 2124 4858 stremos
2145 4817 2415 4874 reg-nasse.

1968 4901 2034 4953 V.
2079 4898 2321 4952 Ultimus
2353 4914 2454 4949 rex
2482 4912 2573 4966 ap.
2631 4894 2783 4948 Erat.
2815 4894 3100 4955 Pammes‚
3161 4909 3253 4963 ap.
3286 4892 3435 4950 Man.

1896 4981 2281 5055 Thamplzthe's.
2314 4978 2410 5034 His
2430 4979 2664 5033 indicari
2685 4979 2991 5032 Bunsenius
3016 4977 3152 5031 dicit
3173 4976 3263 5050 (p.
3294 4979 3434 5053 122)

1890 5086 2097 5123 nomen
2121 5068 2367 5141 regium,
2385 5063 2542 5138 quod
2568 5063 2641 5118 ad
2672 5062 2986 5135 pyramides
3020 5072 3308 5134 repertum
3360 5076 3439 5118 est

1890 5157 2196 5229 saepiusque
2216 5152 2481 5220 occurrit,
2505 5160 2569 5205 ut
2589 5151 2646 5204 in
2678 5151 2934 5223 sepulcro
2956 5149 3113 5221 quod
3142 5148 3215 5203 ad
3248 5150 3434 5205 archi-

1894 5252 2101 5297 tectum
2129 5239 2290 5311 hujus
2325 5240 2469 5313 regis
2494 5240 2772 5311 pertinere
2817 5236 3022 5291 dicitur
3069 5234 3158 5307 (v.
3207 5239 3434 5309 Lepsius
