3900 6042
546 454 655 505 176

528 570 839 651 γυμνασθεὶς
902 571 954 628 ἐν
1022 572 1096 649 τῖ3
1154 567 1372 648 πολέμῳ
1429 571 1533 627 τῶν
1590 571 1823 648 φρουρῶν
1881 566 2083 645 ἐγένετο

529 660 807 740 κρείττων,
847 655 941 723 ἕως
985 657 1202 735 ἀφεῖσαν
1247 660 1340 727 τῆς
1383 654 1560 735 χώρας
1603 651 1714 713 ὅσοι
1745 654 1910 713 πλείω
1944 646 2080 725 ἦσαν

529 748 753 826 ἔχοντες.
779 753 799 817 ]
844 746 1361 805 Cf.Th.Mi·111e1-.
1422 745 1502 802 De
1542 744 1884 801 ΤΙιιιιίοτιιιιι
1930 746 2078 817 Rep-

527 856 591 910 p.
630 856 696 907 17
725 855 850 909 sqq·

1205 966 1401 1045 [237]

613 1111 739 1188 [Id.
765 1112 890 1168 Pol.
913 1111 983 1178 V,
1009 1108 1065 1177 6,
1091 1108 1126 1163 8
1152 1123 1169 1165 2
1195 1103 1446 1165 Μάλιστα
1465 1103 1521 1162 δὲ
1546 1102 1947 1164 λανθάνουσιναί
1967 1108 2081 1184 ἀρι-

534 1195 835 1276 στοκρατίαι
876 1193 1304 1270 μεταὸάλλουσαι
1329 1195 1405 1273 τῷ
1444 1192 1657 1251 λύεσθαι
1685 1192 1821 1250 κατὰ
1869 1192 2081 1272 μικρόν·

533 1281 661 1362 ὅπερ
695 1282 897 1360 εἴρηται
926 1283 981 1338 ἐν
1017 1283 1124 1346 τοῖς
1166 1278 1410 1359 πρότερον
1455 1277 1676 1338 καθόλου
1715 1277 1854 1337 κατὰ
1896 1283 2082 1338 πασῶν

535 1374 638 1428 τῶν
662 1370 967 1437 πολιτειῶν,
993 1363 1072 1425 ὅτι
1102 1365 1265 1425 αἴτιον
1303 1369 1407 1424 τῶν
1438 1365 1742 1442 μεταὸολῶν
1769 1365 1861 1424 καὶ
1901 1365 1961 1424 τὸ
1997 1389 2083 1444 μι-

535 1456 657 1534 κρόν
688 1458 856 1514 ἐστιν·
885 1450 1007 1512 ὅταν
1037 1453 1139 1531 γάρ
1178 1476 1230 1511 τι
1258 1452 1522 1532 πρόωνται
1555 1456 1660 1511 τῶν
1703 1453 1830 1533 πρὸς
1859 1453 1956 1524 τὴν
1985 1477 2083 1513 πο·

426 1612 437 1621 .
536 1543 728 1601 λιτείαν
746 1585 762 1613 ,
789 1540 922 1618 μετὰ
944 1546 1097 1599 τοῦτο
1115 1540 1205 1599 καὶ
1235 1540 1364 1599 ἄλλο
1383 1544 1554 1621 μικρῷ
1580 1544 1752 1617 μεῖζον
1777 1540 2086 1622 εὐχερέστε-

536 1653 621 1709 ρον
650 1635 872 1688 κινοῦσιν
886 1673 902 1701 ,
926 1625 1022 1694 ἕως
1043 1626 1105 1686 ἂν
1127 1627 1300 1686 πάντα
1319 1628 1570 1699 κινήσωσι
1598 1628 1684 1686 τὸν
1707 1628 1920 1705 κόσμον.
1943 1633 2082 1690 Συν-

535 1717 631 1787 έὸη
678 1716 732 1774 δὲ
767 1721 920 1774 τοῦτο
954 1715 1045 1774 καὶ
1072 1715 1160 1775 ἐπὶ
1199 1718 1292 1785 τῆς
1326 1713 1565 1794 Θουρίων
1605 1714 1897 1779 πολιτείας·
1923 1712 2085 1788 νόμου

535 1803 636 1881 γὰρ
659 1803 800 1869 ὄντος
827 1801 914 1861 διὰ
942 1801 1097 1861 πέντε
1120 1804 1250 1860 ἐτῶν
1287 1808 1629 1881 στρατηγεῖν,
1654 1799 1918 1877 γενόμενοί
1956 1822 2088 1867 τινες

536 1889 813 1965 πολεμικοὶ
846 1892 950 1947 τῶν
992 1887 1281 1969 νεωτέρων,
1322 1886 1413 1945 καὶ
1457 1885 1603 1961 παρὰ
1639 1890 1715 1967 τῷ
1755 1886 1941 1957 πλήθει
1983 1889 2086 1944 τῶν

539 1980 772 2056 φρουρῶν
800 1977 1210 2050 εὐδοκιμοῦντες,
1246 1972 1732 2053 καταφρονήσαντες
1752 1976 1856 2032 τῶν
1890 1975 1944 2031 ἕν
1982 1981 2090 2040 τοῖς

541 2062 848 2140 πράγμασι,
871 2062 961 2120 καὶ
979 2060 1266 2137 νομίζοντες
1293 2060 1481 2142 ῥαδίως
1503 2059 1884 2139 κατασχήσειν,
1908 2064 2087 2118 τοῦτον

540 2148 631 2205 τὸν
656 2148 813 2223 νόμον
837 2148 976 2208 λύειν
1005 2146 1350 2226 ἐπεχείρησαν
1370 2150 1603 2223 πρῶτον,
1621 2146 1747 2206 ὥστ’
1771 2146 1958 2214 ἐξεῖναι
1976 2145 2091 2213 τοὺς

541 2233 727 2300 αὗτους
757 2238 986 2314 συνεχῶς
1005 2237 1344 2312 στρατηγεῖν,
1372 2237 1587 2313 ὁρῶντες
1608 2232 1697 2292 τὸν
1719 2235 1882 2310 δῆμον
1908 2232 2091 2300 αὐτους

492 2324 505 2338 ’
541 2321 971 2419 χειροτονήσοντα
994 2319 1290 2419 προθύμως.
1322 2321 1392 2382 Οἱ
1414 2320 1460 2378 δ’
1488 2321 1573 2378 ἐπὶ
1599 2319 1766 2401 τούτῳ
1782 2319 2092 2396 τεταγμένοι

542 2404 643 2459 τῶν
663 2399 962 2479 ἀρχόντων,
982 2402 1030 2457 οἱ
1052 2400 1363 2476 καλούμενοι
1386 2398 1672 2477 σύμὸουλοι
1688 2385 2011 2479 ὁρμήσαντες
2032 2397 2092 2457 τὸ

539 2511 745 2568 πρωτον
782 2489 1137 2546 ἑναντιουσθαι
1164 2486 1573 2560 συνεπείσθησαν
1590 2531 1606 2559 ,
1632 2486 2092 2564 ὗπολαμὸάνοντες

538 2598 721 2633 τουτον
745 2574 1056 2646 κινήσαντας
1089 2573 1178 2632 τὸν
1203 2574 1362 2651 νόμον
1403 2574 1574 2634 ἐάσειν
1602 2574 1697 2645 τὴν
1727 2575 1893 2647 ἄλλην
1933 2575 2092 2633 πολι-

539 2663 710 2735 τείαν,
734 2662 945 2743 ὕστερον
969 2661 1024 2720 δὲ
1069 2661 1373 2741 βουλόμενοι
1395 2664 1613 2722 κωλύειν
1640 2660 1813 2721 ἄλλων
1847 2659 2092 2737 κινουμέ-

541 2773 665 2819 νων,
695 2748 868 2808 οὐκέτι
912 2748 1070 2807 πλέον
1113 2748 1317 2809 ἐποίουν
1343 2749 1517 2822 οὗθὲν,
1560 2748 1698 2807 ἀλλὰ
1740 2748 2028 2825 μετίὸαλεν
2055 2752 2091 2820 ἡ

540 2836 681 2905 τάξις
706 2845 853 2895 πᾶσα
879 2839 973 2907 τῆς
1011 2835 1273 2903 πολιτείας
1299 2840 1372 2905 εἰς
1396 2835 1700 2895 δυναστείαν
1741 2839 1846 2894 τῶν
1885 2838 2092 2915 ὶπιχει-

547 2923 823 3003 ρησάντων
853 2923 1227 3003 νεωτερίζειν.]

540 3102 657 3138 vero
699 3089 802 3138 sive
833 3089 1077 3138 curiarum
1118 3102 1346 3140 numerus
1382 3091 1667 3152 augeretuu
1694 3088 1868 3139 deinde
1899 3093 2093 3151 autem,

540 3165 672 3229 quod
715 3165 899 3214 nobiles
932 3166 1081 3215 totius
1112 3166 1316 3227 regionis
1347 3179 1486 3229 agros
1517 3167 1690 3227 praeter
1724 3166 1876 3227 legem
1914 3179 2097 3216 coeme-

541 3246 651 3293 rant
672 3245 722 3293 et
737 3242 1039 3305 possidebant
1058 3244 1076 3303 (
1084 3255 1198 3292 nam
1224 3256 1393 3293 eorum
1411 3242 1682 3304 respublica
1705 3241 1768 3291 ad
1784 3242 2093 3305 oligarcbiam

540 3320 831 3381 inclinabat,
870 3321 1015 3381 atque
1041 3318 1219 3368 idcirco
1249 3320 1388 3369 facile
1413 3321 1635 3383 poterant
1658 3318 1928 3368 istiusmodi
1963 3334 2093 3383 quoe·

541 3401 671 3447 stum
712 3397 867 3445 tacere
881 3395 921 3457 ),
942 3408 1055 3444 mox
1087 3396 1317 3458 populus,
1360 3408 1514 3458 quum
1552 3394 1663 3445 belli
1696 3394 1935 3446 exercitiis
1969 3397 2097 3448 vires

541 3474 767 3531 auxisset,
785 3471 1015 3535 praesidtis
1024 3472 1427 3522 mercenariorum
1440 3474 1586 3537 (quos
1599 3476 1872 3535 optimates
1889 3476 2094 3524 civitati

541 3551 926 3612 imposuerant)
945 3551 1161 3613 superior
1194 3551 1350 3600 tactus
1383 3554 1483 3612 est,
1520 3550 1816 3614 victoriaque
1854 3564 1943 3600 sua
1980 3564 2097 3601 usus

544 3628 675 3677 baud
700 3629 843 3678 antea
859 3627 1042 3678 destitit
1055 3665 1071 3690 ,
1090 3640 1238 3691 quam
1268 3628 1302 3677 ii
1319 3630 1403 3691 qui
1425 3632 1589 3693 plures
1601 3642 1748 3694 quam
1765 3643 1829 3681 ex
1849 3631 1955 3694 lege
1978 3630 2094 3681 lice·

544 3707 628 3756 bat
644 3720 781 3770 agros
802 3707 1135 3771 possidebant,
1159 3708 1286 3770 agris
1300 3708 1404 3759 istis
1420 3710 1671 3761 cessissent
1701 3707 1720 3773 ]

1212 3806 1390 3873 [23⁷4

606 3908 833 3971 [Maxime
841 3911 1003 3960 autem
1016 3910 1326 3962 aristocrmoe
1339 3912 1541 3962 latenter
1555 3913 1806 3963 mutantur
1813 3925 1963 3974 quum
1974 3925 2094 3974 pan·

545 3989 678 4038 latim
700 3989 971 4050 solvuntur,
1005 3990 1138 4053 quod
1164 3990 1384 4041 universe
1404 3990 1467 4040 de
1505 3991 1729 4041 omnibus
1749 3991 2097 4054 rebuspublicis

543 4068 657 4116 ante
690 4065 875 4115 dictum
911 4068 1011 4128 est,
1048 4066 1357 4129 exiguitatem
1396 4056 1716 4117 mutationum
1746 4081 1850 4118 esse
1880 4081 2093 4117 causam.

545 4148 709 4202 Quum
719 4144 846 4192 enim
870 4142 1051 4205 aliquid
1068 4156 1235 4193 eorum
1257 4157 1368 4206 quoe
1391 4143 1454 4193 ad
1471 4144 1815 4207 rempublicam
1834 4145 2094 4206 pertinent,

546 4221 882 4283 neglexerunt,
911 4222 1076 4283 postea
1101 4221 1383 4271 etiamaliud
1409 4221 1573 4284 paullo
1591 4222 1748 4283 majus
1771 4223 1956 4271 facilius
1981 4236 2092 4271 mu·

546 4300 678 4360 tant,
709 4298 862 4349 donec
889 4312 1083 4349 omnem
1102 4298 1317 4349 ordinem
1350 4300 1626 4363 reipublicae
1649 4302 1884 4350 evertant.
1919 4300 2093 4350 Evenit

547 4376 639 4424 luoc
655 4376 797 4425 etiam
817 4375 866 4424 in
884 4376 1171 4426 Thuriorum
1185 4377 1425 4439 republica
1447 4390 1589 4427 :nam
1606 4390 1760 4439 quum
1777 4378 1857 4428 lex
1873 4380 2014 4439 esset,
2036 4390 2097 4427 ne

544 4452 835 4514 quisiterum
854 4453 1334 4516 exercituipraeesset,
1353 4454 1444 4503 nisi
1455 4454 1783 4518 quinquennio
1802 4454 2093 4517 intermisso,

541 4531 741 4591 juvenes
752 4529 947 4591 quidam
966 4529 1177 4579 bellicosi
1192 4534 1365 4580 natura
1385 4533 1435 4580 et
1452 4530 1578 4593 apud
1599 4530 1942 4593 praesidiariam
1962 4532 2093 4582 mul·

546 4606 800 4655 titudinem
818 4605 1011 4655 virtutis
1026 4606 1300 4669 opinionem
1315 4607 1462 4667 nacti,
1476 4607 1766 4669 contemptis
1775 4607 1833 4656 iis
1848 4607 1934 4670 qui
1955 4607 2097 4658 rebus

543 4681 761 4743 gerendis
781 4684 919 4732 erant
935 4683 1207 4745 praepositi,
1234 4685 1283 4732 et
1314 4685 1537 4745 putantes
1574 4684 1676 4733 fore
1703 4686 1759 4733 ut
1789 4683 1920 4745 quod
1944 4683 2095 4734 babe-

546 4759 662 4808 bant
682 4760 729 4809 in
753 4759 942 4820 animo,
969 4759 1108 4809 facile
1125 4760 1425 4821 obtinerent,
1447 4761 1574 4809 lianc
1602 4761 1755 4822 legem
1777 4760 1991 4822 primum
2009 4773 2094 4809 an·

543 4837 733 4897 tiquare
762 4835 921 4884 conati
948 4838 1087 4896 sunt,
1109 4837 1175 4884 ita
1198 4840 1255 4884 ut
1274 4834 1441 4885 iisdem
1472 4832 1636 4886 liceret
1657 4839 1888 4898 perpetuo
1910 4836 2095 4886 exerci-

543 4916 651 4961 tum
672 4912 865 4973 ducere,
880 4925 1033 4974 quum
1046 4912 1278 4974 populum
1297 4912 1513 4961 viderent
1531 4912 1734 4962 libenter
1751 4912 1840 4961 sibi
1862 4914 2095 4976 suffraga-

545 4993 730 5037 turum.
760 4987 1063 5050 Magistratus
1084 4991 1248 5037 autem
1271 4989 1354 5049 qui
1386 4988 1453 5037 rei
1475 4988 1621 5050 hujus
1649 5001 1816 5037 curam
1842 4990 2094 5050 gerebant,

446 5088 453 5093 -
544 5066 626 5129 qui
653 5065 897 5128 symboli,
915 5064 963 5113 Ιι.
988 5078 1031 5114 e.
1048 5066 1393 5115 consultatores
1415 5078 1498 5114 seu
1524 5065 1777 5115 consiliarii
1794 5065 2095 5129 dicebantur,

546 5158 698 5207 quum
719 5157 769 5192 se
792 5143 999 5205 primum
1020 5142 1210 5192 illorum
1220 5142 1470 5192 conatibus
1485 5144 1829 5205 opposuissem,
1851 5148 2094 5195 cesserunt

1652 436 2148 499 ARISTOTELIS
2191 436 2286 498 PR
2297 437 2697 499 AGMENTA.

2658 592 3232 654 ΜΑΣΣΑΛΙΩΤΩΝ.

2885 727 3017 786 238.

2251 855 2666 928 Harpocration
2688 871 2742 911 v.
2766 851 3052 912 Μασσαλία
3084 873 3099 913 2
3127 852 3432 931 Ἰσοκράτης
3455 855 3549 931 μέν
3573 876 3750 935 φησιν

2171 940 2226 998 ἐν
2259 938 2559 1018 Ἀρχιδάμῳ
2602 942 2666 1017 (§
2698 940 2808 1019 84)
2849 943 2920 1005 ὡς
2954 942 3203 1007 Φωκαεῖς
3240 941 3487 1020 φυγόντες
3522 943 3610 1013 τὴν
3637 952 3746 1003 τοῦ

2173 1024 2404 1103 μεγάλου
2437 1026 2692 1104 βασιλέως
2720 1025 3025 1085 δεσποτείαν
3056 1029 3127 1094 εἶς
3153 1027 3482 1087 Μασσαλίαν
3507 1030 3748 1110 ἀπῴκη-

2172 1134 2269 1170 σαν
2284 1133 2298 1148 ·
2320 1111 2400 1171 ὅτι
2429 1114 2484 1170 δὲ
2511 1112 2615 1192 πρὸ
2631 1112 2827 1172 τούτων
2854 1116 2957 1171 τῶν
2981 1114 3182 1193 χρόνων
3207 1114 3312 1186 ἤδη
3335 1114 3437 1173 ὑπὸ
3457 1112 3748 1175 Φωκαέων

2171 1197 2364 1279 ᾤκιστο
2390 1203 2424 1269 ἡ
2454 1198 2776 1270 Μασσαλία,
2799 1199 2890 1257 καὶ
2913 1199 3269 1280 Ἀριστοτέλης
3307 1202 3363 1259 ἐν
3396 1205 3463 1281 τῇ
3502 1205 3746 1262 Μασσα-

2173 1288 2372 1343 λιωτῶν
2394 1286 2630 1368 πολιτεία
2659 1287 2826 1358 δηλοῖ.

2251 1377 2528 1430 Truncata
2553 1377 2672 1431 haec
2703 1375 2857 1450 apud
2889 1376 3156 1431 Photiurn
3192 1384 3246 1431 et
3285 1377 3519 1433 saidam
3554 1397 3596 1432 s.
3636 1396 3703 1432 v.
3725 1421 3743 1445 ,

2173 1462 2270 1535 qui
2296 1473 2426 1535 post
2454 1481 2653 1517 vocem
2680 1459 2970 1540 ἀπῴκησαν
3001 1463 3225 1519 nonnisi
3255 1462 3368 1517 hoc
3391 1466 3541 1520 male
3558 1465 3748 1536 subji-

2173 1550 2328 1603 ciunt
2359 1566 2377 1604 .·
2402 1549 2673 1626 Μαρτυρεῖ
2699 1545 2754 1605 δὲ
2774 1550 2850 1625 τῷ
2876 1546 3016 1627 λόγῳ
3039 1547 3130 1605 καὶ
3159 1546 3537 1624 Ἀριστοτέλης.
3565 1553 3652 1607 De
3679 1571 3752 1605 re

2172 1646 2377 1709 praeter
2421 1636 2806 1691 Briicknerum
2851 1636 2867 1709 (
2893 1638 3105 1692 Histor.
3154 1638 3300 1709 reip.
3337 1638 3543 1696 Massil.
3587 1657 3649 1711 p.
3709 1640 3749 1692 8

2173 1722 2333 1794 sqq.)
2360 1739 2415 1775 v.
2438 1720 2741 1780 Dederich.
2771 1723 2830 1775 in
2858 1724 2999 1780 Mus.
3025 1724 3212 1780 Rhen.
3243 1734 3384 1777 tom.
3412 1725 3519 1791 lv,
3548 1725 3746 1779 fascic.

2174 1812 2218 1865 Ι.
2245 1808 2330 1865 Cf.
2362 1809 2527 1868 Cless.
2558 1809 2617 1862 in
2645 1809 2830 1881 Pauly
2844 1812 3104 1865 Realenc.
3134 1829 3183 1869 s,
3207 1829 3266 1867 v,
3299 1811 3559 1867 Massilia.

2885 1938 3018 2014 239.

2257 2060 2553 2115 Athenaeus
2586 2061 2762 2129 XIII,
2803 2079 2866 2135 p.
2901 2058 3036 2131 576,
3058 2064 3108 2116 A
3139 2079 3153 2114 ε
3199 2057 3280 2117 Τὸ
3322 2056 3502 2134 ὅμοιον
3542 2059 3750 2135 ἱστορεῖ

2176 2143 2413 2221 γενέσθαι
2433 2146 2523 2202 καὶ
2561 2144 2917 2226 Ἀριστοτέλης
2934 2188 2951 2216 ,
2982 2146 3035 2203 ἐν
3063 2148 3128 2223 τῇ
3157 2146 3564 2204 Μασσαλιωτῶν
3591 2146 3748 2202 πολι-

2177 2229 2292 2337 τείφ
2317 2230 2529 2309 γράφων
2552 2231 2793 2299 οὕτως-ι
2828 2231 3075 2299 Φωκαεις
3111 2234 3161 2289 οἱ
3215 2233 3268 2288 ἐν
3296 2230 3470 2291 Ἰωνία
3506 2232 3749 2309 ἐμπορία

2177 2315 2437 2395 χρώμενοι
2477 2316 2686 2377 ἔκτισαν
2735 2318 3074 2379 Μασσαλίαν.
3105 2316 3322 2385 Εὔξενος
3344 2320 3391 2374 δ’
3421 2320 3451 2374 ὁ
3474 2317 3751 2383 Φωκαεὺς

2179 2404 2342 2484 Νάνῳ
2387 2407 2463 2483 τῷ
2493 2407 2696 2484 βασιλεῖ
2738 2407 2922 2483 (τουτο
2950 2404 2994 2463 δ’
3030 2396 3096 2475 ἦν
3125 2407 3267 2483 αὖτῳ
3294 2404 3459 2480 ὄνομα
3485 2406 3504 2482 )
3560 2428 3626 2475 ην
3655 2404 3748 2471 ξέ-

2177 2512 2279 2556 νος.
2313 2460 2481 2557 Οὗτος
2514 2495 2543 2549 ὃ
2575 2491 2780 2564 Νάνος,
2817 2492 3069 2550 ἐπιτελῶν
3096 2491 3297 2569 γάμους
3333 2494 3429 2560 τ’ἧς
3456 2490 3746 2571 θυγατρὸς,

2180 2574 2317 2635 κατὰ
2335 2577 2501 2657 τύχην
2528 2577 2949 2658 παραγενόμενον
2972 2578 3060 2636 τὸν
3089 2577 3307 2646 Ευξενον
3331 2579 3744 2657 παρακέκληκεν

2180 2663 2266 2721 ἐπὶ
2292 2661 2386 2734 τὴν
2415 2664 2606 2736 θοίνην.
2627 2664 2695 2724 ‘O
2723 2664 2778 2723 δὲ
2803 2664 2974 2743 γάμος
2996 2663 3227 2743 ἐγίγνετο
3243 2661 3390 2722 τόνδε
3411 2661 3502 2720 τὸν
3527 2662 3744 2742 τρόπον.

2179 2746 2331 2810 Ἔδει
2365 2749 2500 2827 μετὰ
2525 2749 2585 2808 τὸ
2622 2752 2826 2809 δεῖπνον
2853 2755 3180 2809 εἰσελθοῦσαν
3216 2747 3312 2821 τὴν
3339 2751 3509 2807 παῖδα
3547 2750 3746 2829 φιάλην

2180 2829 2619 2950 κεκερασμένηνῖ
2579 2861 2623 2896 ω
2641 2837 2874 2918 βουλοιτο
2897 2841 3075 2898 δοῦναι
3094 2842 3198 2897 τῶν
3211 2836 3487 2917 παρόντων
3503 2838 3748 2912 μνηστή-

2182 2946 2315 3004 ρων·
2345 2914 2390 3004 ῳ
2413 2923 2468 2983 δὲ
2492 2924 2601 2996 δοίη
2615 2968 2631 2996 ,
2648 2946 2827 2983 τουτον
2847 2914 2978 2984 εἶναι
3000 2924 3239 3004 νυμφίον.
3261 2923 3333 2985 Ἦ
3356 2921 3412 2983 δὲ
3432 2928 3560 2990 παῖς
3578 2926 3747 2984 etod-

2179 3092 2363 3151 tamen,
2383 3092 2710 3142 existimantes
2720 3093 2821 3142 sore
2838 3095 2895 3142 ut
2911 3092 2980 3142 illi
2995 3093 3090 3142 hac
3108 3093 3211 3155 lege
3221 3091 3413 3142 sublata
3431 3105 3463 3141 a
3482 3094 3645 3141 cetera
3662 3105 3747 3140 re·

2181 3168 2374 3229 publica
2394 3168 2484 3217 sibi
2510 3171 2849 3231 temperarent.
2881 3172 3051 3219 Postea
3076 3183 3221 3229 vero,
3237 3182 3392 3231 quum
3424 3169 3640 3218 aliarum
3664 3182 3744 3216 re-

2181 3259 2291 3295 rum
2326 3246 2582 3296 mutationi
2618 3246 2799 3296 vellent
2828 3247 3092 3307 obsistere,
3128 3247 3246 3296 nihil
3270 3246 3613 3309 profecerunt,
3657 3244 3746 3293 sed

2179 3323 2313 3371 totus
2325 3321 2444 3370 ordo
2462 3321 2734 3385 reipublicae
2747 3323 2797 3372 in
2809 3322 3184 3372 dominationem
3203 3335 3374 3371 eorum
3392 3324 3481 3386 qui
3499 3336 3577 3373 res
3593 3334 3748 3373 novas

2180 3397 2335 3448 moliti
2357 3399 2738 3460 erant‚transiit.
2764 3399 2783 3463 ]

2642 3542 3264 3604 MASSILIENSIUM.

2895 3704 3018 3756 238.

2243 3850 2476 3900 Isocrates
2501 3849 2551 3900 in
2574 3851 2861 3901 Archidamo
2878 3851 2997 3901 dicit
3017 3851 3331 3901 Phoeaemses
3347 3853 3606 3901 Persarum
3621 3855 3745 3915 regis

2181 3929 2437 3992 imperium
2466 3929 2766 3991 fugientesin
2796 3930 3055 3980 Massiliam
3073 3930 3344 3992 emigrasse.
3375 3932 3613 3980 ceterum
3642 3934 3743 3994 jam

2179 4010 2294 4057 ante
2328 4008 2435 4056 baec
2465 4010 2683 4070 tempora
2718 4006 2976 4057 Massiliam
3008 4019 3038 4055 a
3072 4004 3443 4056 Phocaeensibus
3475 4006 3744 4058 habitatam

2180 4098 2282 4136 esse
2299 4081 2576 4135 Aristoteles
2592 4096 2786 4147 quoque
2803 4083 2852 4132 in
2883 4082 3247 4134 Massiliensium
3266 4095 3369 4144 rep.
3391 4082 3561 4133 tradit.

2893 4190 3017 4242 239.

2247 4297 2463 4348 Similem
2502 4296 2746 4346 historiam
2777 4297 2947 4346 narrat
2981 4294 3262 4345 Aristoteles
3290 4295 3342 4344 in
3371 4294 3743 4347 Masdliensium

2183 4389 2282 4438 rep.
2315 4376 2384 4425 ita
2413 4375 2663 4424 scribens.
2692 4374 3058 4424 «Phoc-‘nenses
3092 4373 3268 4435 loniae,
3302 4376 3636 4425 mercaturam
3669 4378 3742 4425 fa-

2180 4453 2385 4514 cientes,
2405 4451 2660 4502 Massiliam
2683 4450 2956 4503 condidere.
2981 4453 3211 4500 Euxenus
3240 4452 3405 4499 autem
3442 4450 3747 4502 Pbocoeeuns

2181 4528 2389 4592 bospitio
2410 4528 2638 4578 utebatur
2676 4530 2797 4579 Nani
2832 4546 2845 4576 ε
2884 4540 3061 4576 nomen
3094 4526 3146 4575 id
3177 4527 3274 4589 regi
3296 4528 3416 4576 erat.
3445 4526 3538 4576 Hic
3574 4531 3743 4578 Nanus

2180 4619 2334 4668 quum
2371 4606 2561 4668 nuptias
2593 4604 2858 4654 celebraret
2892 4603 3004 4653 tiliae
3028 4616 3158 4665 suae,
3186 4605 3473 4661 Euxenum,
3500 4604 3587 4666 qui
3623 4609 3744 4654 tunc

2181 4682 2304 4732 sorte
2323 4682 2576 4732 Massiliam
2593 4681 2883 4742 advenerat,
2902 4680 2964 4730 ad
2996 4681 3196 4741 epulum
3216 4679 3433 4729 vocavit.
3460 4680 3742 4741 Agebantur

2181 4760 2343 4808 autem
2361 4757 2543 4820 nuptioe
2574 4758 2659 4808 tali
2685 4757 2828 4807 modo
2851 4777 2863 4805 :
2888 4759 2997 4819 post
3016 4769 3204 4805 coenam
3234 4754 3490 4818 oportebat
3506 4756 3741 4820 virginem

2181 4835 2231 4883 in
2248 4836 2552 4885 coenaculum
2573 4836 2781 4897 intrare,
2804 4838 2856 4884 et
2872 4833 2972 4883 w'ni
2995 4837 3212 4896 pateram
3229 4833 3310 4881 cui
3335 4833 3483 4881 vellet
3513 4845 3572 4882 ex
3611 4846 3741 4895 ιιι-ε·

2180 4908 2395 4962 sentibus
2421 4911 2580 4974 procis
2604 4911 2815 4972 tradere;
2858 4911 2937 4959 cui
2966 4912 3130 4959 autem
3158 4908 3455 4969 tradidisset,
3481 4909 3742 4971 issponsus

2182 4990 2304 5038 erat.
2326 4992 2538 5049 lngressa
2567 4988 2712 5050 igitur
2736 4987 2898 5048 virgo,
2923 4989 3139 5050 pateram
3162 4986 3265 5035 sive
3287 4998 3400 5034 casu
3425 4985 3528 5033 sive
3559 4986 3656 5034 alia
3680 4987 3739 5036 de

2181 5078 2324 5124 causa
2341 5064 2537 5114 tradidit
2561 5067 2759 5114 Euxeno
2781 5084 2793 5112 ε
2813 5077 2988 5112 nomen
3011 5062 3179 5125 virgini
3203 5064 3341 5111 Petta
3353 5065 3477 5111 erat.
3501 5064 3574 5111 lta
3586 5075 3739 5125 quum

2182 5143 2456 5203 accidisset,
2485 5145 2638 5206 pater,
2663 5145 2798 5192 ratus
2821 5143 3011 5193 volente
3028 5142 3120 5191 deo
3143 5141 3257 5189 huic
3277 5144 3492 5203 pateram
3514 5155 3623 5191 csse
3645 5146 3738 5191 tra·
