3900 6042
574 437 682 487 180
1638 418 2141 478 ARlS'l'OTELlS
2185 420 2673 479 FRAGMENTA.

562 557 760 611 stotele
788 553 1004 628 (modo
1043 562 1189 606 recte
1218 568 1273 604 se
1300 549 1504 603 habeat
1536 551 1842 605 Aristotelis
1872 550 2113 621 nomen)

563 644 910 714 antiquiore,
940 638 1166 694 aliunde
1194 655 1309 691 non
1344 648 1585 704 constat,
1622 638 1721 689 nisi
1754 637 1907 708 quocl
1940 638 2116 690 nomi-

563 740 728 782 natur
757 730 813 781 in
852 725 1035 780 indice
1062 734 1356 780 auctorum
1392 723 1462 777 ad
1494 725 1653 777 Plinii
1686 726 1825 777 Hist.
1864 723 1960 776 lib.
1996 724 2111 787 111,

564 818 638 880 V,
664 817 759 869 Vl.
814 880 819 885 Ι

648 900 802 955 Alius
827 901 1009 973 Libyae
1037 902 1214 973 gentis
1236 898 1560 953 Aristoteles
1584 901 1832 953 meminit
1864 899 1919 951 in
1948 899 2110 953 Polit.

565 989 653 1055 11,
696 1007 715 1041 1
740 1031 756 1061 ,
798 988 864 1042 13
898 1007 910 1040 ε
945 976 1092 1044 Εἶναι
1130 986 1228 1061 γάρ
1262 984 1454 1062 (φασι)
1491 1003 1595 1038 τισι
1624 985 1725 1038 τῶν
1754 980 1865 1038 ἄνω
1904 978 2115 1039 Λιὸύων

565 1071 736 1136 κοινὰς
772 1071 863 1137 τὰς
902 1080 1151 1145 γυναῖκας
1171 1116 1187 1143 ,
1221 1070 1288 1127 τὰ
1315 1068 1488 1143 μέντοι
1517 1067 1766 1144 γενόμενα
1792 1067 1948 1124 τέκνα
1980 1069 2116 1123 διαι-

561 1157 764 1235 ρεῖσθαι
793 1156 929 1215 κατὰ
956 1157 1047 1222 τὰς
1072 1155 1399 1233 ὁμοιότητας.

1277 1287 1413 1342 250.

648 1424 858 1479 Plinius
896 1424 964 1478 H.
994 1422 1064 1476 N.
1100 1422 1237 1491 vll,
1283 1439 1315 1472 α
1352 1439 1364 1471 :
1404 1420 1732 1472 Aristoteles
1770 1424 1827 1469 in
1866 1424 2114 1470 cmm-nis
2157 1412 2162 1419 ’

574 1520 754 1568 vivere
780 1513 1077 1582 Pygmaeos
1101 1510 1273 1562 tradit
1287 1527 1303 1573 ,·
1334 1520 1515 1561 cetera
1544 1509 1614 1559 de
1638 1506 1748 1565 his,
1797 1519 1854 1559 at
1892 1508 2093 1578 reliqui
2101 1518 2134 1559 .·

1236 1627 1444 1703 [αξη]

648 1754 899 1830 [Aristot.
922 1751 1043 1807 1³01.
1064 1726 1227 1816 vlit,
1251 1749 1314 1817 3,
1340 1757 1370 1814 ι.
1400 1769 1412 1802 =
1442 1744 1622 1806 nom
1645 1748 1688 1803 δ’
1715 1745 2115 1818 ἐπὶτῶν,εονῶν

494 1822 503 1832 ⁸
566 1836 600 1894 ἃ
622 1837 747 1917 πρὸς
768 1835 828 1894 τὸ
851 1834 1066 1893 κτείνειν
1092 1833 1183 1891 καὶ
1209 1830 1334 1910 πρὸς
1364 1831 1458 1901 τὴν
1485 1831 1917 1911 ἀνθρωποφαγίαν
1966 1835 2115 1911 εὐχε-

566 1929 665 2004 ρῶς
694 1922 830 2000 ἔχει,
856 1920 1092 1999 καθάπερ
1123 1923 1223 1976 τῶν
1246 1918 1365 1997 περὶ
1395 1918 1704 1977 τὸναΠόντον
1728 1917 1927 1997 Ἀχαιοί
1947 1942 2001 1975 τε
2027 1920 2115 1977 καὶ

563 2017 796 2094 Ἡνίοχοι
824 2014 914 2072 καὶ
958 2017 1058 2071 τῶν
1100 2014 1457 2091 ἠπειρωτικῶν
1497 2013 1654 2069 ἐθνῶν
1696 2012 1889 2092 ἕτερα,
1919 2012 1988 2070 τὰ
2017 2013 2110 2089 μὲν

564 2103 756 2178 ὁμοίως
776 2100 999 2170 τούτοις,
1023 2097 1089 2156 τὰ
1119 2096 1173 2155 δὲ
1214 2100 1439 2174 μᾶλλον·
1465 2096 1499 2154 ἃ
1529 2098 1785 2178 λῃστρικὰ
1811 2098 1905 2175 μέν
1942 2103 2111 2175 ἐστιν,

565 2188 777 2266 ἀνδρίας
806 2184 859 2243 δὲ
890 2188 947 2243 οὗ
974 2184 1361 2263 μετειλήφασιν.

643 2278 765 2331 Pol.
800 2277 934 2339 vll,
966 2293 1025 2341 2,
1057 2272 1092 2327 6
1122 2270 1245 2331 εἸίν
1276 2270 1327 2328 δὲ
1361 2270 1585 2339 Σκύθαις
1613 2273 1707 2329 οὐκ
1727 2271 1842 2342 ἐξῆν
1865 2272 2029 2329 πίνειν
2058 2275 2111 2331 ἐν

565 2365 715 2441 ἑορτῇ
742 2383 842 2418 τινι
867 2358 1060 2436 σκύφον
1090 2357 1491 2438 περιφερόμενον
1518 2361 1591 2436 τῷ
1619 2358 1817 2434 μηθένα
1848 2362 2110 2437 άπεκταγ·

563 2446 675 2506 κότι
699 2446 967 2522 πολέμιον.

648 2538 770 2592 Pol.
796 2538 883 2605 ΙΙ,
905 2535 963 2609 6,
985 2536 1019 2589 6
1045 2577 1061 2604 ,
1092 2536 1277 2603 Celtae,
1311 2536 1406 2603 ait,
1425 2516 1655 2612 φανερῶς
1682 2533 1995 2607 τετιμήκασι
2017 2531 2111 2601 τὴν

564 2621 689 2700 πρὸς
710 2620 826 2688 τοὺς
849 2620 1066 2698 ἄρρενας
1085 2619 1385 2692 συνουσίαν,
1410 2640 1643 2695 eamque
1665 2623 1738 2676 ob
1762 2641 1980 2677 causam
1999 2641 2115 2675 non

565 2711 797 2765 invaluit
834 2709 987 2783 apud
1023 2728 1121 2764 eos
1157 2707 1589 2785 γυναικοκρατία,
1637 2728 1762 2781 quae
1802 2710 1953 2781 apud
1995 2710 2113 2763 bel-

567 2799 761 2852 licosas
788 2808 978 2871 gentes
1008 2796 1447 2869 frequentissima
1475 2797 1563 2850 sit.
1597 2796 1679 2850 Cf.
1712 2798 1843 2864 Vll,
1878 2816 1942 2864 α,
1975 2795 2029 2849 5.

636 2885 759 2940 Pol.
781 2885 918 2950 VII,
953 2901 985 2937 α
1008 2923 1023 2949 ,
1057 2903 1086 2951 7
1117 2902 1130 2936 z
1162 2879 1256 2939 Ἐν
1286 2881 1340 2936 δὲ
1363 2880 1470 2944 τοῖς
1496 2877 1766 2956 Ἰὅηρσιν,
1799 2878 1930 2935 ἔθνει
1955 2881 2110 2936 πολε·

565 2970 727 3044 μικῷ,
748 2965 1020 3032 τοσούτους
1038 2966 1125 3024 τὸν
1142 2965 1358 3041 ἀριθμὸν
1377 2962 1674 3030 ὀὸελίσκους
1690 2965 2113 3042 καταπηγνύουσι

562 3052 681 3129 περὶ
708 3050 795 3110 τὸν
818 3051 979 3129 τάφον
998 3051 1144 3116 ὅσους
1171 3049 1234 3106 ἂν
1264 3050 1533 3129 διαφθείρῃ
1558 3054 1661 3108 τῶν
1694 3050 1974 3125 πολεμίων.

643 3143 729 3196 De
756 3142 1033 3214 AEgyptiis
1063 3157 1295 3213 quoque
1331 3151 1388 3194 et
1430 3139 1501 3193 de
1544 3141 1721 3194 Persis
1766 3142 1825 3193 in
1854 3137 2113 3214 Νομίμοις

567 3224 908 3304 βαρὸαρικοῖς
934 3228 1103 3300 egisse
1146 3226 1499 3280 Aristotelem
1530 3244 1645 3279 non
1684 3218 1922 3282 affir‘mo.
1953 3228 2114 3283 Certe

562 3334 652 3370 res
691 3314 932 3387 publicae
974 3331 1173 3367 eorum
1212 3312 1525 3367 Aristotelis
1573 3323 1728 3367 aetate
1786 3316 1913 3368 satis
1967 3325 2112 3368 notae

567 3411 754 3473 erant,
781 3411 845 3455 ut
868 3399 938 3454 de
978 3401 1065 3454 his
1098 3418 1355 3472 quoque,
1383 3401 1541 3454 sicuti
1582 3399 1653 3454 de
1696 3402 2113 3474 Carthaginien·

562 3490 704 3541 sium
724 3505 872 3560 rep„
899 3489 956 3540 in
988 3482 1285 3549 Πολιτείαις
1300 3503 1465 3558 agere
1478 3495 1682 3559 posset.
1710 3488 1915 3541 Verum
1936 3506 2111 3559 quum

565 3574 899 3629 certioribus
930 3573 1152 3628 indiciis
1171 3591 1455 3627 careamus
1468 3614 1482 3640 ‚
1508 3573 1599 3626 hic
1619 3591 1903 3646 apponere
1923 3575 2111 3641 liceat,

566 3679 689 3731 quae
716 3663 777 3715 in
793 3661 1041 3715 Politicis
1066 3660 1138 3715 de
1166 3660 1230 3714 iis
1249 3659 1563 3717 traduntur.

1258 3828 1425 3892 [251]

2885 545 2940 622 [2
2951 546 3072 622 52.]

2283 663 2447 717 Polit.
2477 663 2610 725 Vll,
2638 680 2705 732 9,
2743 678 2762 712 1
2797 675 2811 715 :
2842 658 2949 715 Τοῦ
2978 657 3440 801 διῃρῆσθαιῖχωρὶς
3468 657 3628 716 κατὰ
3655 656 3784 733 γένη

2205 744 2298 815 τὴν
2325 745 2474 802 πόλιν
2493 745 2583 801 καὶ
2607 744 2665 801 τό
2693 766 2748 800 τε
2772 742 3006 822 μάχιμον
3037 743 3207 823 ἕτερον
3236 767 3259 802 ε
3283 767 3368 801 ναι
3397 745 3489 803 καὶ
3513 744 3587 803 τὸ
3613 769 3788 823 ‘semp-

2204 829 2323 900 γοῦν
2359 826 2634 899 AEgyptiis
2662 835 2860 879 auctor
2887 825 3050 879 fuisse
3082 825 3288 880 dicitur
3311 827 3611 882 Sesostris·
3647 829 3786 881 Mox

2204 917 2406 969 iterum
2448 915 2557 967 hoc
2591 914 2771 986 tangit
2797 914 2936 982 vll,
2993 932 3061 984 9,
3102 910 3161 986 3,
3204 912 3422 968 addens
3461 910 3786 968 Sesostrim

2205 1003 2393 1056 Minoe
2457 1018 2569 1055 esse
2639 1000 2817 1053 multo
2866 1000 3273 1070 antiquiorem3
3349 1001 3788 1073 AEgyptiosque

2205 1090 2456 1143 omnium
2473 1087 2878 1159 antiquissimos
2900 1104 3013 1141 esse
3033 1086 3235 1141 videri.
3259 1089 3529 1142 Ceterum
3569 1087 3654 1142 de
3689 1088 3786 1141 Se-

2203 1173 2436 1228 sostride
2467 1172 2669 1227 eodem
2697 1171 2872 1226 modo
2915 1173 3170 1226 statuerit
3197 1184 3371 1245 atque
3403 1174 3788 1228 Dicaearchus

2205 1259 2837 1333 discipulus(ap.schol.
2871 1258 3058 1331 Apoll.
3087 1259 3199 1313 Rh.
3223 1262 3321 1328 IV,
3358 1261 3531 1334 272),
3569 1279 3787 1315 secun·

2205 1345 2341 1399 dum
2377 1364 2546 1418 quem
2575 1346 2835 1401 Sesostris
2865 1346 3049 1399 statim
3083 1356 3212 1417 post
3229 1348 3453 1400 Horum
3483 1348 3780 1421 regnavit.

2285 1433 2408 1488 Pol.
2443 1434 2555 1501 111,
2603 1452 2703 1500 ιο,
2737 1443 2765 1487 4
2804 1452 2816 1485 :
2849 1429 2942 1489 Ἐν
2984 1428 3237 1509 Αἰγύπτῳ
3277 1430 3414 1505 μετὰ
3442 1429 3542 1501 τὴν
3587 1430 3786 1507 mpii·

2207 1537 2359 1594 μερον
2384 1518 2538 1574 κινεῖν
2559 1515 2722 1584 ἔξεστι
2742 1517 2847 1583 τοῖς
2867 1518 3061 1594 ἰατροῖς
3082 1518 3184 1597 (sc.
3209 1516 3296 1574 τὸν
3320 1517 3482 1593 νόμον
3508 1517 3784 1596 ἔγγραφον

2206 1607 2322 1660 καθ’
2350 1601 2404 1660 ὃν
2432 1601 2522 1668 τὰς
2544 1602 2817 1681 θεραπείας
2836 1603 3175 1681 προσάγουσι.
3202 1609 3264 1663 V.
3289 1604 3542 1665 Diodot.
3573 1602 3637 1676 Ῑ,
3671 1607 3782 1671 82;

2208 1692 2485 1746 Herodot.
2518 1688 2601 1759 11,
2633 1693 2767 1763 77).

2285 1780 2404 1836 Pol.
2433 1783 2508 1848 V,
2536 1800 2573 1853 9
2593 1821 2608 1847 ,
2642 1787 2672 1844 4
2719 1800 2732 1832 :
2772 1778 2877 1835 Καὶ
2909 1777 2966 1834 τὸ
2993 1777 3217 1849 πένητας
3257 1780 3426 1837 ποιεῖν
3455 1778 3578 1845 τοὺς
3611 1782 3784 1858 ἄρχο-

2206 1864 2403 1939 μὲνους,
2433 1864 2826 1942 τυραννικόν·...
2851 1864 3185 1942 παράδειγμα
3214 1865 3266 1923 δὲ
3293 1865 3483 1925 τούτου
3510 1864 3576 1924 αἵ
3593 1890 3662 1924 τε
3691 1890 3785 1924 πυ·

2205 1951 2414 2030 ραμίδες
2441 1953 2493 2007 αἱ
2522 1949 2640 2030 περὶ
2672 1949 2938 2027 Αἴγυπτον
2971 1952 3120 2029 eta]
3672 1951 3684 1960 ’

2875 2056 3078 2132 [αεὶ]

2285 2160 2556 2236 [Aristot.
2583 2161 2702 2217 Pol.
2735 2164 2811 2229 V,
2843 2162 2908 2229 8,
2950 2168 3018 2226 15.
3065 2181 3077 2214 :
3124 2161 3193 2220 Δί
3214 2158 3267 2217 δὲ
3313 2162 3615 2235 (ἐπιθέσεις
3664 2161 3778 2236 ἐγέ·

2201 2245 2372 2323 νοντο)
2401 2243 2486 2302 διὰ
2505 2246 2915 2325 καταφρόνησιν·
2940 2246 3119 2326 ὥσπερ
3149 2247 3611 2325 Σαρδανάπαλλον
3645 2247 3772 2307 ἰδών

2202 2357 2276 2398 τις
2311 2332 2546 2400 ξαίνοντα
2579 2333 2711 2407 μετὰ
2751 2336 2860 2390 τῶν
2893 2338 3182 2410 γυναικῶν,
3219 2337 3264 2392 εἰ
3306 2336 3480 2405 ἀληθῆ
3523 2341 3699 2393 ταῦτα
3727 2338 3776 2394 οἱ

2203 2421 2598 2496 μυθολογοῦντες
2624 2418 2887 2496 λέγουσιν·
2923 2423 2967 2478 εἰ
2993 2419 3046 2479 δὲ
3073 2421 3147 2497 μὴ
3178 2425 3262 2480 ἐπ’
3282 2420 3515 2500 ἐκείνου,
3539 2424 3666 2481 ἀλλ’
3688 2424 3773 2479 ἐπ’

2203 2506 2362 2564 άλλου
2384 2528 2440 2582 γε
2473 2506 2535 2564 ἂν
2559 2505 2755 2583 γένοιτο
2784 2507 2988 2577 ἀληθές.
3013 2508 3035 2584 ]

2282 2598 2575 2651 Athenaeus
2608 2599 2767 2665 VIII,
2785 2616 2846 2670 p.
2876 2596 3009 2664 335,
3031 2600 3075 2652 F
3097 2618 3109 2651 :
3128 2596 3234 2655 e*Oi*
3265 2598 3284 2674 (
3305 2597 3774 2676 Σαρδανάπαλλον

2203 2681 2288 2738 τὸν
2328 2679 2806 2758 Ἀνακυνδαράξεω)
2850 2682 3272 2761 ἀδιανοητότερον
3316 2674 3447 2741 εἶναι
3489 2683 3638 2743 κατὰ
3676 2683 3772 2754 τὴν

2205 2767 2549 2845 προσηγορίαν
2578 2772 2666 2825 τοῦ
2690 2768 2884 2847 πατρὸς
2908 2768 3259 2847 Ἀριστοτέλης
3288 2771 3406 2852 ἔφη.

2284 2854 2544 2931 [Aristot.
2579 2858 2699 2913 Pol.
2726 2860 2800 2925 V,
2832 2857 2898 2925 8,
2933 2858 3000 2912 15
3037 2878 3050 2913 :
3087 2860 3254 2934 Κῦρος
3283 2857 3548 2935 Ἀστυάγῃ
3575 2859 3771 2929 (ἐπιτί-
3871 2928 3872 2933 ¹

2202 2944 2373 3015 θεται)
2398 2942 2487 2999 καὶ
2515 2947 2605 2999 τοῦ
2635 2942 2748 3019 βίου
2773 2946 3110 3022 καταφρονῶν
3135 2942 3226 3000 καὶ
3249 2947 3342 3013 τῆς
3371 2946 3650 3021 δυνάμεως
3685 2944 3767 3003 διὰ
3871 2972 3872 2981 ¹

2201 3026 2261 3085 τὸ
2299 3026 2393 3098 τὴν
2434 3029 2527 3102 μὲν
2572 3027 2791 3104 δύναμιν
2836 3028 3204 3107 ἐξηργηκέναι,
3249 3029 3404 3089 αὐτὸν
3450 3032 3505 3089 δὲ
3540 3040 3766 3112 τρυφᾶν.

2281 3116 2370 3173 Ib.
2412 3121 2487 3183 V,
2530 3117 2597 3188 8,
2635 3125 2704 3183 14
2747 3136 2761 3175 ε
2801 3115 3004 3194 Ξέρξην
3043 3115 3369 3195 Ἀρταπάνης
3405 3118 3765 3196 (ἀνῄρηκε),

2202 3198 2514 3279 φοὸούμενος
2545 3200 2639 3271 τὴν
2669 3200 2918 3272 διαὸολὴν
2949 3202 3045 3273 τὴν
3073 3194 3192 3280 περὶ
3225 3205 3473 3282 Δαρεῖον,
3501 3204 3586 3263 ὅτι
3615 3204 3767 3284 ’ἐκρί-

2204 3307 2367 3358 μασεν
2393 3287 2451 3343 οὗ
2493 3287 2828 3352 κελεύσαντος
2855 3286 3080 3367 Ξέρξου,
3118 3290 3235 3346 ἀλλ’
3263 3288 3494 3364 οἰόμενος
3521 3289 3764 3369 συγγνώ-
3869 3298 3870 3315 ’

2201 3375 2411 3442 σεσθαι,
2439 3374 2507 3436 ὡς
2530 3374 2925 3448 ἀμνημονοῦντα
2953 3372 3038 3431 διὰ
3070 3373 3130 3431 τὸ
3152 3374 3394 3439 δειπνεῖν.

2281 3461 2368 3515 Ib.
2393 3462 2526 3526 vll,
2556 3478 2611 3527 α,
2637 3460 2691 3528 5,
2713 3464 2903 3516 Persas
2925 3464 3071 3517 inter
3093 3481 3189 3518 eos
3218 3475 3493 3531 recenset,
3516 3466 3620 3537 qui
3644 3483 3765 3537 qua

2154 3529 2162 3617 Ι
2202 3544 2272 3597 ad
2304 3545 2553 3600 bellicam
2580 3548 2844 3601 virtutem
2866 3560 3147 3621 spectent,
3181 3551 3409 3603 maximi
3443 3549 3708 3625 saciant]

2264 3828 2317 3873 ln
2336 3828 2533 3888 AEgypto
2558 3829 2665 3887 post
2690 3827 2818 3876 diem
2837 3831 3067 3897 quartum
3086 3842 3281 3878 movere
3303 3830 3417 3878 licet
3439 3831 3647 3882 medicis
3667 3832 3762 3892 (le-

622 3910 775 3992 tsu'm
792 3930 954 3978 autem
964 3929 1131 3978 multae
1141 3927 1357 3977 nationes
1366 3927 1424 3975 ad
1445 3927 1599 3976 caedes
1613 3929 1663 3976 et
1678 3903 1994 3975 humanarum
2015 3938 2113 3975 car·
2201 3915 2307 3963 Sem
2325 3903 2551 3965 scriptam
2568 3905 2831 3953 secundum
2853 3919 3001 3968 ‘luam
3019 3910 3225 3968 &8‘0208
3245 3911 3419 3958 curant
3439 3910 3476 3967 )·

563 4008 698 4056 nium
725 4019 860 4055 esum
885 4005 1147 4068 proclives,
1173 4008 1229 4053 ut
1266 4017 1327 4052 ex
1360 4003 1441 4061 iis,
1470 4016 1582 4064 quai
1620 4006 1826 4053 Pontum
1857 4002 2112 4061 accolunt,

563 4084 726 4134 Achiui
740 4086 789 4132 et
804 4082 1060 4143 Heniochi,
1078 4083 1129 4131 et
1145 4093 1205 4130 ex
1222 4080 1578 4129 mediterraneis
1590 4082 1753 4142 gentes
1769 4079 1876 4127 alim
1890 4077 2113 4140 quaedam

562 4163 637 4212 his
650 4162 850 4221 similes,
864 4162 1008 4210 etiam
1029 4159 1330 4208 immaniores
1341 4195 1356 4219 ,
1373 4172 1480 4220 quae
1499 4172 1652 4219 quum
1664 4156 1922 4206 latrociniis
1939 4154 2114 4203 deditas

562 4242 659 4292 siut
674 4278 689 4302 ‚
708 4254 738 4289 a
768 4238 1046 4290 fortitudine
1065 4240 1224 4287 tamen
1241 4238 1515 4287 abhorrent.

627 4317 766 4380 Apud
805 4316 1032 4379 Scytha,
1070 4314 1151 4377 qui
1178 4314 1366 4363 nullum
1401 4312 1718 4362 interemisset
1752 4311 1937 4359 hostem
1952 4346 1967 4371 ,
2005 4309 2116 4358 liuic

562 4409 626 4445 ex
647 4394 819 4457 poculo
840 4392 970 4455 quod
986 4392 1035 4441 in
1057 4390 1258 4440 solemni
1281 4391 1489 4452 quodam
1513 4389 1655 4451 epulo
1671 4386 2112 4446 circumferebatur,

562 4472 726 4521 bibere
748 4483 845 4520 uon
863 4469 1052 4519 licebat.

623 4552 784 4600 celtas
797 4551 863 4599 ait
878 4550 1035 4610 palam
1050 4547 1438 4597 consuetudinem
1454 4559 1564 4594 cum
1580 4543 1804 4593 masculis
1817 4540 2116 4602 comprobas·

562 4643 613 4680 se
626 4666 640 4691 ,
664 4640 869 4688 eamque
882 4626 947 4675 ob
969 4638 1164 4673 causam
1188 4636 1285 4673 uon
1303 4622 1559 4672 invaluisse
1575 4619 1705 4683 apud
1726 4633 1808 4668 eos
1829 4618 2113 4681 potestatem

563 4709 848 4767 mulierum,
873 4718 983 4767 quae
995 4702 1122 4766 apud
1144 4702 1390 4752 bellicosas
1409 4704 1573 4763 gentes
1599 4697 1979 4761 frequentissima
2003 4698 2079 4747 sit.

627 4784 766 4846 Apud
795 4784 1054 4844 Hispanos,
1081 4782 1269 4842 gentem
1307 4778 1581 4827 bellicosam
1596 4813 1610 4837 ,
1640 4777 1723 4824 'tot
1758 4788 1961 4823 numero
1997 4774 2113 4823 obe-

562 4864 705 4913 liscos
735 4861 919 4909 circum
950 4857 1183 4918 cujusque
1207 4854 1453 4904 tumulum
1474 4852 1766 4914 deligebant,
1800 4853 1921 4912 quot
1957 4852 2116 4899 hostes

562 4938 892 4988 interemisset.

1251 5005 1373 5067 [252
1383 5003 1420 5067 .]

630 5106 885 5156 Civitatem
922 5118 1004 5164 per
1022 5116 1192 5161 genera
1210 5099 1435 5157 distingui
1463 5101 1512 5146 et
1549 5096 1801 5144 militarem
1830 5108 2024 5143 inanum
2053 5095 2114 5142 ab

566 5183 783 5243 agricolis
800 5180 1035 5228 ‹liversam
1055 5192 1154 5226 esse
1174 5176 1403 5237 AEgyptiis
1421 5177 1589 5222 auctor
1615 5172 1703 5220 luit
1721 5171 1964 5221 Sesostris,

2269 3978 2419 4026 Etiam
2459 3978 2590 4027 cives
2619 3980 2824 4042 spoliare
2857 3981 2996 4030 bonis
3025 3983 3332 4043 tyrannicum
3376 3987 3467 4033 est.
3513 3986 3667 4046 Huius
3697 3986 3760 4034 rei

2202 4055 2475 4115 exemplum
2502 4056 2713 4117 praebent
2738 4058 3007 4118 pyramides
3025 4061 3268 4122 AEgypti.]

2881 4157 3052 4221 [253]

2264 4253 2414 4316 [Aliae
2433 4255 2802 4316 conspirationes
2820 4246 2943 4305 liunt
2965 4260 3267 4320 contemptu,
3286 4259 3412 4307 utin
3442 4259 3759 4322 Sardanapal-
3863 4296 3864 4309 ,

2202 4334 2302 4381 lum
2318 4370 2332 4394 ,
2352 4345 2503 4395 quum
2529 4333 2726 4395 quidam
2745 4333 2869 4384 inter
2888 4335 3114 4384 mulieres
3137 4338 3330 4384 nentem
3350 4337 3698 4399 conspexiaeet,
3723 4336 3757 4384 si

2208 4424 2321 4459 vera
2345 4411 2448 4459 hoec
2465 4416 2575 4460 sunt
2594 4425 2624 4459 a
2651 4409 2921 4461 fabularum
2944 4414 3257 4475 scriptoribus
3279 4414 3457 4462 tradita
3485 4417 3592 4464 :siu
3610 4416 3757 4469 aliter.

2208 4489 2256 4536 in
2282 4488 2375 4536 alio
2394 4491 2555 4537 tamen
2584 4502 2695 4538 vere
2719 4492 2880 4551 potest
2900 4490 3132 4540 accidere.
3152 4490 3172 4553 ]

2264 4564 2655 4626 Sardanapallum
2679 4565 3066 4627 Anacyndaraxae
3084 4567 3238 4616 lilium
3257 4580 3362 4617 oese
3388 4568 3676 4629 ignotior-em
3694 4580 3758 4617 se-
3861 4578 3862 4633 j

2203 4643 2414 4690 cundum
2431 4642 2654 4704 genitoris
2671 4642 3038 4704 appellationem
3065 4643 3345 4694 Aristoteles
3366 4644 3556 4694 scribit.
3861 4644 3862 4649 ’

2265 4717 2441 4779 [Cyrus
2455 4720 2686 4779 Astyagen
2708 4717 2907 4767 adortus
2922 4719 2996 4767 est
3009 4755 3023 4779 ,
3042 4717 3164 4768 dum
3176 4718 3287 4780 eius
3303 4722 3354 4768 et
3377 4721 3534 4769 vitam
3554 4722 3604 4769 et
3623 4734 3754 4769 exer-

2203 4796 2354 4844 citum
2369 4796 2637 4845 contemnit
2656 4814 2668 4844 ε
2696 4796 2872 4846 milites
2888 4796 3016 4846 enim
3034 4797 3189 4846 otium
3204 4800 3254 4847 et
3271 4798 3446 4847 inertia
3463 4802 3756 4861 corruperat,

2204 4876 2300 4936 ipse
2321 4888 2436 4923 vero
2455 4874 2654 4923 mollitia
2681 4873 2942 4924 diffluebat.

2267 4951 2527 5001 Artabanes
2570 4953 2776 4999 xerxem
2814 4950 3057 5000 interemit
3073 4997 3086 5011 ,
3126 4951 3515 5001 criminationem
3548 4965 3579 5000 a
3622 4953 3756 5002 Dario

2204 5030 2403 5089 timens,
2432 5042 2577 5090 quem
2602 5028 2783 5090 injussu
2809 5029 2981 5079 Xerxis
3003 5030 3346 5091 siiependerst.
3388 5034 3571 5092 putans
3600 5034 3754 5079 tamen

2200 5122 2251 5156 se
2284 5108 2477 5167 impune
2498 5107 2708 5160 laturum
2723 5142 2734 5163 ‚
2764 5119 2821 5153 eo
2843 5106 2988 5154 dante
3012 5106 3200 5154 veniam
3214 5143 3228 5165 ,
3247 5107 3384 5154 velut
3402 5106 3560 5156 oblito
3574 5110 3756 5170 propter
3857 5112 3858 5163 ζ

2202 5180 2403 5217 coenam.
2427 5166 2444 5228 ]
