3900 6042
1502 496 1699 598 Fas-G
1714 499 1995 558 MENTA.

126 637 272 671 smmi
286 616 351 686 s.
404 620 802 678 ›lltetthumsw.
836 643 890 695 p.
925 624 1066 698 399)
1101 626 1274 680 hocce
1310 630 1577 700 placitum
1615 632 1685 684 ab

127 707 337 759 Ionicis
374 708 729 781 philosophis
751 711 991 765 alienum
1020 729 1132 766 esse
1161 726 1365 771 censet.
1401 717 1481 773 Cf.
1513 719 1685 771 Bran·

126 793 211 846 dis
238 794 448 848 Gesch.
482 797 542 851 d.
572 796 785 852 Planus.
816 799 860 866 Ι,
896 817 952 871 p.
994 800 1116 855 168.
1158 802 1424 856 Heracliti
1459 816 1684 858 senten-

128 882 256 935 tiam
284 880 365 936 d’e
384 884 510 936 soie
542 884 599 936 in
643 886 858 956 scaphae
899 884 1142 941 formam
1178 889 1461 944 subcurvo
1492 890 1686 946 laudat

125 969 285 1022 etiam
317 968 675 1023 Plutarchus
694 972 779 1024 De
811 970 959 1028 Piae.
985 973 1124 1045 phil.
1157 975 1242 1040 11,
1271 993 1343 1029 αα
1372 994 1431 1047 p.
1475 975 1586 1048 890
1613 979 1683 1032 [λ

126 1054 205 1109 cf.
240 1054 546 1128 Forbiger.
581 1057 697 1111 Alt.
726 1057 925 1130 Geogr.
955 1059 1081 1131 Lp.
1112 1058 1243 1116 503.
1273 1059 1406 1115 515.

877 1216 934 1272 9.

198 1324 535 1378 Plutarchus
555 1325 641 1378 De
659 1324 732 1378 Is.
760 1335 816 1379 et
833 1324 927 1381 os.
951 1344 1003 1382 c.
1033 1345 1141 1398 9p.
1176 1326 1283 1392 354
1326 1346 1339 1381 ε
1393 1328 1486 1384 En
1505 1322 1558 1382 δὲ
1583 1325 1685 1379 τῶν

125 1409 323 1464 πολλῶν
374 1407 694 1483 νομιζόντων
738 1407 866 1466 ἴδιον
907 1414 1033 1487 παρ’
1061 1411 1364 1488 Αἰγυπτίοις
1398 1411 1569 1486 ὄνομα·
1592 1414 1681 1467 τοῦ

128 1495 239 1558 Διὸς
287 1485 419 1551 εἶναι
467 1495 561 1551 τὸν
587 1493 775 1570 Ἀμοῦν
820 1495 876 1570 (ὃ
895 1496 1215 1575 παράγοντες
1250 1499 1401 1575 ἡμεῖς
1428 1497 1683 1580 Ἄμμωνα

126 1577 390 1656 λέγομεν),
420 1578 677 1645 Μανεθὼς
706 1579 798 1656 μὲν
829 1584 857 1637 ὁ
898 1581 1202 1654 Σεὸεννίτης
1240 1584 1300 1643 τὸ
1320 1589 1676 1665 κεκρυμμένον

126 1665 275 1724 οἴεται
302 1668 392 1724 καὶ
420 1669 519 1737 τὴν
541 1666 725 1746 κρύψιν
745 1669 847 1725 ὑπὸ
870 1668 1058 1739 ταύτης
1081 1671 1360 1741 δὴλοῦσθαι
1380 1679 1471 1745 τῆς
1488 1681 1677 1756 φωνῆς·

127 1751 394 1821 Ἑκαταῖος
420 1754 476 1811 δὲ
506 1758 538 1812 ὁ
562 1753 865 1835 Ἀὅδηρίτης
888 1757 1015 1835 φησὶ
1041 1757 1208 1837 τούτῳ
1232 1759 1322 1815 καὶ
1346 1761 1473 1840 πρὸς
1503 1765 1671 1835 ἀλλή-

128 1840 235 1905 λους
254 1843 327 1920 τῷ
350 1842 556 1920 ῥήματι
599 1845 824 1920 χρῆσθαι
870 1843 988 1909 τοὺς
1038 1844 1377 1918 Αἰγυπτίους,
1406 1846 1530 1906 ὅταν
1559 1849 1674 1909 τινὰ

128 1930 548 2004 προσκαλῶνται·
591 1929 977 2008 προσκλητικὴν
1017 1929 1121 2009 γὰρ
1159 1922 1289 1989 εἶναι
1337 1933 1431 2002 τὴν
1478 1937 1673 2016 φωνήν.

133 2012 219 2071 Διὸ
237 2012 319 2071 τὸν
342 2017 558 2093 πρῶτον
585 2015 718 2087 θεὸν,
756 2015 883 2094 [ὃν]
912 2019 987 2095 τῷ
1026 2018 1184 2075 παντὶ
1218 2018 1306 2077 τὸν
1336 2020 1490 2078 αὐτὸν
1529 2023 1680 2098 νομί-

130 2101 311 2174 ζουσιν,
340 2102 410 2165 ὣς
443 2103 623 2180 ἀφανῆ
648 2103 739 2159 καὶ
777 2102 1130 2182 κεκρυμμένον
1175 2103 1327 2175 ὄντα,
1351 2109 1675 2185 προσκαλού-

132 2207 263 2257 μενοι
287 2186 374 2244 καὶ
414 2190 844 2268 παρακαλοῦντες
883 2192 1088 2269 ἐμφανῆ
1126 2191 1361 2269 γενέσθαι
1403 2196 1493 2252 καὶ
1519 2196 1673 2266 δῆλον

132 2274 314 2345 αὐτοῖς,
344 2273 533 2350 Ἀμοῦν
566 2273 818 2352 λέγουσιν.
845 2276 913 2336 Ἢ
938 2276 1031 2353 μὲν
1058 2269 1147 2336 οὗν
1177 2279 1422 2338 εὖλᾶὅεια
1446 2286 1536 2352 τῆς
1559 2283 1676 2363 περὶ

129 2357 186 2415 τὰ
212 2360 314 2417 θεῖα
335 2361 521 2439 σοφίας
556 2363 871 2439 Αἰγυπτίων,
890 2364 1117 2435 τοσαύτη
1137 2357 1219 2436 ἦν.

851 2524 939 2562 10.

202 2639 525 2697 Plutarchus
558 2646 642 2699 De
678 2644 771 2702 Os.
802 2655 858 2698 et
887 2647 956 2701 Is.
988 2663 1037 2699 c.
1084 2646 1119 2699 6
1148 2664 1205 2718 p.
1239 2645 1348 2701 353
1386 2647 1428 2703 B
1469 2666 1482 2703 :
1515 2635 1671 2704 Οἶνον

70 2791 73 2792 ⁷
132 2719 179 2778 δὲ
215 2725 258 2780 οἱ
281 2724 372 2799 μὲν
406 2728 459 2784 ἐν
484 2726 672 2787 Ἡλίου
713 2728 861 2787 πόλει
907 2732 1269 2809 θεραπεύοντες
1323 2732 1409 2789 τὸν
1439 2731 1550 2790 θεὸν
1579 2735 1671 2791 οὐκ

133 2811 388 2891 εἶςφίρουσι
428 2815 752 2893 τοπαράπαν
790 2818 860 2883 εἰς
895 2816 954 2876 τὸ
1001 2818 1153 2898 ἱερὸν,
1197 2821 1266 2885 ὼς
1310 2821 1367 2877 οὗ
1408 2824 1669 2897 προσῆκον

132 2901 310 2979 ἡμέρας
340 2902 530 2981 πίνειν,
557 2909 649 2963 τοῦ
689 2903 866 2983 κυρίου
890 2904 982 2963 καὶ
1008 2905 1258 2981 βασιλέως
1293 2909 1597 2987 ἐφορῶντος·
1621 2912 1668 2967 οἱ

135 2984 172 3040 δ’
218 2985 356 3046 ἄλλοι
394 2995 629 3069 χρῶνται
669 2990 780 3067 μὲν,
829 2991 985 3072 ὀλίγῳ
1014 2992 1095 3051 δέ·
1140 2992 1337 3060 πολλὰς
1382 2994 1427 3052 δ’
1471 2996 1668 3062 ἀοίνους

138 3072 324 3148 ἁγνείας
352 3075 581 3155 ἔχουσιν,
610 3079 661 3135 ἐν
689 3069 769 3143 αἶς
801 3080 1189 3159 φιλοσοφοῦντες
1216 3080 1306 3137 καί
1331 3080 1668 3157 μανθάνοντες

134 3159 211 3215 καὶ
242 3162 562 3232 διδάσκοντες
606 3165 671 3223 τὰ
717 3170 829 3223 θεῖα
876 3167 1215 3226 διατελοῦσιν.
1256 3168 1324 3227 Οἱ
1349 3166 1402 3225 δὲ
1435 3169 1663 3246 βασιλεῖς

133 3245 207 3301 καὶ
249 3253 491 3328 μετρητὸν
531 3251 706 3310 ἔπινον
753 3254 813 3309 ἐκ
863 3257 962 3310 τῶν
1003 3255 1153 3333 ἱερῶν
1198 3252 1540 3333 γραμμάτων,
1595 3259 1662 3320 ὡς

132 3329 389 3403 Ἑκαταῖος
424 3339 716 3419 ἱστόρηκεν,
766 3343 917 3418 ἱερεῖς
959 3340 1114 3407 ὄντες·
1143 3341 1363 3419 ἤρξαντο
1402 3341 1455 3399 δὲ
1502 3342 1664 3398 πίνειν

136 3419 226 3476 ἀπὸ
260 3423 618 3503 Ψαμμετίχου
658 3428 773 3485 κτλ.
815 3429 956 3484 Vide
999 3449 1124 3503 quae
1162 3441 1473 3503 sequuntur
1513 3429 1664 3502 apud

134 3509 463 3568 Plutarchum
493 3532 566 3569 ex
595 3515 813 3570 Eudoxi
838 3517 1080 3571 Periodo
1106 3517 1422 3589 depromta.

195 3764 344 3819 Quum
379 3765 595 3828 plerique
636 3766 910 3815 existiment
960 3766 1197 3829 peculiare
1247 3765 1376 3829 apud
1418 3766 1661 3829 AEgyptios

136 3851 292 3891 nomm
307 3845 436 3895 Jovis
451 3859 555 3896 oese
576 3850 741 3895 Amun
756 3880 771 3905 ,
788 3858 910 3907 quos
934 3858 1023 3895 nos
1038 3845 1274 3908 producto
1293 3846 1525 3895 vocabulo
1544 3851 1656 3896 Am·

134 3931 313 3971 monem
328 3923 525 3974 dicimus
545 3940 558 3973 ε
580 3925 826 3975 Manethos
843 3924 1098 3975 Sebenuita
1119 3939 1175 3974 ea
1193 3938 1311 3975 voce
1331 3926 1628 3975 occultatum
1641 3961 1655 3987 ,

138 3998 180 4044 et
194 4000 541 4053 occultationem
554 4003 736 4064 iudicat
753 4003 1006 4065 fignificat-i
1026 4019 1038 4051 :
1058 4006 1309 4054 Hecataeus
1325 4007 1486 4054 autem
1507 4004 1657 4054 Abde-

138 4073 215 4121 rita
229 4075 312 4125 boc
326 4079 467 4129 verbo
484 4082 690 4130 invicem
706 4080 778 4130 uti
798 4082 1038 4142 AEgyptios
1055 4081 1122 4131 ait
1139 4095 1291 4143 quum
1313 4081 1435 4131 alter
1452 4081 1655 4131 alterum

139 4155 265 4201 vocat
274 4169 287 4213 ;
297 4157 522 4206 esseenim
538 4170 705 4207 vocem
718 4158 1036 4207 invocativam
1050 4171 1224 4220 muare
1236 4171 1385 4219 quum
1395 4158 1655 4221 principem

141 4225 267 4277 deum
285 4233 495 4282 eumdem
517 4237 663 4295 atque
684 4223 971 4283 Universum
990 4238 1192 4297 putent,
1215 4237 1380 4296 utpote
1396 4236 1653 4285 oboeurum

139 4306 183 4350 et
203 4306 541 4373 absconditum,
574 4311 728 4359 vocari
751 4310 815 4359 ab
846 4310 902 4360 iis
924 4313 974 4360 et
1002 4310 1129 4359 orari
1162 4315 1326 4360 amun
1357 4312 1652 4374 dicentibus,

142 4382 189 4427 ut
211 4383 366 4442 prodat
390 4399 439 4436 se
471 4401 529 4438 ae
557 4387 945 4450 conspiciendum
975 4387 1206 4450 praebeat.
1270 4388 1399 4438 Talis
1425 4402 1543 4450 ergo
1564 4389 1655 4438 ruit

142 4459 435 4521 AEgyptiomm
449 4466 689 4514 accuratio
704 4465 753 4514 in
770 4465 1169 4527 contemplatione
1185 4477 1346 4514 rerum
1362 4466 1651 4516 divinarum.

198 4627 354 4679 Vinum
372 4632 401 4680 ii
418 4634 501 4696 qui
518 4635 747 4698 Heliopoli
768 4635 927 4685 Solem
940 4636 1109 4685 colunt
1124 4638 1294 4692 sac-ris.
1314 4638 1503 4686 nullum
1522 4650 1652 4700 pror·

143 4704 486 4771 smintempium
499 4714 707 4764 inferunt
716 4729 732 4775 ;
742 4714 871 4777 quod
886 4727 981 4764 non
991 4713 1241 4763 conveniat
1255 4715 1457 4764 interdiu
1472 4716 1650 4776 bibere,

145 4775 316 4831 domiuo
333 4789 379 4835 et
406 4802 511 4851 rege
538 4791 844 4854 inspiciente:
864 4791 1034 4853 miqui
1065 4790 1180 4840 vino
1197 4793 1419 4855 utuntur,
1437 4793 1521 4842 sed
1544 4806 1651 4842 mo·

144 4851 238 4902 dico
268 4860 538 4926 admodum,
577 4868 846 4929 habentque
876 4867 1055 4917 multos
1087 4868 1239 4928 ritus,
1280 4881 1403 4930 quos
1435 4869 1651 4920 abstemii

146 4928 331 5004 obumt,
364 4940 445 4989 ubi
476 4944 847 5007 philosophando
882 4945 1120 5006 rebusque
1153 4945 1299 4994 sacris
1333 4946 1561 4997 docendis
1594 4960 1651 4997 ac

147 5002 354 5062 (lissoendis
392 5018 573 5081 tempus
605 5022 822 5083 exigitur.
898 5024 1050 5083 Reges
1083 5035 1279 5084 quoque
1312 5036 1374 5072 ex
1409 5037 1652 5075 sacrarum

148 5088 392 5149 Μίνω
424 5094 660 5148 literarum
691 5101 823 5148 certa
853 5111 1075 5148 mensura
1109 5097 1275 5147 vinum
1311 5099 1562 5163 bibebant,
1596 5106 1652 5153 ut

151 5161 293 5213 scribit
315 5169 577 5236 umens,
608 5178 722 5239 quia
752 5180 802 5226 et
834 5177 921 5238 ipsi
950 5180 1107 5227 essent
1135 5179 1420 5229 sacerdotes.
1489 5181 1653 5232 Bibere

151 5237 291 5290 tamen
306 5257 477 5309 mpero
494 5266 519 5300 a
544 5254 885 5304 Psammeticho
907 5257 999 5304 etc.

3209 526 3318 574 3⁸9

2486 638 2634 714 ‹a›

1856 784 2043 839 Schol.
2079 786 2346 857 Apollon.
2369 787 2477 844 Rh.
2512 789 2607 854 IV,
2638 787 2746 854 284
2775 807 2789 846 ;
2823 788 3102 860 Ἑκαταῖος
3122 794 3332 854 δὲῖστορ

1778 870 1858 943 ρεῖ
1889 866 1964 942 μὴ
1989 868 2241 925 ἐκδιδόναι
2263 872 2334 934 εἰς
2369 869 2463 939 τὴν
2488 871 2752 930 θάλασσαν
2777 875 2864 932 τὸν
2890 880 3090 948 Φᾶσιν,
3115 883 3222 939 οὐδ’
3251 886 3323 949 ὡς

1777 952 1861 1015 διὰ
1909 954 2167 1020 Τανάϊδος
2202 954 2481 1027 ἔπλευσαν,
2515 959 2653 1038 ἀλλὰ
2677 960 2812 1018 κατὰ
2840 962 2925 1019 τὸν
2951 965 3102 1022 αὐτὸν
3143 973 3326 1038 πλοῦν,

1775 1043 1890 1098 καθ’
1914 1038 1970 1098 ὃν
2000 1043 2089 1100 καὶ
2118 1040 2388 1122 πρότερον,
2412 1047 2482 1109 ὡς
2503 1047 2770 1121 Σοφοκλῆς
2791 1050 2841 1105 ἐν
2867 1049 3088 1116 Σκύθαις
3115 1056 3327 1132 ἱστορεῖ.

1856 1132 1987 1184 Haec
2027 1149 2143 1185 non
2175 1149 2286 1187 esse
2315 1134 2512 1189 Milesii
2565 1146 2795 1208 apparet
2833 1157 2899 1192 ex
2924 1141 3099 1194 schol.
3143 1141 3213 1195 ad
3241 1144 3325 1216 Π,

1779 1213 1891 1288 ²59
1924 1215 2020 1269 ubi
2058 1236 2070 1269 :
2119 1214 2396 1282 Ἑκαταῖος
2436 1216 2492 1274 δὲ
2538 1221 2566 1274 ὁ
2613 1219 2863 1289 Μιλήσιος
2894 1224 2951 1280 ἐκ
2968 1230 3056 1282 τοῦ
3096 1225 3329 1292 Φάσιδος

1776 1299 1989 1357 διελθεῖν
2013 1303 2083 1366 εἰς
2111 1301 2201 1360 τὸν
2236 1302 2510 1378 Ὠκεανὸν,
2550 1295 2663 1362 εἶτα
2706 1308 2895 1366 ἐκεῖθεν
2925 1312 2995 1375 εἰς
3020 1311 3108 1369 τὸν
3136 1315 3324 1372 Νεῖλον

1779 1387 1874 1458 (sc.
1916 1390 2321 1462 Argonautas).
2363 1393 2552 1446 Potuit
2581 1393 2651 1447 de
2683 1395 2766 1448 his
2797 1396 3067 1452 Abderita
3095 1416 3326 1454 monere

1774 1474 1832 1526 in
1872 1475 2238 1547 AEgyptiaci5‚
2283 1477 2536 1532 refellens
2575 1499 2772 1540 eorum
2827 1486 3183 1553 sententiam,
3226 1489 3323 1559 qui

1774 1565 2122 1634 Argonautas
2143 1564 2206 1616 in¹
2242 1565 2426 1620 Nilum
2453 1584 2518 1619 ex
2544 1585 2756 1621 oceano
2800 1570 3139 1642 innavigassc
3169 1572 3325 1627 dice-

1771 1647 1928 1710 bant,
1963 1653 2040 1703 At
2081 1651 2276 1704 melius
2314 1652 2480 1705 etiam
2521 1652 2891 1726 fragmentum
2936 1656 3087 1709 cadit
3123 1659 3181 1711 in
3211 1662 3324 1714 He·

1772 1744 2002 1787 cataeum
2035 1735 2430 1804 Eretriensem,
2472 1756 2540 1791 ex
2581 1739 2736 1809 cujus
2773 1743 3160 1814 geographicis
3200 1763 3324 1816 quae

1771 1831 2057 1892 comperta
2106 1822 2371 1876 habemus
2417 1822 2512 1895 (v,
2544 1836 2664 1879 not.
2697 1826 2769 1881 ad
2791 1828 3080 1882 Onesicrit.
3114 1831 3183 1885 fr.
3211 1829 3262 1888 5.
3282 1829 3320 1905 ),

1771 1909 1961 1960 omnia
2005 1919 2253 1980 spectant
2297 1909 2368 1963 ad
2397 1911 2651 1982 regiones
2691 1913 2967 1970 Ponticas,
3015 1917 3099 1969 De
3130 1935 3190 1971 re
3244 1919 3316 1973 cf.

1772 1993 2055 2048 Herodor.
2091 1994 2158 2049 fr.
2191 1993 2294 2063 55,
2327 2014 2388 2068 p.
2421 1995 2515 2051 38.

2427 2164 2515 2201 12.

1846 2300 2089 2358 Diodor.
2115 2302 2169 2366 Ι,
2201 2300 2303 2374 46,
2326 2301 2360 2354 6
2391 2320 2404 2354 :
2445 2290 2595 2358 Εἶναι
2624 2299 2679 2358 δέ
2719 2324 2845 2379 φασι
2886 2301 2974 2360 καὶ
3004 2304 3194 2384 τάφους
3238 2312 3317 2366 ἐν·

1766 2389 1929 2441 ταῦθα
1981 2387 2235 2461 (Thebis)
2285 2388 2387 2443 τῶν
2417 2388 2650 2465 ἀρχαίων
2689 2390 2942 2467 βασιλέων
2993 2393 3319 2465 θαυμαστοὺς

1764 2470 1980 2528 καὶτῶν
2005 2472 2451 2550 μεταγενεστέρων
2487 2482 2595 2540 τοῖς
2625 2478 2694 2541 εἰς
2737 2474 2803 2532 τὰ
2852 2479 3196 2553 παραπλήσια
3226 2504 3315 2560 φι-

1764 2555 2152 2633 λοτιμουμένοις
2183 2556 2475 2636 ὑπερὸολὴν
2519 2560 2613 2616 οὔκ
2663 2560 3057 2629 ἀπολείποντας.
3109 2567 3179 2623 Οἱ
3218 2566 3313 2641 μὲν

1763 2635 1850 2702 οὗν
1872 2645 2023 2725 ἱερεῖς
2050 2646 2111 2700 ἐκ
2156 2647 2257 2702 τῶν
2298 2646 2610 2725 ἀναγραφῶν
2637 2646 2834 2726 ἔφασαν
2880 2648 3132 2726 εὑρίσκειν
3181 2652 3315 2710 ἑπτὰ

1762 2730 1888 2809 πρὸς
1900 2738 2003 2796 τοῖς
2030 2729 2409 2811 τετταράκοντα
2437 2732 2626 2810 τάφους
2657 2733 2952 2811 βασιλικούς
2967 2758 2980 2771 ·
2999 2738 3069 2802 εἰς
3093 2735 3148 2795 δὲ
3171 2741 3311 2798 Πτο-

1759 2820 1975 2895 λεμαῖον
1993 2818 2081 2876 τὸν
2110 2817 2284 2896 Λάγου
2306 2819 2564 2896 διαμεῖναί
2591 2843 2745 2899 φασιν
2765 2821 3111 2881 ἑπτακαίδεκα
3132 2825 3311 2902 μόνον,

1759 2899 1832 2966 ὧν
1876 2905 1941 2965 τὰ
1968 2904 2140 2964 πολλὰ
2167 2905 2490 2985 κατέφθαρτο
2520 2911 2636 2965 καθ’
2660 2906 2744 2973 οὓς
2783 2908 2994 2987 χρόνους
3016 2911 3312 2989 παρεὸοίλο·

1761 3018 1854 3070 μεν
1876 2998 2025 3068 ἡμεῖς
2054 2994 2123 3058 εἰς
2145 2991 2362 3059 ἐκείνους
2402 2992 2517 3059 τοὺς
2539 2993 2755 3066 τόπους,
2785 2996 2871 3053 ἐπὶ
2903 3000 2996 3066 τῆς
3033 3001 3313 3068 ἑκατοστῆς

1758 3080 1847 3138 καὶ
1877 3081 2224 3158 ὀγδοηκοστῆς
2252 3078 2625 3154 Ὀλυμπιάδος.
2656 3081 2735 3138 Οὐ
2762 3080 2916 3156 μόνον
2933 3083 2983 3140 δ’
3004 3086 3051 3142 οἱ
3075 3088 3193 3142 κατ’
3220 3087 3310 3145 Ar·

1756 3190 1949 3245 γυπτον
1968 3170 2120 3246 ἱερεῖς
2142 3168 2202 3223 ἐκ
2238 3169 2339 3224 τῶν
2378 3168 2687 3246 ἀναγραφῶν
2711 3170 3015 3248 ἱστοροῦσιν,
3045 3170 3180 3228 ἀλλὰ
3219 3171 3311 3229 καὶ

1756 3251 1935 3311 πολλοὶ
1963 3256 2065 3310 τῶν
2095 3250 2363 3321 Ἑλλήνιον
2385 3255 2487 3310 τῶν
2507 3251 2952 3331 παραθαλλόντων
2984 3254 3077 3332 μὲν
3107 3260 3178 3323 εἰς
3215 3254 3311 3325 τὰς

1756 3339 1944 3409 Θήόας
1990 3338 2077 3397 ἐπὶ
2105 3339 2438 3414 Πτολεμαίου
2477 3343 2566 3396 τοῦ
2591 3338 2793 3417 Λάγου,
2834 3340 3223 3417 συνταξαμένων
3253 3345 3306 3403 δὲ

1757 3426 1849 3491 τὰς
1894 3425 2251 3502 Αἰγυπτιακὰς
2299 3425 2557 3506 ἱστορίας,
2602 3418 2673 3484 ὧν
2718 3427 2828 3485 ἐστὶ
2881 3427 2970 3485 καὶ
3003 3427 3307 3503 Ἑκαταῖος,

1704 3517 1716 3543 ’
1756 3517 2087 3591 συμφωνοῦσι
2108 3519 2212 3578 τοῖς
2233 3510 2317 3592 ὑφ’
2339 3515 2492 3588 ἡμῶν
2515 3513 2822 3592 εἰρημένοις.

2468 3684 2514 3746 (1
2528 3685 2545 3735 1
2560 3684 2597 3747 .)

1810 3766 2061 3816 Hecataeus
2078 3767 2240 3815 narrat
2259 3778 2356 3814 non
2374 3764 2570 3816 effluere
2593 3766 2644 3816 in
2662 3778 2792 3816 mare
2813 3766 2984 3816 Phasin
3001 3803 3015 3828 ,
3035 3781 3192 3830 neque
3211 3780 3295 3830 per

1743 3843 2003 3893 Tanaidem
2032 3847 2328 3906 Argonautas
2349 3842 2619 3907 navigasse,
2648 3843 2732 3893 sed
2761 3843 2932 3894 eadem
2955 3844 3033 3893 via
3067 3844 3290 3900 rediisse.

1745 3943 1844 3993 qua
1865 3932 2132 3991 venerant,
2159 3934 2216 3979 ut
2237 3930 2496 3992 Sophocles
2517 3930 2564 3980 in
2586 3930 2773 3993 scythis
2792 3933 2972 3980 narrat.

1803 4094 1978 4143 Thebis
1999 4093 2198 4143 mirifica
2213 4095 2326 4143 sunt
2347 4094 2609 4156 priscorum
2629 4105 2793 4154 regum
2820 4093 3037 4155 sepulcra
3054 4128 3069 4153 ,
3089 4105 3199 4154 qum
3223 4107 3300 4157 po·

1741 4171 1880 4220 steria
1891 4170 1952 4219 ad
1965 4170 2130 4220 similis
2142 4170 2504 4231 niagnmoeutiae
2517 4168 2730 4218 studium
2745 4169 2860 4217 nihil
2874 4169 3045 4232 reliqui
3061 4170 3296 4221 recerunt.

1740 4250 2026 4309 Hommque
2055 4246 2325 4296 sacerdotes
2356 4246 2581 4295 dixerunt
2608 4244 2935 4307 sepulcrorum
2967 4247 3208 4308 regiorum
3246 4249 3295 4296 in

1740 4324 1885 4374 sacris
1919 4324 2277 4372 commentariis
2299 4322 2612 4385 quadraginta
2640 4325 2820 4383 septem
2851 4322 3053 4371 inveniri
3075 4341 3086 4371 ε
3119 4323 3203 4372 sed
3235 4324 3295 4373 ad

1743 4402 2050 4451 Ptolemaeum
2074 4401 2184 4463 Lagi
2204 4401 2542 4463 septemdecim
2561 4403 2748 4450 tantum
2767 4401 3063 4459 remansisse,
3083 4414 3293 4464 quorum

1740 4480 1966 4542 pleraque
1981 4480 2123 4529 nobis
2139 4480 2394 4542 AEgyptum
2418 4478 2733 4529 lustrantibus
2750 4478 2810 4527 ad
2830 4479 3163 4541 Olympiadem
3180 4492 3294 4528 cen·

1740 4559 1958 4609 tesimam
1988 4562 2213 4622 corrupta
2243 4559 2449 4608 fueraut.
2512 4560 2612 4607 Nee
2636 4570 2752 4607 vero
2782 4571 2810 4607 a
2828 4557 3153 4608 sacerdotibus
3183 4561 3296 4608 tane.

1738 4640 1844 4687 tum
1864 4637 2093 4700 AEgyptiis
2115 4636 2221 4685 boec
2237 4649 2266 4685 e
2293 4635 2427 4684 libris
2442 4635 2589 4684 sacris
2605 4636 2897 4695 referuntur,
2921 4634 3002 4684 sed
3026 4636 3076 4683 et
3097 4637 3293 4684 Grmce·

1738 4728 1846 4763 rum
1860 4714 2019 4776 multi,
2030 4714 2113 4776 qui
2127 4711 2372 4763 Ptolemaei
2387 4711 2498 4774 Lagi
2511 4713 2654 4760 aetate
2667 4711 2857 4762 Thebas
2864 4711 3062 4774 proiecti
3077 4711 3295 4762 historias

1737 4792 2035 4854 AEgyptiaoes
2050 4792 2426 4850 contexuerunt,
2444 4789 2566 4837 inter
2596 4801 2719 4850 quos
2746 4787 2890 4838 etiam
2916 4789 3163 4837 nocuimus
3191 4791 3291 4848 est,

1737 4881 1847 4918 cum
1866 4869 2135 4916 narratione
2149 4866 2241 4915 hac
2257 4867 2419 4914 nostra
2432 4864 2752 4914 consentiunt.

1798 4948 1986 4995 xbvn.
2022 4950 2057 4995 Α
2083 4944 2249 5007 primis
2273 4944 2400 4993 enim
2430 4942 2685 5005 sepulcris,
2720 4942 2898 5004 quibus
2931 4942 3065 4990 Jovis
3093 4941 3287 5003 pellices

1738 5022 1953 5072 conditas
1972 5034 2073 5072 ease
2089 5020 2315 5082 traditur,
2338 5020 2506 5069 decem
2535 5018 2700 5070 stadiis
2720 5017 2884 5067 abesse
2909 5020 3106 5066 narrant
3136 5018 3285 5079 regis,

1737 5115 1881 5165 quern
1890 5104 2065 5151 vocant
2074 5099 2447 5162 osymandyam,
2462 5099 2846 5159 monumentum
2866 5096 2958 5146 sub
2972 5095 3109 5156 cuius
3135 5096 3288 5144 intro·

1739 5183 1859 5230 itum
1874 5194 1901 5230 e
1926 5180 2061 5229 vario
2079 5178 2236 5242 lapide
2271 5177 2450 5227 atrium
2478 5175 2771 5238 longitudine
2798 5174 2950 5224 duum
2969 5173 3208 5235 pletbrum
3235 5178 3287 5223 et

1739 5259 1988 5310 altitudine
2003 5256 2597 5321 cubitorumquadtaginta
2611 5254 2840 5318 quinque.
2855 5253 2923 5314 (2)
2941 5251 3062 5301 Hinc
3074 5249 3285 5312 digresso
