3900 6042
1492 486 1978 546 FRAGMENTA.

3207 506 3315 555 2³7

123 592 450 664 dum'haud
478 610 681 665 elicies.
708 611 881 664 Recte
910 610 1079 683 igitur
1106 622 1435 683 corruptum
1459 629 1570 667 esse
1598 613 1690 667 lo—
1776 614 2013 682 sthenis;
2046 615 2089 668 is
2113 632 2249 669 vero
2283 617 2708 689 componendus
2742 636 2870 672 cum
2905 620 3105 676 Tleuori
3131 623 3322 677 Mane-

122 711 253 749 cum
280 705 524 751 censent
554 696 902 750 Wellauerus
922 696 997 752 ad
1020 698 1196 752 schol.
1225 699 1413 771 Apoll.
1453 709 1510 753 et
1532 700 1691 753 Bun-
1777 700 2071 767 thoniano,
2119 700 2381 774 dynastia!
2421 704 2567 758 xlx
2601 722 2733 778 rege
2775 706 2975 760 ultimo
2994 748 3010 775 ,
3057 707 3159 761 sub
3205 726 3319 783 quo

128 784 309 838 senius
334 784 375 838 l.
406 783 451 840 1.
481 784 834 838 Wellauerus
845 784 1207 840 scribendum
1229 787 1503 859 proponit
1526 802 1541 842 :
1561 783 1690 860 φησὶ
1784 787 1947 857 ija
1967 800 2293 860 expugnata
2319 806 2431 843 esse
2454 790 2653 845 fertur.
2691 792 2846 846 Patet
2883 793 3053 865 igitur
3084 812 3185 849 cur
3209 795 3322 850 Nili

127 866 179 923 δί
223 866 554 946 Δικαίαρχος
581 868 635 922 ἐν
652 866 874 947 δευτέρῳ
899 869 1213 939 Ἑλληνικοῦ
1248 870 1361 948 βίου
1393 871 1481 927 καὶ
1518 876 1687 931 τοῦτο.

129 959 198 1011 At
218 957 366 1011 male
388 959 475 1011 sic
508 957 689 1010 oratio
713 956 992 1029 procedit.
1020 959 1327 1013 Bunsenius
1359 959 1551 1013 scribit
1579 978 1593 1012 ε
1624 962 1686 1016 Δ.

126 1043 178 1097 tv
200 1040 427 1120 δευτέρῳ
470 1040 727 1107 Ἑλλάδος
756 1042 846 1099 καὶ
866 1043 1136 1101 πολιτικοῦ
1167 1044 1280 1121 βίου
1308 1046 1535 1121 Σισογχ.
1567 1047 1684 1102 κτλ.

129 1130 261 1202 Quae
291 1131 531 1205 egregia
551 1141 632 1185 est
657 1130 997 1186 emendatio.
1026 1133 1151 1187 Jam
1177 1135 1326 1187 enim
1351 1151 1537 1187 sensus
1555 1133 1687 1187 fun-

135 1217 283 1272 ditur
331 1220 609 1290 optimus.
641 1218 793 1273 Dicit
821 1218 1109 1273 scholiasta
1141 1238 1154 1272 :
1217 1243 1240 1267 ιι
1269 1217 1531 1274 Sesostris
1570 1238 1688 1275 non

133 1303 304 1358 modo
329 1304 495 1359 bello
553 1305 842 1374 inclaruit,
884 1304 984 1360 sed
1011 1306 1186 1360 civilis
1208 1308 1375 1361 etiam
1396 1308 1521 1361 vitae
1538 1347 1555 1375 ,
1586 1309 1687 1361 Di·

138 1390 380 1447 caearcho
401 1400 565 1458 teste,
588 1408 781 1445 curam
798 1391 1049 1464 gerebat.
1079 1415 1104 1440 ι
1127 1393 1273 1447 Dein
1302 1395 1417 1465 ipsa
1439 1393 1688 1447 instituta

135 1477 271 1549 regis
286 1476 475 1532 clvilia
494 1489 1028 1533 commemorantur.
1047 1508 1121 1519 —-
1150 1478 1407 1533 Ceterum
1425 1476 1687 1532 offende-

138 1564 208 1617 rit
230 1562 380 1618 istud
416 1558 680 1626 Ἑλλάδος
700 1581 810 1636 pro
845 1561 959 1639 βίου
982 1560 1271 1632 Ἑλλάδος,
1309 1565 1407 1619 etsi
1435 1565 1581 1619 tituli
1612 1564 1683 1617 li-

140 1645 367 1705 brorum
408 1651 621 1723 passim
664 1659 1024 1716 truncantur3
1068 1667 1265 1704 verum
1305 1668 1481 1723 quum
1524 1647 1685 1703 simul

144 1736 300 1791 etiam
334 1735 483 1791 illud
524 1737 580 1792 ἐν
609 1732 829 1811 δευτέρῳ
862 1736 933 1789 sit
972 1735 1300 1802 offensioni,
1334 1724 1558 1807 utrique
1600 1736 1685 1788 in·

144 1820 437 1877 commodo
460 1822 697 1878 medear
724 1821 1024 1877 scribendo
1054 1821 1104 1876 ἐν
1136 1819 1232 1899 βίῳ
1260 1819 1532 1884 Ἑλλάδος.
1560 1819 1685 1876 Μιι-

145 1911 267 1963 tatio
294 1911 529 1964 minime
557 1910 807 1964 violenta
829 1919 939 1977 est,
966 1927 1138 1980 quum
1160 1907 1259 1985 βίῳ
1296 1910 1356 1963 in
1382 1909 1537 1963 libris
1563 1927 1682 1963 ma-

146 1998 425 2070 nuscriptis
442 1998 707 2052 facillime
734 2014 863 2049 cum
890 1997 1110 2050 numeri
1128 1997 1267 2069 siglo
1287 1994 1556 2050 confundi
1572 2013 1683 2068 po·

149 2086 320 2139 tuerit.
372 2086 442 2139 ln
492 2084 695 2139 codice
739 2085 990 2138 Parisino
1030 2083 1147 2138 haec
1191 2083 1361 2139 verba
1392 2100 1685 2156 perperam

151 2173 459 2245 transposita
484 2182 641 2227 sunt.
676 2172 743 2225 ln
765 2170 988 2225 scholiis
999 2171 1233 2244 vulgatis
1260 2169 1514 2224 ordinem
1559 2188 1689 2224 sen-

152 2261 430 2313 tentiamm
471 2259 788 2313 Bunsenius
837 2255 1268 2311 restituitverba
1319 2253 1448 2333 Περὶ
1481 2252 1535 2311 δὲ
1582 2256 1685 2311 τῶν

152 2341 330 2418 χρόνων
355 2342 549 2400 Ἄπη..
580 2341 882 2411 ἐπενήνοθεν
916 2339 1043 2398 αἰὼν
1082 2354 1446 2415 transponens
1477 2353 1534 2397 et
1558 2353 1688 2415 post

154 2428 404 2486 verbarov
431 2429 624 2508 χρόνον
659 2425 821 2484 αἴτιον
844 2429 1149 2503 γεγενῆσθαι
1181 2428 1481 2483 collocans.
1506 2429 1687 2498 Quam

158 2515 565 2573 adornationem
593 2535 695 2572 nos
722 2517 781 2570 in
809 2517 1065 2570 versione
1089 2517 1476 2588 expressimus.
1516 2513 1686 2584 Quod

157 2618 263 2657 rem
285 2605 497 2672 attinet,
525 2604 895 2658 dubitessane
919 2621 1053 2656 num
1074 2603 1188 2675 ipse
1211 2600 1564 2657 Dicaearchus
1586 2601 1689 2656 Se·-

157 2690 428 2746 sonchosin
443 2732 459 2759 ,
484 2692 738 2763 primum
762 2708 953 2763 regem
988 2690 1285 2744 mortalem
1308 2706 1372 2743 ac
1408 2688 1686 2761 legislato-

159 2792 261 2829 rem
277 2817 292 2844 ,
311 2776 552 2832 eundem
576 2776 838 2831 habuerit
864 2794 991 2830 cum
1021 2775 1388 2830 celeberrimo
1415 2775 1521 2828 isto
1566 2773 1685 2828 bel-

160 2861 342 2932 latore,
393 2882 569 2937 quem
606 2864 777 2936 vulgo
805 2881 923 2918 non
952 2864 1030 2917 ita
1053 2863 1293 2916 multum
1332 2871 1460 2916 ante
1485 2862 1684 2916 Troica

158 2947 331 3005 vfxioee
354 2951 529 3007 Graeci
564 2950 908 3015 statuebant,
960 2945 1225 3017 Manetho
1253 2967 1388 3003 vero
1417 2947 1679 3020 dynastiae

160 3033 481 3092 duodecime
498 3036 830 3091 vindicavit.
854 3036 990 3090 Mihi
1015 3035 1243 3107 quidem
1270 3034 1467 3089 scholii
1488 3045 1686 3089 auctor

162 3125 425 3179 nominum
462 3123 833 3179 similitudine
874 3121 1134 3177 seductus
1180 3121 1458 3175 miscuisse
1506 3121 1688 3177 aliena

163 3209 381 3266 videtur.
432 3211 748 3267 Bunsenius
788 3226 1019 3282 quoque
1040 3205 1109 3280 (1.
1147 3209 1187 3262 l.
1214 3210 1269 3262 11
1288 3248 1305 3276 ,
1334 3225 1395 3280 p.
1437 3206 1507 3275 87
1533 3204 1553 3280 )
1578 3226 1683 3262 no-

164 3306 317 3351 strum
342 3316 527 3373 regem
553 3316 587 3351 a
612 3297 884 3351 bellatore
910 3295 1176 3369 dynastiae
1191 3296 1305 3350 ΧΠ
1333 3294 1422 3347 vel
1444 3294 1689 3349 xlxdi·

164 3385 392 3459 stiugust,
430 3386 826 3459 aptissimeque
863 3383 1157 3456 componit
1208 3400 1337 3436 cum
1380 3381 1682 3451 Sesortosi,

167 3470 295 3542 apud
318 3470 713 3529 Manethonem
757 3469 1021 3543 dynastiae
1044 3469 1219 3523 tertiae
1249 3485 1379 3541 rege
1407 3465 1682 3537 secund0,

168 3555 328 3630 deque
344 3558 739 3632 AEgyptiorum
759 3556 1019 3612 institutis
1037 3556 1402 3611 meritissimo·
1429 3553 1687 3609 Ceterum

169 3660 319 3714 quum
345 3643 778 3701 Manethoniana
808 3644 1061 3717 dynastia
1090 3643 1252 3696 tertia
1278 3642 1349 3695 sit
1377 3646 1572 3715 prima
1595 3662 1681 3697 re·

168 3748 280 3803 gum
318 3732 779 3807 Memphimrum,
838 3730 1194 3787 sesonchosis
1215 3727 1520 3784 Dicaearchi
1550 3747 1687 3784 vero

170 3819 327 3872 statim
361 3831 488 3893 post
510 3822 734 3876 Horum
774 3817 943 3873 deum
984 3832 1239 3891 regnasse
1263 3813 1486 3869 dicatur
1517 3814 1688 3871 :hinc

173 3905 402 3975 equidem
422 3908 630 3980 colligo
652 3905 1037 3960 Dicaearchum
1063 3901 1386 3975 expressisse
1427 3898 1688 3955 traditio-

172 4002 282 4045 nem
303 3995 729 4067 Memphitarum
747 4032 764 4060 ,
793 4009 1037 4064 quorum
1052 3991 1113 4044 in
1130 3987 1459 4062 anagraphis
1484 3987 1687 4042 Seson-

175 4075 330 4133 chosis
362 4099 551 4155 regum
594 4078 1115 4152 Memphiticorum,
1154 4085 1321 4147 atque
1343 4073 1487 4130 adeo
1516 4072 1689 4149 AEgy-

172 4164 413 4235 ptiorum,
441 4170 539 4240 qui
560 4171 692 4240 post
712 4166 847 4222 deos
873 4164 1190 4239 regnarint,
1214 4162 1381 4218 suerit
1407 4172 1593 4234 caput.
1620 4195 1688 4204 —

180 4248 358 4323 Populi
381 4255 619 4328 AEgyptii
642 4270 749 4326 per
770 4269 974 4325 genera
997 4251 1110 4305 sive
1134 4250 1326 4304 classes
1360 4247 1688 4321 descriptio-

176 4347 290 4390 nem
315 4339 632 4395 Sesonchosi
649 4350 843 4394 nostro
868 4340 982 4393 sive
1009 4337 1240 4393 Sesostri
1270 4334 1385 4406 jam
1419 4334 1690 4389 tribuerat

182 4422 471 4481 Aristoteles
492 4428 659 4485 Polit.
690 4428 815 4495 vn,
839 4445 898 4500 9,
932 4444 953 4478 ι
987 4435 1042 4479 et
1061 4431 1091 4489 4
1119 4424 1204 4495 (v.
1232 4423 1398 4477 Arist.
1422 4421 1492 4477 fr.
1526 4418 1687 4495 252),
1710 4454 1715 4467 ·

183 4506 265 4561 ubi
286 4509 351 4566 de
374 4513 711 4587 temporibus
727 4515 871 4586 regis
887 4511 1047 4567 addit
1067 4510 1183 4563 haec
1207 4527 1221 4562 ε
1247 4504 1391 4565 Πολὺ
1408 4504 1507 4584 γὰρ
1532 4509 1686 4584 ὑπερ·

184 4590 314 4648 τείνει
336 4594 424 4665 τὴν
452 4597 600 4656 Μίνω
625 4596 889 4673 βασιλείαν
919 4598 953 4665 ἡ
994 4591 1334 4671 Σισώστριος.
1378 4595 1547 4668 Apud
1585 4596 1689 4650 Di-

181 4682 457 4738 marchum
480 4687 635 4741 Nilus
658 4702 759 4740 rex
791 4694 871 4739 est
897 4682 1119 4738 leoro
1146 4686 1256 4736 sive
1293 4682 1459 4735 Nilus
1485 4680 1685 4734 Erato-

236 4941 430 4995 Cluldoei
450 4960 623 4997 nomen
639 4946 814 4997 hahent
834 4960 863 4995 a
881 4867 1109 4995 glutem
1129 4943 1341 5007 quodam
1354 4981 1370 5005 ,
1398 4946 1451 4993 ut
1476 4943 1685 4993 Dicoear·

150 5033 159 5044 ·
190 5016 413 5070 ehu-libro
423 5026 572 5085 primo
592 5027 659 5073 De
678 5024 770 5073 vita
784 5024 988 5073 Groeciae
1002 5023 1146 5073 refert
1164 5022 1293 5070 bisce
1310 5020 1491 5070 verbis:
1515 5039 1538 5062 c«
1562 5023 1688 5069 luter

189 5105 260 5141 θοι
277 5096 507 5156 prudentia
529 5099 790 5162 opibusque
815 5099 1069 5149 eminuisse
1091 5100 1266 5147 Ninum
1293 5096 1461 5147 dicunt
1483 5108 1690 5157 eumque

1774 875 2119 929 mentionem
2146 876 2499 931 Dicaearchus
2539 878 2750 932 fecerit.
2789 880 2981 934 AEram
3024 880 3322 952 Trojanam

1774 960 2146 1033 probabiliter
2163 961 2529 1034 adoptaverat
2547 966 2924 1037 antiquiorem
2945 967 3118 1035 illam,
3133 985 3321 1039 exqua

1774 1040 1975 1093 Troica
2000 1042 2344 1115 assignantur
2371 1043 2527 1096 annis
2566 1044 2938 1112 1217-1208
2968 1063 3021 1101 a.
3047 1048 3108 1103 C.
3125 1048 3322 1118 Itaque

1774 1143 1948 1196 quum
1975 1127 2087 1181 Nili
2111 1128 2695 1202 initiumponaturan.
2733 1148 2876 1185 1212
2909 1131 3239 1202 (4364-776
3263 1134 3280 1203 )
3302 1173 3319 1199 ‚

1773 1208 1824 1265 T
1825 1212 1958 1283 rojae
1978 1213 2256 1268 excidium
2287 1214 2510 1271 caderet
2530 1217 2587 1270 in
2614 1234 2819 1270 annum
2841 1221 3098 1289 quintum
3131 1220 3321 1274 Thuo·

1773 1297 1848 1352 ris
1873 1300 1989 1353 sive
2013 1300 2148 1367 Nili,
2179 1317 2347 1372 quem
2371 1303 2680 1357 Manethon
2724 1307 2881 1359 annis
2905 1323 2960 1374 7,
2997 1306 3317 1360 Eratosthe-

1774 1402 1872 1439 nes
1912 1387 2070 1441 annis
2131 1405 2200 1459 19
2238 1405 2494 1461 regnasse
2542 1389 2789 1445 tradunt.
2840 1392 2928 1446 Ab
2987 1386 3321 1465 Olympiade

1772 1475 1953 1545 prima
2004 1472 2075 1528 ad
2123 1474 2495 1529 Sesonchosin
2536 1477 2790 1532 scholion
2845 1490 3101 1534 numerat
3143 1496 3322 1534 annos

1776 1559 1926 1633 2936
1953 1558 2340 1633 (2500—436
2364 1558 2400 1634 ).
2428 1562 2537 1632 Qui
2566 1581 2741 1634 quum
2763 1564 2914 1619 haud
2937 1565 3105 1641 longe
3140 1566 3321 1620 absint

1772 1645 1842 1700 ab
1865 1647 2023 1700 annis
2052 1663 2202 1718 29²²
2223 1686 2239 1714 ,
2271 1647 2474 1718 quibus
2502 1647 2625 1703 duae
2666 1650 2887 1722 periodi
2926 1652 3199 1706 Sothiacae
3224 1669 3319 1705 ex-

1772 1732 2022 1805 plentur,
2069 1734 2285 1806 opinari
2316 1734 2515 1806 aliquis
2557 1738 2764 1808 possit,
2803 1755 2979 1793 annos
3025 1735 3178 1792 2500
3216 1756 3318 1793 ro·-

1772 1817 1949 1872 tundo
1965 1822 2202 1874 numero
2225 1820 2360 1892 poni
2387 1839 2493 1893 pro
2520 1822 2692 1886 2486.

1969 1906 2004 1937 ο

2518 1954 2572 2012 8.

1849 2078 2118 2151 Stephan.
2149 2080 2276 2151 Byz.
2309 2097 2362 2132 v.
2397 2078 2654 2136 Χαλδαῖοι
2697 2100 2710 2133 :
2754 2077 3088 2151 Ἐκλήθησαν
3127 2080 3182 2139 δὲ
3214 2082 3318 2141 άπὸ

1771 2163 2042 2222 Χαλδαίου
2083 2162 2251 2234 τινὸς,
2300 2167 2371 2228 ὼς
2414 2165 2732 2244 Δικαίαρχος
2775 2166 2827 2222 ἓν
2865 2166 3060 2244 πρώτῳ
3095 2173 3185 2225 τοῦ
3230 2173 3322 2239 τῆς

1775 2247 2028 2316 Ἑλλάδος
2058 2249 2197 2328 βίου·
2227 2277 2252 2303 ι
2281 2250 2497 2310 Τούτων
2536 2251 2591 2309 δὲ
2615 2251 2815 2310 συνίσιι
2840 2253 2929 2311 καὶ
2954 2255 3169 2331 δυνάμει
3198 2256 3315 2312 διά·
3357 2302 3372 2309 -

1772 2359 1924 2415 φορον
1952 2339 2223 2414 γινόμενον
2245 2337 2333 2395 τὸν
2361 2338 2677 2414 καλούμενον
2720 2339 2876 2400 Νίνον
2901 2339 2992 2411 τὴν
3037 2343 3313 2418 ὁμώνυμον

1777 2427 1917 2504 αὑτῷ
1956 2424 2242 2482 συνοικίσαι
2287 2424 2469 2483 πόλιν·
2499 2427 2602 2485 ἀπὸ
2641 2426 2695 2485 δὲ
2737 2427 2918 2487 τούτου
2954 2429 3200 2508 τέταρτον
3229 2434 3317 2490 ἐπὶ

1774 2507 1898 2566 δέκα
1929 2509 2150 2588 βασιλέα
2187 2509 2494 2588 γενόμενον,
2539 2503 2583 2591 ᾧ
2621 2512 2847 2590 τοῦνομα
2885 2517 3148 2575 Χαλδαῖον
3188 2509 3319 2575 εἶναι

1771 2596 2036 2673 λέγουσιν,
2061 2596 2165 2674 [ὃν]
2191 2620 2317 2677 φασι
2346 2597 2436 2654 καὶ
2464 2597 2754 2657 Βαὸυλῶνα
2779 2599 2872 2671 τὴν
2898 2605 3319 2679 ὀνομαστοτάτην

1771 2684 1920 2741 πόλιν
1967 2683 2084 2761 περὶ
2129 2684 2215 2740 τὸν
2275 2684 2551 2763 Εὐφράτην
2616 2687 2849 2760 ποταμὸν
2895 2692 3315 2760 κατασκευάσαι,

1773 2770 2006 2835 ἅπαντας
2025 2771 2094 2835 είς
2111 2769 2269 2827 ταύτὸ
2295 2771 2649 2848 συναγαγόντα
2672 2768 2787 2838 τοὺς
2808 2773 3156 2849 καλουμένους
3175 2778 3319 2836 Χαλ-

1774 2855 1963 2921 δαίους.
1996 2882 2020 2907 ι
2062 2855 2285 2932 Δι’γεται
2329 2856 2417 2914 καὶ
2450 2857 2693 2918 Χαλδαία
2736 2856 2906 2938 χώρα.
2955 2862 3079 2921 Εἰσὶ
3125 2861 3180 2921 δὲ
3226 2865 3315 2920 καὶ

1772 2945 2030 3003 Χαλδαῖοι
2057 2942 2195 3008 ἔθνος
2218 2943 2435 3013 πλησίον
2463 2948 2554 3014 τῆς
2579 2944 2846 3022 Κολχίδος.

1850 3029 2046 3088 τούτων
2086 3028 2177 3107 δὲ]
2206 3032 2284 3087 sic
2309 3033 2505 3109 scripsi
2532 3051 2640 3107 pro
2667 3052 2760 3107 vg.
2804 3031 2969 3111 τούτῳ
2993 3031 3048 3091 δὲ
3076 3055 3143 3092 ex
3174 3057 3318 3093 con-

1767 3118 1985 3191 jectura
2021 3120 2183 3174 Neuii
2226 3137 2318 3192 ap.
2362 3120 2781 3175 Buttmannum.
2826 3122 3090 3196 Stephani
3130 3124 3318 3180 locum

1775 3207 2061 3279 exscripsit
2101 3206 2416 3260 Eustathius
2457 3206 2530 3261 ad
2574 3209 2807 3280 Dionys.
2858 3208 3002 3279 767,
3035 3212 3108 3265 ita
3137 3223 3322 3268 tamen

1773 3304 1837 3347 ut
1879 3292 2190 3348 Dicaearchi
2229 3293 2575 3348 mentionem
2603 3295 2714 3349 alio
2745 3296 2947 3351 trahat.
2980 3299 3064 3351 lta
3090 3298 3263 3354 habet
3301 3319 3317 3354 ε

1777 3379 1827 3436 T
1830 3375 1915 3441 οὺς
1942 3377 1996 3433 δὲ
2025 3379 2190 3433 ἐκεῖσε
2223 3378 2315 3453 (in
2334 3380 2625 3452 Armenia)
2658 3380 2894 3445 Χάλδους
2921 3381 3161 3457 λέγεσθαι
3198 3384 3319 3440 ἐπι-

1773 3470 1954 3541 κρατεῖ
1985 3466 2018 3531 ἡ
2057 3461 2297 3532 συνήθεια
2327 3463 2678 3535 δισυλλάὸως,
2716 3467 2774 3522 οὗ
2819 3466 3130 3533 Χαλδαίους.
3162 3470 3318 3525 Χαλ-

1776 3550 1910 3606 δαῖοι
1933 3544 2036 3628 γὰρ
2075 3548 2430 3627 τρισυλλάὸως
2457 3553 2503 3608 οἱ
2542 3549 2668 3608 ποτὲ
2706 3549 2799 3626 μὲν
2827 3554 3096 3628 Κηφῆνες,
3132 3553 3236 3610 άπὸ
3264 3552 3318 3611 δὲ
3419 3579 3426 3587 ·

1778 3635 2017 3715 Περσίως
2041 3635 2244 3713 Πέρσαι
2259 3658 2272 3671 ·
2296 3637 2554 3695 Χαλδαῖοι
2583 3636 2851 3706 κληθέντες
2880 3637 2984 3695 ἀπό
3010 3660 3143 3703 τινος
3166 3641 3319 3698 Χαλ-

1775 3722 1946 3793 δαίου,
1970 3721 2025 3779 ὅν
2055 3743 2181 3802 φασι
2203 3722 2447 3802 τέταρτον
2468 3724 2553 3782 ἐπὶ
2581 3723 2704 3782 δίκα
2727 3723 2921 3801 [ἤγουν
2944 3744 3319 3805 τεσσαρεσκαι·

1776 3809 2026 3897 δέκατον]
2074 3808 2292 3888 βασιλέα
2335 3809 2468 3887 μετὰ
2500 3808 2659 3871 Νίνον
2688 3810 2961 3887 γινόμενον
3003 3811 3096 3883 τὴν
3145 3812 3320 3872 8262,-

1776 3900 1915 3955 λῶνα
1934 3897 2125 3955 οἰκίσαι
2142 3940 2159 3968 ,
2185 3895 2274 3954 καὶ
2293 3895 2409 3963 τοὺς
2423 3896 2767 3977 συναχθέντας
2785 3896 3004 3956 καλέσαι
3025 3901 3115 3978 ἀφ’
3133 3903 3320 3959 ἑαυτοῦ

1777 3983 2088 4050 Χαλδαίους.
2127 3984 2379 4059 Λέγονται
2417 3985 2593 4060 μέντοι
2634 3985 2778 4064 παρά
2805 4008 2955 4042 τινων
2995 3985 3087 4042 καὶ
3127 3990 3320 4066 οἱπερὶ

1774 4069 1867 4141 τὴν
1912 4072 2147 4150 Κολχίδα
2184 4073 2415 4141 Χάλδοι,
2448 4073 2704 4132 Χαλδαῖοι
2747 4071 3134 4151 τρισυλλάὸως,
3184 4073 3318 4131 κατὰ

1776 4159 2117 4236 Δικαίαρχον.
2148 4162 2216 4215 In
2256 4162 2459 4234 quibus
2487 4161 2767 4216 diversum
2797 4180 2828 4215 a
2860 4175 3052 4216 nostro
3081 4163 3320 4236 Stepha-

1776 4268 1911 4305 num
1948 4260 2205 4304 tractasse
2257 4249 2573 4304 Eustathius
2616 4248 2796 4303 videri
2839 4249 3038 4321 possit,
3089 4261 3320 4305 notante

1778 4334 2158 4407 BernhardyO.
2191 4336 2309 4407 Ego
2329 4345 2513 4389 tamen
2541 4335 2879 4407 negaverim.
2906 4335 3134 4389 Rectius
3163 4336 3204 4390 F
3206 4336 3319 4390 uh·-

1775 4424 1891 4475 rius
1929 4440 1990 4494 p.
2049 4439 2156 4474 100
2207 4422 2281 4473 ita
2315 4438 2329 4476 :
2369 4446 2392 4469 o«
2437 4420 2620 4475 Verba
2663 4417 2798 4476 κατὰ
2830 4419 3147 4497 Δικαίαρχον
3191 4436 3320 4477 ante

1774 4501 2010 4580 λέγονται
2055 4506 2363 4572 collocare,
2398 4507 2484 4560 vel
2514 4507 2680 4560 etiam
2731 4525 2827 4561 sua
2855 4507 2987 4562 sede
3022 4511 3322 4565 retinentes

1775 4604 1902 4648 ante
1927 4610 1989 4646 ea
2031 4593 2428 4665 interpungere
2452 4610 2741 4666 possumus
2768 4595 2842 4648 ita
2875 4605 2938 4648 ut
2977 4596 3318 4663 Eustathius,

1777 4679 1933 4752 quod
1967 4695 2135 4751 supra
2170 4679 2469 4748 omisisset,
2497 4668 2772 4750 adJecisse'
2786 4682 3079 4755 cogitetur,
3104 4701 3168 4738 ea
3192 4682 3322 4737 dico

1778 4871 1913 4907 mum
1930 4861 2157 4920 quartum
2189 4870 2373 4919 regem.
2393 4857 2469 4906 cui
2490 4858 2698 4907 Chaldaei
2732 4873 2906 4908 nomen
2941 4860 3084 4909 ruisse
3121 4860 3321 4920 dicunt,

1780 4935 2099 4997 Babylonem,
2127 4933 2297 4983 urbem
2324 4933 2660 4996 clarissimam,
2693 4934 2754 4983 sd
2793 4936 3084 4997 Euphratem
3119 4937 3321 4987 nuvium

1778 5014 2126 5073 construxisse,
2158 5013 2452 5075 congregatis
2469 5013 2635 5062 eodem
2653 5014 2877 5063 omnibus
2894 5013 2976 5076 qui
3000 5014 3065 5065 ab
3097 5029 3212 5079 reue
3232 5018 3324 5066 illo

1778 5092 1988 5144 Chaldaei
2001 5094 2249 5141 vocantur.
2271 5110 2294 5134 υ
2310 5090 2463 5139 Etiam
2483 5090 2611 5151 tegio
2622 5103 2788 5139 eorum
2800 5091 3021 5141 Chaldaea
3038 5092 3319 5154 appellatur.

189 5173 483 5230 wssnominem
516 5175 606 5225 sibi
625 5176 788 5225 urbem
819 5175 988 5225 incolis
1022 5176 1361 5237 frequentasse.
1390 5172 1458 5222 Ab
1484 5186 1541 5222 eo
1558 5172 1687 5222 deci·
1779 5172 1901 5220 Sunt
1919 5183 2036 5218 vero
2064 5168 2207 5216 etiam
2229 5165 2443 5218 cualdaei
2466 5166 2669 5230 populus
2683 5167 2900 5216 colchidi
2916 5168 3113 5217 vicinus.
