3900 6042
499 487 655 535 xvm
1272 463 1371 520 ΕΚ
1414 463 1565 519 ΤΗΣ
1613 459 1970 519 {troium
2015 455 2381 515 ΔΙΟΔΩΡΟΥ
2425 450 2907 511 ΣΙΚΕΛΙΩΪΟΥ.

500 596 561 674 ἦν
614 599 672 658 τὸ
719 595 810 671 μὲν
841 593 981 672 γένος
1010 591 1305 656 Boua-»vete
1342 593 1435 667 (ο),
1485 589 1689 666 ἀξίωμα
1718 590 1770 647 δὲ
1811 590 2050 665 μέγιστον
2145 595 2391 653 bonensis,
2410 594 2533 643 inter
2552 592 2755 653 regionis
2780 590 2922 652 hujus
2938 590 3116 639 incolas
3129 601 3313 651 magnae
3335 590 3409 637 vir
3430 590 3708 639 minuam

504 692 638 766 ἔχων
663 688 764 742 τῶν
794 679 913 759 περὶ
941 680 1056 744 τθὺς
1085 678 1271 745 τόπους
1310 677 1515 744 τούτους
1547 674 1942 742 κατοικούντωνι
1969 674 2053 731 διά
2143 707 2241 764 nis,
2257 708 2449 766 propter
2463 703 2668 751 nominis
2686 701 3009 751 celebritatem
3028 700 3127 748 dux
3147 700 3385 749 exercitus
3403 702 3600 748 creatus
3618 704 3707 748 est.

502 800 556 834 τε
585 776 678 844 τὴν
708 770 1005 849 ἐπιφάνειαν
1037 764 1322 845 στρατηγὸς
1345 765 1662 845 αἱρούμενος.
1695 765 1825 823 Ἐπὶ
1852 762 1984 821 πολὺ
2002 762 2054 820 δὲ

504 863 718 941 ἰσχύων,
747 854 1199 934 σωματοφύλακας
1224 853 1346 932 ἔσχε
1371 853 1458 911 καὶ
1482 856 1710 932 φανερῶς
1733 851 1912 910 ἑαυτὸν
1938 849 2058 907 ἀνέ-

507 949 635 1016 δειξε
658 947 925 1025 τύραννον.
966 940 1118 1001 Μετὰ
1147 939 1200 998 δέ
1228 963 1370 1006 τινας
1398 939 1609 1019 χρόνους
1655 938 1870 1019 ἀδελφὸς
1900 939 2058 995 αὐτοῦ

508 1034 707 1111 Σεμίας
739 1035 802 1110 (a)
821 1078 835 1103 ,
861 1030 1094 1089 σπεύδων
1125 1031 1193 1092 εἷς
1222 1027 1404 1084 ἑαυτὸν
1444 1029 1754 1103 περιστῆσαι
1788 1023 1883 1093 τὴν
1904 1024 2055 1080 δυνα·

511 1122 709 1193 στείαν,
754 1118 844 1178 καὶ
876 1116 1268 1191 πιστευόμενος,
1296 1117 1366 1180 ὡς
1401 1112 1465 1171 ἂν
1495 1111 1735 1191 ἀδελφὸς,
1763 1112 1931 1168 ἀνεῖλε
1974 1108 2058 1166 τὸν

512 1209 791 1278 Μοκέλτην
841 1201 1288 1281 (Μολκέστηνῗ),
1328 1200 1419 1259 καὶ
1454 1199 1549 1270 τὴν
1584 1198 1857 1277 τυραννίδα
1900 1194 2063 1254 διεδέ-

511 1298 653 1364 ξατο.
707 1299 777 1354 Oi
826 1292 880 1350 δὲ
918 1291 1022 1349 υἱοὶ
1057 1296 1149 1348 τοῦ
1177 1287 1491 1370 σφαγέντος,
1522 1286 1814 1350 ἀντίπαιδες
1858 1283 1933 1342 ἔτι
1967 1281 2064 1352 τὴν

511 1383 719 1452 ἡλικίαν
746 1380 912 1451 ὄντες,
936 1378 1038 1437 ὑπό
1059 1400 1192 1444 τινος
1220 1380 1494 1452 συγγενοῦς
1522 1373 1838 1451 ἀπήχθησαν
1867 1373 1938 1435 εἷς
1969 1369 2066 1440 τὴν

510 1468 819 1544 Τερμησσὸν
864 1467 930 1540 (4)
962 1462 1237 1542 λαθραίως.
1269 1462 1362 1523 Ἐν
1389 1459 1554 1537 ταύτῃ
1584 1461 1638 1518 δὲ
1661 1458 1936 1539 τραφέντες
1977 1455 2066 1515 καὶ

512 1554 805 1634 γενηθέντες
840 1553 1067 1623 ἑνήλικοι
1103 1550 1189 1607 τόν
1224 1572 1280 1607 τε
1321 1551 1562 1628 πατρῷον
1599 1546 1750 1628 φόνον
1787 1548 2064 1623 μετῆλθον,

517 1642 607 1700 καὶ
620 1641 706 1700 τὸν
737 1638 981 1720 τύραννον
1019 1637 1283 1703 ἀνελόντες
1304 1633 1627 1695 δυναστεύειν
1655 1635 1713 1692 οὗ
1742 1632 2068 1713 προείλοντο,

515 1734 580 1805 τῇ
615 1727 669 1786 δὲ
697 1727 909 1805 πατρίδι
936 1725 1031 1795 τὴν
1052 1725 1405 1805 δημοκρατίαν
1436 1721 1888 1792 ἀπεκατέστησαν.

598 1817 800 1875 xxtlt.
844 1812 971 1873 εὈτι
996 1812 1292 1883 Γαλαίστης
1317 1835 1419 1882 τις,
1439 1810 1667 1884 Ἀθαμᾶν
1698 1807 1756 1866 τὸ
1777 1807 1945 1884 γένος,
1966 1805 2071 1872 υἱὸς

514 1902 569 1960 δὲ
591 1899 938 1978 Ἀμυνάνδρου
982 1904 1068 1955 τοῦ
1102 1893 1529 1975 βεὸασιλευκότος
1570 1894 1899 1971 Ἀθαμάνων,
1930 1892 2068 1970 γένει

519 1990 608 2047 καὶ
650 1986 861 2065 πλούτῳ
904 1985 994 2043 καὶ
1040 1983 1161 2062 δόξῃ
1213 1983 1345 2042 πολὺ
1385 1983 1622 2063 προέχων
1656 1986 1757 2040 τῶν
1797 1984 2071 2058 ὁμοεθνῶν,

519 2077 720 2152 ἐγένετο
748 2075 890 2152 φίλος
925 2070 1254 2147 Πτολεμαίου
1275 2076 1364 2129 τοῦ
1401 2069 1764 2149 Φιλομήτορος
1784 2088 1796 2100 ·
1843 2072 1894 2127 ἐν
1926 2068 1980 2126 δὲ
2007 2073 2071 2148 τῇ

517 2161 642 2240 πρὸς
670 2159 968 2237 Δημήτριον
994 2157 1143 2237 μάχῃ
1177 2157 1237 2235 (1)
1261 2161 1363 2215 τῶν
1387 2157 1652 2233 δυνάμεων
1676 2160 1776 2214 τῶν
1808 2155 1910 2213 ἀπὸ
1940 2155 2076 2213 Ἀλε-

521 2246 782 2325 ξανδρείας
825 2245 1036 2323 ἡγεμὼν
1083 2246 1323 2322 ἐγεγόνει.
1404 2237 1573 2310 Οὗτος
1619 2244 1752 2319 μετὰ
1788 2242 1881 2314 τὴν
1908 2235 2075 2313 ἧτταν

523 2335 614 2393 καὶ
637 2333 880 2403 τελευτὴν
918 2334 1252 2409 Πτολεμαίου
1281 2332 1440 2391 ἐλθὼν
1472 2335 1542 2398 εἰς
1576 2330 1819 2396 διαὸολὰς
1841 2331 2071 2410 ψευδεῖς,

522 2426 595 2487 ὥς
635 2420 879 2486 ἑκουσίως
923 2428 1029 2485 τοῖς
1072 2421 1337 2497 πολεμίοις
1376 2418 1796 2495 καταπροέμενος
1836 2417 1903 2476 τὰ
1938 2418 2077 2496 πρά-

520 2531 719 2587 γματα,
740 2506 830 2565 καὶ
852 2512 943 2564 τοῦ
964 2507 1328 2582 διαδεξαμένου
1345 2506 1436 2577 τὴν
1459 2506 1728 2586 βασιλείαν
1748 2505 2078 2581 Πτολεμαίου

524 2596 617 2661 τὰς
645 2595 839 2673 δωρεὰς
867 2594 1183 2674 ἀφελομένου
1211 2595 1300 2655 καὶ
1324 2596 1568 2673 χαλεπῶς
1596 2593 1920 2667 διακειμένου
1954 2593 2079 2673 πρὸς

526 2681 700 2754 αὐτὸν,
725 2682 966 2762 φοὸηθεὶς
1005 2683 1346 2763 ἀπεχώρησεν
1376 2685 1446 2748 εἷς
1467 2681 1562 2752 τὴν
1592 2680 1843 2743 Ἑλλάδα.
1874 2680 2078 2739 Ἐκπε-

525 2771 719 2829 σόντων
748 2768 801 2827 δὲ
830 2768 919 2826 καὶ
944 2768 1115 2826 ἄλλων
1141 2772 1349 2828 πολλῶν
1379 2771 1438 2827 ἐκ
1467 2774 1554 2841 τῆς
1583 2767 1845 2846 Αἰγύπτου
1876 2767 1961 2825 διὰ
1985 2768 2078 2837 τὴν

524 2857 651 2935 πρὸς
671 2855 788 2922 τοὺς
819 2855 1259 2935 ὀψωνιαζομένους
1284 2856 1603 2935 στρατιώτας
1619 2857 1826 2927 στάσιν,
1857 2855 2080 2912 οἷνέλαὸε

521 2943 639 3010 τοὺς
668 2942 919 3023 φυγάδας.
950 2942 1141 3013 Φήσας
1166 2942 1218 3000 δὲ
1252 2945 1305 3000 ἐν
1341 2942 1762 3022 παρακαταθήκῃ
1789 2941 1874 2999 τὸν
1924 2944 2080 3019 βασι-

524 3030 617 3088 λέα
644 3032 968 3104 Πτολεμαῖον
991 3028 1076 3086 τὸν
1107 3028 1452 3108 Φιλομήτορα
1475 3027 1749 3086 δεδωκέναι
1771 3028 1980 3086 παιδίον
2013 3032 2074 3104 (2)

527 3120 669 3194 αὐτῷ
711 3114 916 3193 τρέφειν
947 3118 1005 3172 ἐκ
1041 3119 1131 3185 τῆς
1177 3115 1518 3193 Κλεοπάτρας
1552 3115 1638 3172 ἐπὶ
1684 3114 1921 3192 βασιλείᾳ
1943 3160 1961 3192 ,
1989 3118 2080 3172 καὶ

526 3201 694 3280 τούτῳ
723 3202 954 3276 διάδημα
977 3201 1198 3281 περιθεὶς
1215 3242 1230 3272 ,
1254 3201 1344 3261 καὶ
1369 3199 1752 3277 συναγωνιστὰς
1788 3199 1922 3279 ἔχων
1950 3204 2081 3258 πολ-

2143 816 2270 862 Tum
2289 826 2401 861 vero
2418 812 2597 862 viribus
2620 812 2902 875 praepollens
2916 811 3137 860 custodes
3159 810 3372 871 corporis
3389 809 3651 871 assumpsit
3664 810 3712 856 ct

2148 928 2306 991 palam
2330 941 2382 977 se
2407 931 2664 989 tyrannum
2689 927 2966 976 exhibebat.
3034 925 3130 975 Sed
3159 924 3290 973 haud
3325 924 3395 973 ita
3416 924 3581 973 multo
3607 926 3716 985 post

2150 1044 2296 1093 frater
2310 1044 2413 1104 eius
2434 1042 2613 1093 Semias
2627 1042 2676 1090 in
2699 1055 2750 1091 se
2763 1039 3020 1090 transferre
3034 1040 3354 1102 principatum
3369 1039 3577 1087 moliens
3589 1075 3605 1098 ,
3622 1038 3716 1086 tide

2150 1170 2296 1221 quam
2315 1158 2450 1208 tratri
2469 1159 2612 1208 frater
2632 1157 2855 1216 habebat,
2875 1155 3050 1204 abusus
3075 1154 3350 1205 Molcestem
3370 1153 3550 1202 occidit
3568 1153 3620 1201 et
3639 1154 3719 1213 ty·

2151 1269 2350 1319 rannide
2382 1268 2561 1330 potitus
2578 1270 2662 1317 est.
2727 1268 2791 1315 At
2825 1265 2907 1315 tilii
2939 1265 3209 1325 Motcestoe,
3247 1262 3483 1326 puerilem
3519 1264 3720 1313 nitatem

2153 1380 2368 1429 nondum
2391 1379 2591 1441 egressi,
2623 1389 2652 1427 a
2674 1381 2878 1439 cognato
2903 1377 3113 1440 quodam
3140 1378 3265 1427 clam
3292 1378 3605 1426 ’rennessnm
3632 1374 3720 1422 ab·

2153 1488 2288 1538 ducti
2310 1490 2435 1538 sunt.
2499 1486 2572 1536 lbi
2602 1485 2791 1537 educati
2820 1489 3071 1559 postquam
3098 1486 3440 1546 adoleverant,
3463 1484 3725 1534 redeuntes

2156 1602 2338 1652 coedem
2367 1605 2614 1665 paternam
2639 1601 2728 1651 ulti
2759 1603 2872 1650 sunt
2903 1613 3023 1650 nece
3050 1599 3268 1673 tyranni4
3302 1611 3360 1649 ac
3395 1599 3726 1662 principatum

2158 1720 2432 1769 recusantes
2450 1717 2705 1780 imperium
2725 1715 2956 1778 populare
2973 1715 3140 1776 patriae
3157 1713 3483 1763 reddiderunt.

2223 1809 2397 1857 xxllt.
2445 1805 2704 1863 Gataestes,
2743 1804 3011 1865 Athaman,
3058 1801 3352 1864 Amynandri
3393 1802 3730 1851 Athamanum

2160 1914 2283 1975 regis
2311 1912 2466 1973 tilius,
2499 1922 2670 1974 genere
2686 1948 2700 1972 ,
2721 1908 2898 1959 divitiis
2924 1922 2981 1958 ac
3009 1909 3217 1958 nominis
3242 1907 3458 1956 claritate
3491 1907 3625 1956 inter
3646 1920 3734 1969 po·

2162 2017 2353 2080 putares
2369 2014 2562 2077 insignis
2575 2050 2589 2074 ,
2609 2012 2854 2063 familiaris
2879 2012 3036 2062 mei-at
3057 2011 3302 2061 Ptolemaei
3320 2010 3665 2060 Philometoris
3687 2016 3736 2058 et

2163 2126 2210 2175 in
2243 2125 2410 2188 proelio
2450 2127 2620 2173 contra
2660 2122 2954 2172 Demetrium
2991 2120 3246 2171 commisso
3292 2118 3734 2170 Alexandrinorum

2163 2246 2332 2296 agmen
2362 2232 2587 2283 duxerat.
2651 2234 2698 2281 ls
2725 2236 2835 2293 post
2860 2229 3047 2280 cladem
3066 2232 3118 2280 et
3138 2230 3328 2279 obitum
3363 2228 3620 2278 Ptobmaei
3655 2242 3738 2276 ca·

2165 2345 2456 2393 tumniarum
2479 2340 2738 2391 mendaciis
2764 2341 3121 2390 circumventus
3144 2340 3232 2389 est.
3263 2337 3498 2388 Dicebant
3529 2350 3649 2386 eum
3681 2336 3742 2385 de

2166 2453 2397 2502 industria
2414 2465 2489 2502 res
2505 2450 2632 2501 elabi
2648 2449 2735 2499 sibi
2748 2462 2951 2525 ,passum
2977 2446 3192 2498 hostibus
3223 2445 3502 2509 prodidisse.
3575 2450 3744 2504 Quare

2169 2524 2455 2610 Ptolemaeus
2485 2554 2795 2619 (Physcon),
2821 2555 2980 2604 fratris
3001 2554 3048 2602 in
3077 2565 3220 2615 regno
3252 2565 3516 2612 successor,
3538 2551 3678 2601 dona
3701 2552 3744 2600 ci

2168 2662 2371 2725 ademit,
2392 2674 2450 2710 ac
2477 2662 2678 2724 pessime
2694 2662 2743 2709 in
2770 2672 2882 2708 eum
2910 2658 3113 2708 attactus
3131 2657 3253 2706 erat.
3318 2658 3484 2718 ltaque
3513 2659 3748 2705 metuens

2168 2766 2256 2814 sibi
2279 2766 2509 2815 Galaestes
2526 2764 2574 2813 in
2602 2763 2839 2813 Graeciam
2866 2763 3016 2823 abiit,
3041 2762 3126 2811 ubi
3147 2762 3265 2811 alios
3283 2761 3463 2811 multos
3485 2762 3574 2823 qui
3610 2761 3746 2811 sedi-

2170 2872 2300 2920 tione
2323 2870 2490 2919 contra
2513 2870 2689 2918 milites
2712 2868 3022 2930 stipendiatus
3043 2866 3170 2916 tacta
3187 2869 3391 2929 AEgypto
3415 2866 3542 2929 pulsi
3572 2870 3718 2916 erant
3732 2904 3747 2926 ‚

2172 2974 2365 3035 recepit.
2432 2975 2492 3022 Et
2534 2974 2843 3023 Ptolemaeum
2885 2950 3256 3022 philometorem
3303 2970 3467 3021 dicens
3504 2971 3750 3021 custodiae

2172 3091 2273 3127 suae
2297 3078 2587 3127 commisisse
2608 3079 2866 3140 puerulum
2894 3090 2923 3127 e
2944 3078 3200 3139 Cleopatra
3231 3078 3398 3125 natum
3415 3112 3430 3137 ‚
3450 3088 3602 3137 quem
3625 3075 3752 3124 edn-

2171 3185 2301 3231 caret
2324 3184 2374 3231 et
2408 3181 2470 3231 ad
2497 3195 2697 3244 reguum
2728 3181 2976 3242 eveheret,
3011 3180 3233 3230 diadema
3260 3178 3376 3228 huic
3407 3179 3670 3240 imposuit,
3695 3181 3750 3227 et

528 3288 649 3354 λοὺς
664 3289 914 3369 φυγάδας,
927 3289 1343 3367 παρεσκευάζετο
1355 3288 1599 3365 κατάγειν
1619 3287 1812 3357 &vtis->12
1827 3284 2082 3365 πατρῴαν
2175 3299 2349 3348 mmo
2368 3286 2566 3334 mmmm
2584 3297 2786 3333 numm)
2811 3283 3006 3346 adiutus
3029 3284 3080 3333 ³¹¹
3101 3296 3299 3345 ‘egnum
3324 3284 3580 3346 visternum
3603 3282 3752 3333 ‘⁶⁶¹¹‘

531 3379 800 3455 βασιλείαν
828 3374 913 3434 τὸν
943 3376 1128 3434 παῖδα.
2174 3403 2284 3439 cere
2313 3389 2546 3438 tentabat.

529 3561 782 3616 Μοκὲλτης.
804 3586 867 3596 -
888 3566 933 3608 2.
962 3560 1228 3609 Βουὸωνε
1243 3559 1338 3623 ὺς]
1359 3561 1433 3609 Cf.
1455 3562 1678 3624 stephan.
1707 3564 1820 3622 Byz.
1846 3580 1857 3609 ε
1882 3562 1992 3610 Βου
2007 3561 2146 3619 ὅὼν,
2170 3559 2299 3615 πόλις
2320 3558 2512 3613 Λυκίας.
2543 3558 2734 3607 Βουδὼν
2753 3558 2938 3622 γὰρκαὶ
2957 3558 3200 3620 meum
3215 3593 3229 3618 ,
3249 3558 3406 3613 πόλεις
3430 3557 3631 3617 Λυκίας,
3651 3557 3756 3606 ἀπὸ

530 3629 795 3693 Ιῐαλδούρου
821 3630 898 3678 καὶ
920 3630 1161 3687 Βουὸὥνος
1180 3647 1192 3660 ·
1214 3630 1342 3679 οὗτοι
1364 3628 1412 3679 δὲ
1427 3631 1591 3693 λῃσταὶ
1611 3632 1763 3687 πόλεις
1786 3631 1974 3680 ἔκτισαν
1993 3631 2280 3692 ὁμωνύμους.
2299 3630 2356 3677 ‘0
2371 3630 2557 3686 πολίτης
2572 3629 2735 3690 ὤφειλε
2760 3630 3038 3685 Βουὸώνιος·
3055 3630 3233 3693 εἱρηται
3247 3629 3295 3676 δὲ
3311 3628 3578 3684 Βουὸωνεύς
3598 3641 3611 3652 ·
3632 3628 3754 3690 χαί-

526 3716 657 3761 ρουσι
672 3700 760 3758 γὰρ
779 3702 821 3748 ot
838 3699 1002 3748 Λύκιοι
1021 3702 1088 3761 τῷ
1107 3701 1254 3761 τύπῳ.
1274 3698 1518 3749 Bubonem
1539 3702 1704 3749 urbem
1722 3702 1768 3748 in
1790 3703 1944 3762 Lyciae
1967 3700 2195 3761 Eparchia
2213 3702 2448 3749 memorat
2465 3700 2607 3748 etiam
2627 3700 2867 3748 Hierocles
2879 3700 3163 3762 synecdem.
3184 3714 3232 3761 p.
3253 3705 3372 3761 395,
3389 3705 3448 3747 25
3467 3699 3653 3749 intom.
3683 3701 3754 3747 m

528 3772 779 3817 Constant.
803 3769 1032 3831 Porphyr.
1051 3769 1130 3819 ed.
1148 3771 1329 3829 Bonn.;
1354 3769 1533 3820 Plinius
1554 3774 1921 3832 xxxv,i7,57;
1944 3771 2232 3820 Ptolemaeus
2251 3772 2311 3829 V,
2334 3775 2378 3817 3.
2399 3768 2529 3818 Situs
2547 3768 2679 3817 urbis
2697 3769 2911 3831 ignotus;
2930 3773 3057 3834 patet
3070 3774 3232 3819 tamen
3252 3783 3312 3817 ex
3331 3770 3496 3817 nostro
3511 3769 3644 3827 loco,
3668 3769 3756 3817 ubi

531 3839 716 3889 Pisidiae
737 3839 853 3888 urbs
869 3839 1172 3897 adscribitur,
1194 3841 1240 3888 in
1260 3840 1478 3889 confiniis
1492 3844 1651 3903 Lyciae
1673 3845 1723 3890 et
1742 3841 1926 3891 Pisidiae
1945 3854 2045 3889 esse
2064 3836 2346 3902 ponendam.
2372 3867 2429 3880 —
2447 3845 2492 3887 3.
2514 3839 2652 3900 Σεμί
2668 3855 2729 3893 ας
2747 3837 2764 3900 ]
2785 3841 2944 3888 Fuerit
2958 3840 3134 3901 Σημίας
3151 3840 3226 3888 vel
3240 3839 3454 3900 Σιμμίας.
3468 3864 3532 3874 --
3551 3841 3599 3886 4.
3613 3841 3756 3901 Τερ·

528 3910 794 3971 μησσὸν]
815 3911 1057 3971 Τέρμησον
1078 3909 1252 3960 codex·
1278 3910 1402 3959 iliud
1422 3913 1568 3961 etiam
1594 3912 1809 3962 Dindors.
1829 3913 1874 3961 in
1898 3912 2093 3961 Diodor.
2117 3912 2299 3968 lett,
2321 3912 2409 3969 4⁰,
2433 3916 2476 3958 3.
2503 3912 2579 3968 47,
2606 3915 2633 3957 3
2665 3923 2726 3957 ex
2747 3909 2988 3957 nonnullis
3005 3909 3138 3958 libris
3163 3910 3358 3971 recepit.
3377 3903 3752 3958 Pturimitodd

526 3979 784 4039 ’1·ερμησὸν.
812 3979 888 4026 ct.
910 3977 972 4027 de
988 3978 1114 4026 varia
1136 3978 1341 4027 nominis
1356 3980 1591 4041 scriptura
1612 3982 1850 4043 Forbiger.
1873 3982 2047 4043 Geoyr.
2070 3984 2139 4039 11,
2162 3994 2210 4041 p.
2237 3984 2344 4028 ³28.
3375 4008 3384 4021 ·

588 4049 766 4122 ,ΧΧΙΙΙ-
794 4047 897 4096 Fut.
924 4052 1029 4106 183,
1057 4051 1134 4096 30.
1155 4060 1206 4095 υ.
1223 4076 1286 4088 -
1308 4051 1389 4096 184
1407 4056 1497 4106 ,14
1516 4063 1565 4099 r.
1588 4054 1656 4100 De
1677 4050 1984 4112 Amynandro
2002 4051 2320 4100 Athamanum
2341 4063 2451 4111 rege
2465 4049 2586 4099 benc
2602 4050 2790 4097 constat
2805 4063 2836 4098 e
2855 4049 3076 4112 Polybio.
3095 4048 3258 4107 Livio,
3275 4049 3397 4098 aliis.
3415 4048 3469 4097 Ei
3487 4049 3758 4098 calmetam

535 4115 685 4163 tilium
707 4114 851 4161 fuisse
869 4127 897 4162 e
923 4119 1087 4162 nostro
1111 4114 1216 4163 loco
1244 4114 1488 4167 discimus.
1518 4119 1668 4179 lpsius
1694 4120 1917 4168 Gatoestm
1936 4119 2114 4168 mentio
2134 4120 2187 4166 nt
2206 4119 2351 4167 ctiam
2384 4120 2434 4167 in
2456 4122 2569 4167 Exc.
2594 4122 2663 4168 De
2683 4120 2844 4169 virtut.
2866 4122 2882 4179 (
2904 4119 3097 4168 Diodor.
3127 4120 3329 4167 xxxiii
3346 4154 3360 4175 ,
3393 4118 3504 4179 24),
3527 4118 3612 4167 ubi
3629 4122 3760 4179 pou-

534 4198 679 4246 quam
699 4184 759 4233 de
779 4184 1021 4245 Physcone
1036 4184 1260 4232 omnibus
1277 4186 1426 4234 inviso
1444 4186 1645 4249 dictum,
1660 4189 1878 4238 additur:
1898 4191 1924 4238 ὀ
1942 4191 1991 4238 δὲ
2005 4190 2256 4251 στρατηγὸς
2277 4188 2418 4251 Ὶέραξ
2433 4189 2450 4249 (
2464 4188 2525 4238 de
2540 4189 2632 4237 hoc
2650 4190 2713 4237 ct'.
2733 4189 2968 4238 Posidonii
2988 4190 3048 4237 [r.
3070 4193 3094 4235 7
3109 4190 3126 4249 )
3141 4191 3190 4237 ἐν
3203 4194 3298 4241 τοῖς
3316 4189 3585 4249 πολεμικοῖς
3605 4190 3759 4247 ἔργοις

535 4256 801 4318 θαυμαστὸς
824 4258 948 4304 ὢν...
977 4256 1173 4317 συνέσχε
1196 4258 1279 4314 τὴν
1300 4262 1383 4305 τοῦ
1408 4260 1700 4321 Πτολεμαίου
1724 4260 1980 4322 βασιλείαν.
2001 4260 2180 4308 Τούτου
2198 4261 2288 4323 γὰρ
2306 4260 2621 4322 ἀπορουμένου
2640 4259 2907 4322 χρημάτων,
2929 4261 3119 4308 καὶτῶν
3137 4264 3434 4322 στρατιωτῶν
3459 4259 3760 4320 βουλομένων

536 4326 814 4405 ᾲφίστασθαι
835 4328 948 4389 πρὸς
968 4326 1298 4384 Γαλαίστην
1319 4327 1395 4375 διὰ
1418 4330 1472 4376 τὸ
1493 4331 1556 4389 μὴ
1575 4331 1841 4391 κομίζεσθαι
1862 4332 1969 4386 τοὺς
1994 4332 2181 4392 μισθοὺς
2200 4331 2254 4379 ἐκ
2275 4335 2354 4388 τῆς
2373 4330 2489 4385 ἰδίας
2513 4330 2673 4383 οὐσίας
2688 4366 2701 4388 ,
2722 4329 2989 4390 ὀψωνιάσας
3011 4332 3094 4386 τὴν
3116 4330 3326 4390 δύναμιν,
3349 4328 3656 4390 διωρθώσατο
3669 4331 3760 4386 τὴν

537 4398 646 4452 ὀλην
680 4396 954 4457 μεταὸολήν.
982 4399 1165 4445 Verum
1189 4410 1301 4458 quae
1322 4398 1371 4447 h.
1409 4399 1441 4447 l.
1475 4405 1729 4449 narrantur
1752 4404 1858 4462 post
1883 4414 1939 4449 ea
1964 4415 2075 4461 qum
2097 4405 2260 4450 nostro
2281 4403 2339 4452 fr.
2360 4400 2604 4460 leguntur,
2627 4400 2752 4449 sacta
2784 4412 2885 4448 esse
2905 4404 3009 4449 tum
3037 4400 3139 4462 ipsa
3163 4412 3238 4448 res
3259 4398 3457 4457 suadet,
3481 4402 3589 4446 tum
3610 4398 3762 4446 series

536 4469 904 4529 Excerptorum.
925 4470 1045 4517 Nam
1066 4467 1116 4515 in
1138 4469 1256 4517 Exc.
1284 4472 1354 4517 De
1371 4470 1485 4518 virt.
1507 4472 1745 4521 antecedit
1770 4474 1936 4534 fragm.
1965 4472 2026 4521 de
2048 4473 2292 4535 sepultura
2311 4471 2540 4531 Viriathi3
2571 4471 2618 4518 in
2646 4471 2819 4519 nostris
2844 4472 3061 4531 sequitur
3085 4472 3144 4519 fr.
3165 4469 3225 4520 de
3248 4470 3379 4518 caede
3398 4469 3616 4530 ejusdem
3637 4472 3654 4529 (
3673 4483 3758 4517 an.

541 4542 629 4587 140
653 4551 699 4590 a.
718 4542 776 4587 C.
792 4538 828 4596 ).
856 4538 1005 4598 igitur
1027 4537 1173 4586 series
1190 4541 1263 4586 est
1286 4558 1295 4586 :
1320 4539 1376 4589 t'r.
1396 4543 1527 4590 xxii
1547 4543 1608 4591 de
1626 4544 1831 4592 Gataeste
1850 4544 2055 4602 rebelle;
2080 4544 2137 4591 t'r.
2161 4544 2317 4591 ΧΧΙΙΙ
2336 4542 2397 4590 de
2418 4541 2550 4589 caede
2563 4541 2797 4603 Viriathi;
2818 4540 2902 4589 tib.
2925 4544 3126 4591 xxxttl
3146 4577 3160 4600 ,
3182 4554 3229 4589 c.
3251 4547 3310 4589 22
3329 4538 3391 4587 de
3408 4540 3660 4600 sepultura
3677 4540 3762 4587 Vi·

538 4610 706 4670 riathi3
726 4622 770 4657 c.
789 4617 848 4658 23
868 4609 929 4659 de
948 4609 1145 4659 Hierace
1163 4609 1450 4671 impediente
1473 4624 1533 4661 ne
1552 4615 1724 4663 milites
1742 4614 1800 4662 ad
1825 4615 2065 4662 Galaesten
2091 4613 2304 4673 (belluni
2330 4614 2496 4660 contra
2516 4624 2673 4672 regem
2696 4611 2800 4672 jam
2816 4611 3092 4671 gerentem)
3112 4612 3388 4660 deficerent.
3412 4612 3655 4659 Praeterea
3676 4622 3760 4672 pa-

536 4682 605 4728 tet
616 4683 776 4729 nostra
786 4680 1011 4729 accidisse
1024 4693 1120 4728 non
1137 4680 1202 4729 ita
1216 4681 1423 4731 muitum
1440 4686 1760 4744 postmortem
1779 4683 2140 4742 philometoris(
2163 4689 2177 4732 t
2195 4687 2247 4731 tit
2261 4684 2294 4743 ).
2315 4681 2445 4731 Adeo
2459 4683 2513 4730 ut
2528 4681 2732 4731 defectio
2747 4681 2970 4731 Galaestoe
2989 4682 3226 4742 pertinere
3241 4681 3461 4729 videatur
3478 4679 3542 4729 ad
3558 4693 3639 4728 an.
3654 4688 3668 4728 t
3683 4686 3757 4729 45.

536 4753 705 4809 ltaque
722 4750 997 4801 collocanda
1019 4753 1126 4812 post
1139 4750 1224 4800 tib.
1240 4754 1459 4813 xxxin,
1484 4766 1528 4803 c.
1544 4761 1595 4815 a,
1617 4756 1698 4805 nbi
1722 4770 1734 4802 t
1753 4757 1781 4803 ὁ
1806 4756 2148 4816 Πτολεμαῖος...
2169 4755 2216 4809 ἐξ
2230 4752 2539 4815 ἀνομημάτων
2553 4755 2719 4815 ἤρξατο
2738 4752 2952 4815 μεγάλων
2971 4754 3158 4801 διοικεῖν
3175 4753 3236 4800 τὰ
3255 4754 3378 4801 κατὰ
3393 4754 3478 4809 τὴν
3493 4751 3756 4813 βασιλείαν.

534 4820 739 4875 Πολλοὺς
761 4820 843 4881 μὲν
856 4820 945 4882 γὰρ
959 4822 1060 4868 κτλ.
1079 4824 1298 4877 Quorum
1312 4823 1586 4883 exemptum
1606 4825 1750 4873 etiam
1768 4827 1930 4873 nostra
1947 4827 2102 4873 erant.
2123 4831 2232 4872 -ι.
2254 4825 2390 4884 πρὸς
2411 4825 2487 4878 Δη
2500 4823 2574 4884 μή
2587 4838 2739 4884 τριον
2770 4822 2927 4885 μάχῃ
2942 4820 2961 4884 ]
2979 4825 3078 4871 Hoc
3093 4822 3401 4884 negligentius
3418 4822 3623 4871 dictum.
3649 4825 3760 4870 Pro·

535 4891 688 4938 sectus
701 4902 815 4937 sane
830 4890 1121 4941 Philometor
1132 4893 1207 4940 est
1227 4893 1515 4953 eocansitio,
1533 4898 1587 4943 ut
1604 4907 1691 4956 pro
1707 4894 1981 4945 Alexandro
1996 4896 2162 4943 contra
2180 4892 2476 4941 Demetrium
2497 4893 2747 4953 pugnaret,
2763 4906 2952 4953 verum,
2974 4895 3030 4941 ut
3050 4905 3195 4953 supra
3211 4906 3273 4940 ex
3295 4891 3503 4942 Diodoro
3527 4891 3756 4947 vidimus,

537 4959 742 5007 imitavit
769 4970 851 5007 rex
871 4960 1182 5018 senteutiam.
1206 4964 1383 5011 etcum
1412 4964 1656 5013 Demetrio
1670 4966 1836 5012 contra
1859 4962 2183 5013 Alexandrum
2212 4962 2467 5023 pugnavit5
2492 4974 2590 5022 quo
2614 4962 2781 5023 proelio
2807 4963 3086 5012 vulneratus
3113 4963 3279 5024 paucis
3304 4962 3475 5011 diebus
3493 4966 3605 5024 post
3623 4976 3757 5011 mor-

535 5033 650 5076 tuus
667 5030 755 5108 est:
779 5030 943 5090 Neque
962 5028 1169 5090 denique
1186 5029 1323 5080 clade
1339 5030 1571 5091 affectus,
1592 5032 1674 5081 sed
1698 5033 1897 5082 victoria
1916 5035 2097 5095 potitus
2112 5036 2201 5081 est.
2234 5034 2451 5081 Fortasse
2473 5033 2634 5079 tamen
2657 5044 2824 5093 agmen
2842 5032 2973 5094 quod
2993 5033 3226 5082 Galaestoe
3242 5032 3450 5081 duxerat
3470 5032 3758 5081 Alexandri-

534 5110 726 5178 norum,
743 5098 937 5146 inferius
954 5098 1127 5147 suerat.
1150 5124 1212 5140 -
1226 5107 1271 5150 2.
1296 5101 1536 5150 παιδίον
1554 5100 1570 5163 ]
1594 5102 1867 5164 Secundmn
1882 5105 2125 5151 sustinum
2143 5105 2416 5161 xxxviii,
2437 5106 2464 5151 8
2493 5103 2780 5152 Ptolemaeus
2800 5104 3094 5154 Philometor
3109 5104 3317 5154 moriens
3334 5103 3489 5153 tilium
3505 5104 3764 5166 parvulum

535 5167 750 5227 reliquit,
770 5181 915 5228 quem
943 5169 1158 5228 Physcon
1185 5170 1338 5231 primo
1355 5173 1516 5219 statim
1547 5171 1673 5231 regni
1698 5184 1824 5220 anno
1845 5173 1905 5221 de
1930 5173 2093 5223 medio
2117 5174 2327 5222 sustulit.
2370 5176 2536 5223 Loetus
2561 5176 2727 5233 initur
2761 5175 2853 5225 hoc
2873 5175 3007 5233 solo,
3042 5176 3139 5237 ait,
3177 5176 3314 5238 quod
3336 5179 3450 5224 sine
3477 5181 3766 5229 certamine

528 5232 841 5286 fraternum
855 5249 1072 5298 reanum
1090 5243 1376 5299 recepisset,
1400 5243 1453 5286 in
1471 5240 1608 5302 quod
1630 5240 1913 5289 subornari
1932 5256 1966 5291 a
1988 5246 2156 5292 iuuere
2176 5244 2449 5305 Cleopatra
2465 5247 2514 5292 ee
2522 5243 2714 5304 fauore
2723 5246 3412 5309 principumsralre‘sfilium
3432 5250 3738 5307 ottonom-rat
3749 5276 3762 5297 .
