3900 6042
1207 497 1531 557 PALAEPR
1541 496 1736 557 ATUS
1785 492 2091 560 ‘ABRJEN
2101 500 2210 562 US.

845 637 901 673 2.

1611 750 1645 765 Ν

174 749 597 820 Harpocration
648 766 663 805 t
716 745 1141 827 Μακροκέφαλοι.
1190 749 1433 828 Ἀντιφῶν
1479 750 1531 805 ἐν
1576 772 1650 827 τῳ

107 831 230 910 Περὶ
255 832 525 907 ὁμονοίας.
558 830 742 900 Ἔθνος
767 834 906 892 ἔστὶν
935 833 1070 892 οὕτω
1096 834 1443 912 καλούμενον,
1471 828 1530 892 οὗ
1559 834 1649 892 καὶ

103 918 329 983 Ἡσίοδος
354 919 626 996 μέμνηται
648 921 701 977 ἐν
734 921 782 998 γ’
810 923 1077 980 Γυναικῶν
1107 921 1403 1000 καταλόγῳ.
1430 956 1508 966 ·-
1537 925 1650 981 Πα·

99 1004 338 1083 λαίφατος
365 1007 422 1062 ἐν
461 1005 507 1074 ζ’
551 1008 804 1084 Τρωικῶν
832 1009 886 1066 ἐν
912 1010 977 1086 τῇ
1015 1006 1187 1086 Λιὸύῃ
1222 1008 1377 1086 φησὶν
1405 1008 1644 1086 ὑπεράνω

104 1090 311 1168 Κόλχων
339 1094 504 1149 οἰκεῖν
532 1090 648 1158 τοὺς
671 1092 1136 1172 Μακροκεφάλως.

171 1180 474 1253 Palaephati
499 1200 707 1237 nomen
734 1181 963 1237 fortasse
983 1182 1190 1238 excidit
1214 1183 1365 1256 apud
1385 1184 1646 1257 Stephan.

103 1266 360 1338 Byz.,ubi
385 1286 398 1321 :
433 1264 871 1346 Μακροκέφαλοι,
899 1266 1025 1345 πρὸς
1046 1268 1151 1333 τοῖς
1179 1268 1434 1345 Κόλχοις,
1465 1271 1534 1333 ὡς
1565 1270 1648 1343 (οἱ

103 1353 224 1406 cod.
261 1353 513 1428 Rhedig.
534 1355 552 1427 )
575 1354 605 1383 ⁴*
634 1353 737 1432 γὰρ
769 1352 1077 1429 Ἧμίκυνες,
1119 1352 1528 1432 Μακροκέφαλοι
1557 1354 1646 1412 καὶ

105 1438 382 1514 Πυγμαῖοι.
410 1471 494 1483 —-
521 1441 576 1497 ἐν
606 1443 671 1518 τῇ
697 1439 908 1517 Λιὸύῃ]
936 1444 1124 1498 nescio
1153 1461 1224 1497 an
1251 1443 1362 1497 hoc
1403 1462 1611 1498 nomen
1629 1485 1645 1512 ‚

107 1526 264 1580 modo
291 1538 446 1582 recte
470 1545 529 1582 se
548 1527 753 1583 habeat
768 1569 787 1602 ‚
809 1529 941 1583 alias
968 1538 1247 1585 occurrat.
1279 1528 1650 1603 Intelligenda

109 1615 250 1685 regio
271 1614 733 1688 Libystinorum,
757 1633 899 1687 quos
925 1614 1062 1669 dicit
1090 1614 1401 1688 Stephanus
1426 1634 1440 1668 ε
1474 1611 1647 1671 Διδυ-

109 1700 283 1769 στῖνοι,
315 1696 458 1763 ἔθνος
491 1697 874 1778 παρακείμενον
921 1698 1166 1777 Κόλχοις,
1189 1702 1258 1765 ὡς
1287 1698 1569 1778 Διόφαντος
1596 1702 1648 1758 ἓν

111 1787 387 1852 Πολιτικοῖς
416 1788 641 1862 (scribe
669 1788 723 1845 ἓν
752 1787 1024 1853 Ποντικοῖς
1047 1789 1088 1864 ).

587 1944 634 1997 Ε
672 1942 897 2001 LIBRO
937 1944 1155 2001 NONO.

842 2093 891 2147 3.

179 2251 595 2324 Harpocration
621 2267 637 2307 ε
660 2246 1022 2317 Δυσαύλης·
1049 2247 1331 2326 Δείναρχος
1347 2249 1399 2306 ἐν
1421 2251 1487 2328 τῇ
1517 2248 1651 2328 Περὶ

114 2338 192 2403 τῆς
216 2335 402 2414 ἱερείας
437 2334 743 2415 διαδικασίᾳ
760 2379 777 2412 ,
803 2337 847 2392 εἰ
869 2334 1093 2412 γνήσιος·
1127 2334 1507 2406 Ἀσκληπιάδης
1525 2334 1569 2392 δ’
1596 2339 1649 2394 ἐν

118 2421 154 2476 δ’
169 2420 653 2501 ,Τραγῳδουμένων
707 2421 794 2480 τὸν
841 2422 1119 2492 Δυσαύλην
1167 2422 1457 2499 αὐτόχθονα
1516 2412 1648 2480 εἶναί

117 2530 256 2585 φησι,
283 2508 667 2579 συνοικήσαντα
706 2508 759 2567 δὲ
789 2508 993 2568 Βαυὸοῖ
1015 2516 1164 2587 σχεῖν
1191 2508 1385 2574 παῖδας
1426 2511 1649 2586 Πρωτο-

119 2594 222 2666 νόην
241 2618 295 2653 τε
322 2593 414 2653 καὶ
437 2596 637 2671 Νίσαν.
673 2594 1013 2675 Παλαίφατος
1041 2596 1085 2653 δ’
1116 2599 1168 2655 ἐν
1206 2596 1248 2652 θ’
1283 2593 1498 2675 (πρώτη
1519 2596 1648 2656 cod.

119 2689 177 2738 A.
217 2681 484 2760 Bekkeri)
531 2684 785 2759 Τρωικῶν
815 2681 909 2740 σὺν
935 2687 1001 2761 τῇ
1047 2681 1254 2760 γυναικί
1294 2703 1449 2760 φησιν
1492 2680 1647 2739 αὐτὸν

120 2767 439 2835 ὑποδέξασθαι
463 2766 563 2839 τὴν
587 2767 900 2848 Δήμητραν.

189 2858 264 2916 Cf.
284 2859 541 2913 Clemens
554 2860 715 2935 Alex.
736 2877 796 2931 p.
829 2858 897 2914 13
919 2858 1008 2914 ed.
1029 2859 1183 2931 Sylb.
1213 2876 1226 2912 ε
1250 2851 1453 2938 1’ῼκουν
1474 2854 1528 2912 δὲ
1551 2877 1649 2925 τη-

123 2940 275 2998 νικάδε
329 2941 426 3012 τὴν
469 2941 751 3001 Ἐλευσῖνα
797 2944 845 2998 οἱ
892 2944 1151 3018 γηγενεῖς·
1196 2941 1430 3016 ὀνόματα
1479 2943 1648 3008 αὐτοῖς

126 3027 322 3099 naueh,
349 3028 631 3099 Δυσαύλης
665 3027 755 3087 καὶ
785 3028 1172 3108 Τριπτόλεμος·
1212 3027 1288 3086 ἔτι
1317 3024 1370 3085 δὲ
1413 3027 1503 3085 καὶ
1542 3025 1649 3087 Εὕ-

125 3112 301 3186 μολπός
314 3114 475 3172 τεκαὶ
497 3112 848 3179 Εὗὸουλεύς...
873 3114 979 3175 Καὶ
1001 3112 1124 3183 δὴ...
1141 3112 1384 3181 ξενίσασα
1410 3111 1653 3182 ἠΒαυὸὼ

126 3198 206 3269 τὴν
237 3199 384 3276 Δηὼ,
411 3201 584 3281 ὀρέγει
622 3205 857 3260 κυκεῶνα
898 3204 1027 3279 αὐτῇ
1071 3203 1186 3261 κτλ.
1223 3202 1433 3259 Eadem
1474 3206 1654 3257 Arno·

124 3287 232 3343 hius
260 3290 401 3349 Λᾶν.
426 3293 594 3349 Gent.
631 3294 710 3364 V,
746 3311 807 3366 p.
843 3290 967 3361 175.
998 3292 1121 3345 Alia
1143 3299 1311 3363 atque
1332 3291 1494 3362 plura
1522 3290 1652 3346 vide

128 3392 205 3446 ap.
233 3377 635 3450 Pausaniaml,
663 3384 728 3442 εἰ.
749 3419 766 3447 ,
795 3396 828 3432 2
848 3388 905 3433 et
933 3380 1017 3445 11,
1049 3384 1147 3450 14,
1174 3396 1229 3431 α.
1253 3373 1526 3434 Δυσαύλου
1548 3395 1653 3433 no·

128 3480 240 3517 men
255 3467 607 3521 Hermannus
624 3466 875 3538 reposuit
903 3466 961 3518 in
984 3465 1215 3537 Orphic.
1245 3466 1313 3523 Η.
1358 3470 1447 3527 4ο.
1486 3465 1652 3520 Cete-

181 3714 466 3777 Paloephatus
505 3717 626 3767 libro
652 3636 1166 3779 semmo2‘rmieorum
1185 3714 1302 3764 dicit
1327 3715 1376 3763 in
1395 3712 1544 3774 Libya
1564 3714 1581 3774 (
1599 3716 1654 3761 ιη

134 3791 487 3927 mat-§norum
512 3796 744 3857 reqione)
771 3808 914 3859 supra
948 3794 1153 3845 colchos
1169 3794 1387 3843 habitare
1405 3793 1650 3841 Macroce-

188 4032 465 4095 Palaephatus
501 4035 786 4084 'stoicorum
827 3953 950 4084 liahro
969 4047 1096 4083 nono
1130 4032 1248 4082 dicit
1275 4030 1513 4095 Dysaulen
1541 4042 1655 4079 cum

137 4119 268 4158 uxore
285 4124 367 4161 sua
385 4115 610 4164 cererem
631 4113 835 4176 hospitio
857 4113 1113 4174 excepisse.

377 4290 416 4319 Ο

1739 642 1864 677 rum
1909 642 2033 696 quae
2069 642 2139 677 ex
2154 624 2497 696 :Asclepiade
2531 624 2861 692 asseruntur,
2898 622 3023 677 filiae
3065 624 3287 681 Bauhus

1738 711 1966 765 aliunde
2008 730 2125 765 non
2166 722 2330 766 notae.
2371 714 2482 765 Pro
2516 708 2686 769 Νίσαν
2717 712 2890 768 codd.
2930 713 2983 765 D
3006 708 3046 764 E
3083 707 3283 781 νήσαν,

1736 798 1869 852 cod.
1899 799 1964 852 B.
2011 796 2210 854 κνίσαν.
2254 799 2405 854 Nihil
2432 799 2636 853 horum
2667 801 2973 873 genuinum
3000 816 3113 853 esse
3150 800 3285 854 mihi

1735 885 1980 941 videtur.
2024 887 2269 942 Historia
2312 886 2385 941 de
2429 887 2632 942 Cerere
2671 887 2741 942 ab
2788 905 2900 942 anu
2940 887 3288 959 hospitaliter

1738 981 1968 1044 excepta
1992 971 2144 1027 haud
2162 990 2279 1026 uno
2306 971 2484 1027 modo
2507 982 2793 1041 narratur,
2825 973 2907 1026 uti
2930 981 3166 1026 constat.
3202 974 3289 1028 Ne

1736 1056 1809 1111 de
1831 1058 2024 1113 Iambe
2042 1057 2223 1113 dicam
2242 1099 2258 1127 ‚
2285 1058 2441 1132 apud
2460 1060 2811 1115 Antoninum
2836 1059 2966 1116 Lib.
2993 1077 3045 1116 c.
3070 1065 3141 1123 al.
3174 1061 3289 1115 sive

1734 1162 1829 1218 ap.
1858 1144 2234 1214 Nicandrum,
2264 1147 2541 1201 Antonini
2570 1156 2860 1203 auctorem
2879 1187 2895 1214 ,
2919 1147 3181 1203 Cererem
3199 1166 3288 1205 ex-

1735 1232 1873 1304 cipit
1892 1228 2082 1305 Μίσμη
2101 1273 2116 1300 ,
2148 1233 2400 1287 Ascalahi
2426 1243 2626 1290 mater.
2650 1234 2754 1288 Illa
2774 1230 2965 1307 Μίσμη
2995 1250 3131 1287 vero
3158 1251 3290 1306 pro·

1735 1317 1826 1372 cul
1849 1316 2027 1373 dubio
2048 1329 2129 1373 est
2149 1318 2299 1373 idem
2322 1337 2532 1373 nomen
2555 1337 2683 1373 cum
2708 1315 2855 1386 Μίση
2873 1359 2890 1392 ,
2916 1336 3046 1373 cum
3074 1318 3291 1375 Cereris

1735 1404 1890 1458 cultu
1910 1404 2004 1458 illa
2022 1404 2174 1478 apud
2195 1405 2476 1477 Orphicos
2495 1414 2623 1460 ante
2639 1403 2953 1475 conjuncta.
2972 1406 3038 1458 V.
3052 1405 3286 1478 Orphic.

1734 1490 1925 1563 hymn.
1967 1498 2060 1561 41,
2099 1487 2308 1564 ἁγνήν..
2352 1489 2556 1565 Mla-qv,
2592 1488 2815 1567 ἄρρητον
2852 1486 3101 1546 ἄνασσαν.
3142 1488 3288 1546 Ean·

1737 1576 1868 1632 dem
1883 1618 1900 1651 ,
1921 1588 2094 1650 put0,
2120 1576 2451 1652 significavit
2475 1577 2672 1635 Suidas
2697 1578 2882 1632 verbis
2906 1596 2918 1630 ε
2949 1574 3134 1649 Μίσις,
3155 1576 3254 1640 ιδος
3270 1619 3289 1651 ,

1735 1682 1854 1717 non
1888 1664 2079 1719 addita
2119 1665 2511 1738 explicatione.
2552 1665 2810 1736 Denique
2842 1663 3085 1735 Hesych.
3134 1661 3289 1721 Μίσα

1737 1771 1833 1814 τις.
1851 1740 2029 1820 Μίσης
2051 1751 2123 1826 (l.
2147 1748 2329 1827 Μίση)
2347 1795 2364 1822 ‚
2381 1752 2483 1807 τῶν
2502 1750 2620 1827 περὶ
2642 1746 2737 1819 τὴν
2757 1746 2959 1825 μητέρα
2980 1770 3085 1817 τις,
3106 1747 3172 1818 ἣν
3200 1748 3291 1805 καὶ

1736 1833 2030 1911 ὀμνύουσιν.
2052 1868 2132 1881 -—
2149 1841 2272 1894 Jam
2303 1858 2478 1914 quum
2496 1838 2637 1892 nihil
2665 1838 3012 1910 frequentius
3033 1838 3103 1891 sit
3122 1855 3291 1909 quam

1735 1936 1801 1979 ut
1832 1937 2070 1999 cognata
2097 1936 2296 1981 natura
2322 1944 2420 1981 sua
2455 1926 2569 1980 sive
2609 1926 2765 1980 cultu
2805 1923 3107 1995 conjuncta
3129 1923 3290 1995 juxta

1737 2022 2025 2084 ponantur
2054 2013 2494 2086 genealogorum
2534 2011 2740 2085 opera,
2768 2028 2887 2065 non
2912 2009 3112 2065 dubito
3147 2010 3287 2084 quin

1738 2098 1891 2172 apud
1923 2100 2431 2173 Harpocrationem
2466 2116 2576 2172 pro
2616 2094 2784 2155 Νίσαν
2832 2096 3191 2152 scribendum
3223 2098 3292 2151 sit

1739 2183 1916 2243 Μίσαν
1953 2187 2037 2242 vel
2074 2182 2288 2257 Μίσην,
2330 2187 2575 2257 itemque
2609 2185 2835 2240 sortasse
2861 2183 3013 2258 apud
3052 2182 3291 2242 Antoni--

1738 2292 1874 2327 num
1898 2274 1936 2327 l.
1972 2274 2010 2326 1.

2149 2411 2250 2465 Ex
2288 2406 2510 2465 LIBRO
2552 2409 2885 2465 INCERTO.

2486 2552 2515 2610 l·
2531 2587 2542 2600 ·
2592 2558 2596 2562 “

1819 2681 2021 2736 Strabo
2048 2680 2193 2752 ΧΠ.
2212 2700 2276 2756 p.
2306 2680 2419 2736 550
2458 2701 2471 2735 ε
2514 2678 2582 2739 Ὁ
2606 2678 2658 2736 δὲ
2681 2675 3023 2756 Παλαίφατός
3061 2698 3216 2755 φησιν
3239 2674 3294 2744 ἐξ

1741 2763 2036 2839 Ἀμαζόνων
2061 2768 2165 2823 τῶν
2193 2768 2248 2823 ἐν
2274 2770 2340 2845 τῇ
2370 2764 2562 2842 Ἀλόπῃ
2583 2764 2888 2839 οἰκούντων,
2923 2769 3012 2822 ν’ὗν
3037 2763 3082 2821 δ’
3111 2766 3165 2823 ἐν
3189 2765 3292 2823 Ζε-

1740 2850 1881 2930 λείᾳ,
1903 2851 1990 2908 τὸν
2015 2850 2196 2912 Ὀδίον
2225 2851 2424 2910 καὶτὸν
2444 2851 2791 2933 Ἐπίστροφον
2809 2855 3139 2931 στρατεῦσαι.
3164 2854 3292 2908 Ple-

1740 2941 1865 2995 nius
1885 2940 2037 2995 hunc
2065 2943 2252 2999 locum
2274 2942 2659 2997 exhibebimus
2677 2942 2735 2996 in
2752 2941 3081 2999 Menecratis
3105 2939 3294 2994 Elaitae

1743 3026 1811 3085 sr.
1842 3044 1897 3083 α.
1924 3028 2187 3083 Ceterum
2219 3029 2375 3084 vides
2399 3029 2601 3084 Troica
2632 3028 2930 3101 Palaephati
2957 3025 3307 3100 peramplum

1743 3132 1885 3188 opus
1929 3114 2094 3171 fuisse
2142 3117 2489 3188 plenumque
2512 3107 2873 3171 eruditionis
2913 3114 3288 3189 periegeticoe.

1744 3204 1827 3256 Ex
1873 3200 2197 3275 fragmentis
2234 3203 2388 3258 hisce
2419 3220 2565 3261 umis
2599 3202 2756 3256 locus
2793 3201 2869 3256 ad
2907 3218 2996 3256 res
3029 3198 3296 3271 Trojanas

1740 3289 1979 3362 propius
1998 3291 2215 3347 attinet.
2235 3293 2439 3346 Totum
2460 3307 2595 3345 vero
2621 3307 2764 3364 opus
2785 3289 2893 3344 tale
2912 3288 3029 3344 fere
3047 3288 3294 3361 cogitare

1743 3376 2039 3445 dehemus,
2062 3377 2226 3450 quale
2248 3376 2352 3432 fuit
2377 3378 2407 3432 ὁ
2427 3373 2662 3454 Τρωικὸς
2681 3374 2960 3450 διάκοσμος
2991 3375 3294 3431 doctissimi

1745 3465 2018 3519 Demetrii
2040 3465 2266 3538 Scepsii.

2492 3634 2545 3683 4.

1809 3748 2114 3810 Palaephatus
2134 3745 2250 3796 dicit
2276 3744 2486 3796 Rodium
2516 3745 2566 3794 et
2600 3743 2940 3806 Epistroptmm
2965 3739 3161 3802 Troiam
3184 3751 3295 3788 cum

1746 3827 1960 3878 exemitu
1978 3825 2162 3875 venisse
2178 3838 2241 3875 ex
2265 3825 2455 3887 regione
2480 3827 2788 3883 Amazonum,
2806 3821 2989 3887 Alopen
3005 3822 3148 3879 tunc,
3167 3830 3297 3869 nunc

1748 3905 1921 3956 Zeliam
1939 3901 2324 3953 inhahitantlum.

3169 516 3281 566 339
3354 570 3385 579 --
