3900 6042
1489 494 1986 555 FRAGMENTA.

213 653 659 714 DICAEARCHI
702 655 1004 711 SCRIPTA
1047 652 1595 710 PHILOSOPHICA.

655 785 832 843 ΠΕΡΙ
874 783 1167 842 ΨΥΧΗΣ.

200 936 369 987 Hunc
400 933 602 1005 operis
640 933 864 987 titulum
894 930 1120 986 duobus
1145 929 1284 985 locis
1311 939 1685 984 memoratum

125 1020 313 1077 habes.
357 1021 533 1076 Alter
554 1020 760 1095 legitur
790 1038 883 1093 ap.
914 1016 1200 1075 Plutarch.
1230 1016 1377 1074 Λᾶν.
1402 1017 1591 1073 Colot.
1628 1034 1679 1070 c.

137 1116 222 1181 ¹4,
245 1126 304 1180 p.
333 1127 354 1161 1
375 1127 396 1161 1
417 1127 438 1161 1
453 1106 514 1176 5,
533 1112 582 1163 A
598 1149 616 1175 ‚
641 1108 738 1162 ubi
759 1103 1085 1182 Δικαιάρχου
1106 1101 1174 1160 τὰ
1193 1100 1328 1180 Περὶ
1354 1103 1524 1179 ψυχῆς
1540 1105 1686 1159 inter

127 1214 186 1249 ea
210 1207 471 1249 veterum
512 1194 986 1268 philosophorum
1014 1210 1188 1265 opera
1225 1201 1501 1259 recenset,
1526 1191 1578 1246 ἐν
1613 1178 1686 1255 οἷς

128 1280 248 1358 πρὸς
273 1278 340 1336 τὰ
367 1280 679 1359 κυριώτατα
706 1278 798 1336 καὶ
827 1277 1048 1356 μέγιστα
1070 1279 1174 1334 τῶν
1200 1278 1430 1355 φυσικῶν
1458 1278 1680 1332 ὑπεναν-

129 1367 384 1443 τιούμενοι
441 1371 523 1446 τῷ
572 1365 822 1425 Πλάτωνι
870 1365 960 1423 καὶ
1019 1362 1308 1443 μαχόμενοι
1364 1365 1676 1421 διατελοῦσι.

131 1458 277 1511 Alter
303 1468 388 1512 est
418 1458 482 1511 in
527 1457 816 1513 Ciceronis
847 1456 1022 1528 Epist.
1063 1454 1137 1510 ad
1173 1459 1292 1510 Att.
1334 1451 1512 1519 xm,
1547 1451 1617 1505 32
1665 1468 1680 1508 t

131 1568 151 1590 ·
178 1543 258 1599 lle
275 1541 332 1619 ρὶ
352 1544 617 1620 ψυχῆς,
647 1543 752 1610 ait,
778 1555 1030 1615 utrosque
1054 1542 1226 1596 velim
1250 1544 1456 1595 mittas.
1480 1561 1504 1586 υ
1527 1539 1685 1593 Patet

134 1630 252 1683 hinc
288 1629 427 1684 duas
464 1630 637 1685 fuisse
663 1638 877 1702 partem
904 1646 1030 1701 quae
1065 1625 1358 1699 quomodo
1398 1623 1683 1680 adornatae

133 1715 329 1769 suerint
356 1716 493 1789 ipsis
523 1714 802 1769 docemur
828 1715 1168 1789 fragmentis.
1197 1714 1419 1770 Scilicet
1439 1722 1682 1781 utraque

136 1804 310 1873 operis
323 1820 457 1875 pars
487 1803 667 1857 ternis
687 1802 1182 1870 constabatlihris3
1204 1802 1377 1855 altera
1406 1799 1684 1873 Κορινθια-

136 1887 239 1955 κός,
274 1890 448 1945 altera
473 1885 777 1952 Λεσὸιακός
806 1888 920 1963 (sc.
951 1885 1103 1957 λόγος
1127 1889 1144 1963 )
1177 1887 1250 1943 de
1277 1888 1437 1955 loco,
1477 1887 1538 1939 in
1564 1901 1680 1956 quo

139 1977 410 2050 colloquia
448 1979 710 2034 instituta
752 1987 950 2032 auctor
988 1976 1178 2050 fingit,
1211 1975 1486 2047 inscriptae
1522 1984 1682 2026 erant

141 2062 221 2131 (v.
246 2067 315 2120 ir.
351 2064 425 2119 62
457 2075 518 2119 et
546 2061 648 2118 65.
677 2062 693 2138 )
722 2064 980 2119 Ceterum
1015 2063 1132 2117 fuse
1165 2062 1447 2133 docteque
1476 2058 1549 2113 de
1576 2059 1680 2113 Di-

140 2151 353 2205 caearchi
382 2152 610 2225 placitis
633 2152 866 2223 exponit
895 2152 1149 2207 Osannus
1170 2150 1207 2207 Ι.
1239 2150 1278 2202 l.
1303 2167 1361 2221 p.
1388 2145 1594 2201 35454.

637 2281 1175 2340 ΚΟΡΙΝΘΙΑΚΟΣ.

855 2400 950 2458 62.

214 2521 400 2576 Cicero
424 2523 598 2578 Tusc.
626 2523 686 2590 1,
706 2539 758 2576 c.
789 2538 858 2576 10
888 2540 902 2575 ε
934 2518 1298 2575 Dicoearchus
1322 2530 1508 2573 autem
1535 2525 1592 2574 in
1614 2538 1681 2575 eo

148 2626 395 2676 sermone,
433 2628 605 2682 quem
639 2607 892 2665 Corinthi
917 2607 1166 2662 habitum
1197 2609 1367 2659 tribus
1396 2607 1553 2661 libris
1578 2626 1677 2662 ex-

143 2701 286 2764 ponit
299 2736 315 2764 ,
364 2697 652 2750 doctorum
704 2694 984 2748 hominum
1037 2694 1438 2765 disputantium
1451 2732 1468 2761 ‚
1492 2698 1679 2765 primo

153 2781 276 2836 libro
299 2785 493 2837 multos
522 2785 805 2855 loquentes
827 2776 1022 2851 facit,·
1050 2781 1260 2834 duobus
1299 2778 1672 2834 Pherecraten

151 2871 404 2936 quendam
450 2869 787 2925 Phthiotam
821 2886 1007 2922 senem
1023 2908 1043 2933 ,
1078 2885 1237 2939 quem
1272 2871 1361 2920 ait
1383 2884 1424 2920 a
1456 2867 1670 2921 Deuca·

156 2955 281 3021 lione
291 2968 488 3023 ortum,
515 2958 873 3011 disserentem
890 2955 1115 3021 inducit,
1139 2953 1294 3007 nihil
1315 2971 1432 3008 esse
1457 2958 1680 3008 omnino

155 3048 377 3096 animum
401 3056 459 3098 et
479 3044 589 3099 hoc
608 3062 725 3098 esse
748 3060 944 3097 nomen
965 3053 1134 3096 totum
1156 3046 1336 3107 inane,
1351 3036 1680 3113 frustraque

154 3133 405 3183 animalia
423 3143 477 3185 et
495 3137 815 3184 animantes
836 3130 1148 3202 appellari,·
1173 3145 1347 3200 neque
1369 3131 1428 3180 in
1455 3126 1680 3181 homine

159 3217 312 3269 inesse
326 3224 575 3273 animam
600 3219 705 3272 vel
725 3221 973 3270 animam
1005 3233 1105 3269 nec
1131 3219 1189 3268 in
1230 3215 1432 3279 bestia,·
1463 3218 1674 3286 vimque

157 3316 346 3355 omnem
372 3322 521 3371 eam,
557 3323 671 3376 qua
690 3305 789 3361 vel
803 3320 1038 3376 agamus
1059 3301 1198 3375 quid
1226 3302 1313 3354 vel
1342 3304 1696 3367 sentiamus-‚e

162 3391 210 3438 in
227 3391 462 3445 omnibus
472 3392 790 3465 corporibus
810 3395 949 3448 vivis
958 3389 1318 3462 aequabiliter
1336 3406 1453 3442 esse
1453 3384 1673 3459 susam,

160 3489 245 3525 nec
266 3478 631 3548 sepmbilem
660 3496 698 3531 α
719 3495 941 3551 cotpore
966 3495 1100 3543 esse,
1140 3481 1344 3549 quippe
1372 3494 1500 3547 quoe
1523 3475 1679 3527 nulla

162 3564 248 3627 sit,
266 3580 359 3616 nec
376 3570 449 3618 sit
470 3567 775 3639 quidquam
803 3569 910 3619 nisi
934 3583 1126 3636 corpus
1153 3581 1318 3616 unum
1340 3574 1398 3616 et
1413 3562 1668 3634 simplex,

3210 510 3322 560 265

2551 636 2604 695 4.

1855 759 2141 815 Nemesius
2180 762 2265 814 De
2293 769 2476 817 natur.
2504 761 2659 814 hom.
2692 779 2751 832 p.
2787 761 2862 815 68
2901 761 2993 818 ed.
3029 764 3269 818 Matthaei
3308 784 3323 819 τ

1776 844 2096 923 Δικαίαρχος
2124 841 2179 902 δὲ
2215 845 2488 920 (animam
2523 846 2698 920 dixit)
2727 845 2981 923 ἁρμονίαν
3004 850 3107 903 τῶν
3137 846 3326 903 τεσσά-

1777 952 1880 1009 ρων
1916 929 2218 1009 στοιχείων,
2250 931 2363 989 rint
2399 936 2525 1004 τοῦ,
2548 939 2732 1009 κρᾶσιν
2769 931 2859 989 καὶ
2896 931 3197 1012 συμφωνίαν
3221 937 3324 990 τῶν

1775 1016 2066 1095 στοιχείων.
2092 1018 2176 1076 Οὐ
2196 1014 2299 1096 γὰρ
2325 1015 2421 1087 τὴν
2445 1020 2505 1075 ἐκ
2534 1020 2639 1074 τῶν
2662 1016 2897 1095 φθόγγων
2927 1015 3327 1092 συνισταμένην,

1775 1103 1912 1161 ἀλλὰ
1937 1102 2036 1174 τὴν
2065 1105 2119 1161 ἐν
2140 1107 2216 1184 τῷ
2240 1103 2448 1179 σώματι
2463 1106 2666 1182 θερμῶν
2687 1103 2779 1162 καὶ
2800 1107 3015 1183 ψυχρῶν
3043 1103 3133 1162 καὶ
3159 1107 3326 1183 ὑγρῶν

1774 1189 1865 1246 καὶ
1891 1188 2058 1269 ξηρῶν
2086 1190 2390 1269 ἔναρμόνιον
2413 1198 2599 1269 κρᾶσιν
2626 1190 2718 1248 καὶ
2747 1189 3052 1269 συμφωνίαν
3084 1189 3325 1268 βούλεται

1773 1274 1965 1351 λέγειν.
2016 1278 2187 1347 Δῆλον
2234 1276 2288 1335 δὲ
2324 1276 2405 1335 ὅτι
2438 1276 2530 1335 καὶ
2564 1277 2760 1335 τούτων
2807 1280 2854 1336 οἱ
2901 1275 2993 1353 μὲν
3041 1276 3191 1335 ἄλλοι
3230 1276 3325 1346 τὴν

1773 1360 1946 1442 ψυχὴν
1991 1363 2170 1422 οὐσίαν
2200 1354 2333 1421 εἶναι
2359 1363 2594 1441 λέγουσι·
2643 1363 3000 1438 Ἀριστοτέλης
3026 1363 3080 1422 δὲ
3120 1363 3210 1421 καὶ
3233 1371 3327 1422 Δι-

1773 1447 2027 1527 καίαρχος
2066 1448 2325 1510 ἀνούσιον.
2374 1452 2484 1508 Pro
2533 1450 2851 1529 Δικαίαρχος
2892 1455 3023 1508 libri
3074 1453 3327 1525 praebent

1773 1534 2075 1615 Δείναρχος.
2120 1539 2373 1595 Eandem
2412 1540 2656 1595 nominis
2695 1541 3120 1613 corruptionem
3158 1540 3328 1594 habes

1773 1644 1862 1699 ap.
1894 1627 2182 1681 Hermiam
2203 1628 2357 1684 Irris.
2388 1627 2708 1699 philosoph.
2734 1646 2795 1700 p.
2830 1634 2942 1691 40²
2973 1626 3070 1683 ed.
3090 1624 3324 1680 'Marani

1777 1711 1794 1786 (
1817 1711 1888 1767 ad
1913 1713 2122 1768 calcem
2141 1713 2343 1767 Justini
2365 1711 2597 1785 Martyr.
2620 1710 2665 1787 ),
2687 1714 2786 1767 ubi
2815 1713 2887 1768 de
2906 1712 3102 1766 animae
3127 1723 3326 1766 natura

1771 1800 2069 1855 sententias
2109 1801 2399 1855 variorum
2433 1800 2673 1855 afferens
2709 1801 2788 1855 ait
2821 1819 2836 1854 :
2874 1799 2921 1855 οἱ
2958 1795 3011 1853 δὲ
3050 1793 3325 1875 ἁρμονίαν,

1771 1882 2076 1965 Δείναρχος.

1848 1974 1935 2031 Cf.
1968 1975 2250 2032 Plutarch.
2288 1975 2439 2030 Plac.
2477 1975 2577 2030 Ph.
2613 1976 2708 2044 IV,
2735 1994 2803 2047 α,
2833 1973 2890 2032 5.
2926 1993 2990 2047 p.
3032 1971 3146 2031 898
3180 1990 3196 2029 t
3232 1973 3323 2029 Δι·

1772 2058 2027 2138 καίαρχος
2063 2059 2172 2141 (gsc.
2218 2057 2522 2139 ἀπεφήνατο
2556 2057 2653 2129 τὴν
2691 2057 2895 2137 ψυχὴν)
2927 2057 3179 2136 ἁρμονίαν
3217 2061 3320 2114 τῶν

1773 2145 2040 2226 τεσσάρων
2077 2145 2372 2225 στοιχείων.
2415 2148 2627 2204 Eadem
2656 2149 2906 2203 Stobaeus
2932 2148 3049 2203 Ecl.
3088 2157 3224 2203 tom.
3268 2148 3325 2217 1,

1771 2254 1827 2309 p·
1859 2234 1992 2309 796·

1849 2320 2054 2378 Sextus
2078 2323 2295 2395 Empir.
2319 2322 2463 2381 Adv.
2491 2324 2660 2379 math.
2699 2324 2904 2396 vn,p.
2942 2320 3053 2385 438
3086 2338 3101 2378 ε
3133 2318 3201 2375 Οἱ
3231 2316 3326 2393 μὲν

1777 2405 1939 2482 μηδέν
1966 2429 2094 2486 φασι
2132 2400 2262 2465 εἶναι
2305 2405 2470 2477 αὐτὴν
2503 2405 2636 2486 (τὴν
2677 2404 2888 2486 ψυχὴν)
2926 2403 3072 2483 παρὰ
3118 2405 3179 2462 τὸ
3214 2408 3327 2471 πῶς

1774 2494 1896 2572 ἔχον
1919 2497 2109 2570 σῶμα,
2140 2492 2376 2573 καθάπερ
2409 2497 2437 2551 δ
2463 2493 2798 2574 Δικαίαρχος.

1845 2583 1933 2639 Id.
1959 2584 2235 2655 Pyrrhon.
2264 2583 2514 2656 Hypoth.
2544 2584 2632 2653 11,
2657 2602 2710 2640 c.
2747 2581 2779 2638 5
2814 2600 2827 2636 :
2861 2581 2931 2638 Οἱ
2962 2578 3056 2654 μὲν
3095 2577 3170 2654 μὴ
3196 2568 3326 2635 εἶναι

1770 2667 1864 2738 τὴν
1909 2665 2082 2748 ψυχὴν
2129 2666 2353 2747 ἔφασαν,
2397 2669 2467 2733 ὡς
2512 2669 2560 2725 οἱ
2605 2666 2725 2744 περὶ
2764 2665 2850 2724 τὸν
2890 2664 3187 2736 Μεσσήνιον
3231 2670 3323 2723 Δι-

1769 2753 2048 2833 καίαρχον.

1849 2846 2063 2901 Atticus
2090 2844 2408 2899 Platonicus
2434 2861 2525 2917 ap.
2559 2843 2764 2899 Euseb.
2806 2839 2905 2898 Pr.
2952 2843 3051 2897 Ev.
3092 2842 3225 2909 XV,
3268 2861 3324 2914 9,

1766 2951 1827 3005 p.
1861 2931 2009 3004 810,
2038 2935 2087 2987 A
2116 2949 2130 2989 :
2158 2926 2344 3007 Τούτῳ
2374 2930 2480 3003 (sc.
2520 2930 2595 3006 τῷ
2637 2925 3004 3006 Ἀριστοτέλει)
3056 2930 3326 3004 τοιγαροῦν

1767 3015 2012 3092 ἑπόμενος
2053 3014 2368 3092 Δικαίαρχος
2412 3014 2504 3072 καὶ
2550 3016 2666 3072 κατ’
2703 3014 2982 3073 ἀκόλουθον
3031 3012 3204 3078 ἱκανὸς
3250 3010 3322 3069 ὢν

1767 3107 1975 3181 θεωρεῖν
2001 3101 2229 3183 ἀνῄρηκε
2255 3100 2349 3170 τὴν
2376 3099 2501 3172 ὅλην
2529 3101 2813 3160 ὑπόστασιν
2840 3104 2932 3172 τῆς
2960 3103 3148 3180 ψυχῆς.

1845 3193 2170 3249 Tertullian.
2193 3193 2276 3245 De
2296 3192 2467 3248 anim.
2491 3210 2539 3246 c.
2577 3189 2643 3245 15
2672 3209 2685 3244 z
2707 3192 2964 3263 Denique
2990 3194 3087 3263 qui
3123 3202 3334 3263 negant

1763 3280 2101 3354 principale,
2126 3283 2303 3351 ipsam
2314 3282 2480 3351 prius
2504 3282 2756 3330 animam
2783 3276 2936 3330 nihil
2963 3287 3283 3329 censuerunt
3302 3295 3322 3328 :

1770 3370 2081 3423 Messenius
2106 3366 2314 3437 aliquis
2351 3363 2716 3418 Dicaearchus
2724 3406 2738 3431 ‚
2773 3382 2848 3417 ex
2882 3365 3115 3417 medicis
3136 3374 3322 3416 autem

1775 3455 2031 3509 Andreas
2059 3464 2115 3506 et
2135 3451 2498 3523 Asclepiades
2517 3456 2600 3504 ita
2623 3450 2962 3504 abstulerunt
2969 3450 3294 3523 principale
3307 3494 3325 3520 ‚

1774 3543 1905 3594 dum
1931 3545 1990 3593 in
2009 3544 2193 3593 animo
2222 3543 2340 3611 ipso
2360 3539 2559 3592 volunt
2579 3555 2696 3591 esse
2711 3555 2922 3603 sensus,
2954 3555 3179 3610 quorum
3198 3541 3329 3590 vin-

165 3649 240 3697 itti
252 3647 580 3719 figuratum,
615 3662 677 3705 ut
714 3655 1106 3724 temperatione
1143 3662 1360 3703 naturae
1394 3654 1592 3720 vigeat
1628 3658 1686 3699 et
1769 3629 1997 3682 dicam?
2005 3646 2086 3701 1²²'
2085 3627 2349 3699 mapale·

164 3739 357 3792 sentiat.
385 3738 633 3794 Eandem
665 3740 790 3796 Dic.
818 3738 1145 3793 sententiam
1185 3737 1376 3810 paucis
1421 3735 1598 3804 tangit
1625 3733 1683 3786 in

167 3818 304 3877 Tusc.
337 3824 392 3891 1,
417 3842 501 3879 11.
539 3824 634 3883 18.
663 3844 758 3884 22.
791 3823 1058 3880 Academ.
1087 3824 1187 3896 1v,
1220 3829 1314 3887 [0⁰-

863 3928 963 3985 63.

235 4032 551 4091 lamblichus
573 4054 665 4109 ap.
683 4035 964 4090 Stobaeum
983 4035 1099 4091 Ecl.
1122 4045 1259 4087 tom.
1288 4033 1344 4101 1,
1368 4050 1426 4105 p.
1454 4033 1571 4100 870
1594 4031 1683 4086 ed.

174 4119 367 4177 Heeren
393 4141 408 4181 t
437 4128 697 4181 Animam
722 4126 980 4180 nonnulli
1009 4142 1121 4179 esse
1147 4124 1344 4179 dicunt
1369 4119 1428 4177 τὸ
1459 4125 1550 4178 τοῦ
1583 4118 1685 4177 σώ-

2327 3768 2776 3830 ΛΕΣΒῙΑΚΟΣ.

2504 3897 2600 3957 65.

1857 4035 2054 4091 Cicero
2093 4034 2254 4088 Tusc.
2299 4033 2356 4099 1,
2391 4029 2457 4085 31
2497 4047 2510 4087 ε
2542 4033 2832 4084 Acerrime
2869 4039 3053 4080 autem
3099 4026 3327 4078 delicioe

1777 4141 1942 4188 mea-³,
2002 4118 2380 4185 DicoeatcliuS,
2434 4129 2626 4172 contra
2666 4116 2815 4170 hanc
2858 4114 3327 4167 immortalitatem

172 4226 312 4275 ματος
335 4206 409 4281 ὃν,
432 4209 610 4291 ὥσπερ
641 4210 701 4268 τὸ
741 4212 1130 4290 ἕμψυχοῦσθαι,
1155 4211 1288 4288 αὐτῇ
1324 4207 1377 4266 δὲ
1404 4206 1478 4284 μὴ
1518 4206 1684 4285 παρὸν
1775 4212 2052 4266 disseruit.
2088 4211 2149 4262 Is
2176 4212 2324 4262 enim
2350 4217 2456 4259 tres
2487 4205 2653 4258 libros
2677 4206 2921 4275 scripsit,
2958 4205 3052 4271 qui
3076 4200 3330 4254 Lesbiaci

172 4294 227 4367 τῇ
249 4296 382 4375 ψυχῇ
416 4298 590 4377 ὥσπερ
620 4298 871 4379 ὑπάριον,
908 4289 992 4356 οἶα
1033 4296 1095 4367 δὴ
1131 4296 1339 4374 λέγεται
1367 4295 1490 4375 περὶ
1515 4299 1686 4375 ψυχῆς
1773 4308 2059 4363 vocantur,
2091 4296 2240 4368 quod
2262 4293 2553 4363 Mytilenis
2568 4309 2747 4344 sermo
2766 4289 3026 4352 habeta&
3053 4291 3111 4339 in
3139 4286 3330 4357 quibus

173 4379 298 4457 παρὰ
333 4387 628 4466 Δικαιάρχῳ
659 4390 734 4464 τῷ
763 4383 1065 4463 Μεσσηνίῳ.
1111 4387 1196 4444 Cf.
1237 4388 1442 4441 Osann.
1485 4405 1541 4458 p.
1585 4384 1681 4442 51.
1772 4386 1894 4441 vult
1919 4378 2146 4476 efficere
2172 4385 2386 4434 animos
2413 4396 2529 4432 esse
2559 4378 2837 4431 mortales.

707 4604 811 4661 DE
851 4604 1115 4663 ΔΝΙΜΑ.

632 4733 960 4793 comNTfl
973 4733 1206 4794 lACUS.

862 4871 950 4920 63.

215 4997 434 5077 ’Animam
469 5005 684 5053 nonnulli
707 5018 806 5055 eece
835 5005 1003 5055 dicunt
1031 5006 1243 5067 corporis
1267 5007 1558 5068 principium
1586 5007 1687 5055 sive

186 5078 269 5117 um
288 5073 484 5139 vitalem,
513 5094 606 5140 non
627 5083 785 5131 tamen
813 5083 880 5132 ita
910 5085 966 5131 ut
997 5096 1080 5144 per
1102 5097 1152 5130 se
1183 5084 1229 5132 in
1253 5084 1410 5134 anima
1430 5084 1688 5143 cousistat;

188 5147 321 5207 qualis
338 5155 403 5200 est
428 5155 684 5206 nica-archi
705 5158 916 5209 Messenii
936 5160 1184 5209 sententia.

1838 4630 2147 4681 Dicaearchus
2168 4628 2379 4678 animam
2406 4640 2511 4677 ecee
2543 4623 2843 4674 harmoniam
2865 4623 3096 4684 quattuor
3119 4620 3327 4669 elemen-

1775 4710 1938 4758 torum
1957 4707 2093 4769 dicit,
2113 4707 2161 4756 id
2175 4710 2275 4768 est,
2294 4705 2559 4755 mixturam
2582 4706 2632 4753 et
2649 4703 2935 4751 concentum
2957 4699 3331 4755 elementorum;

1776 4800 1932 4850 neque
1953 4786 2082 4835 enim
2104 4798 2333 4834 sonorum
2356 4783 2656 4832 harmoniam
2677 4818 2691 4842 ‚
2704 4781 2789 4830 sed
2810 4793 2916 4829 eam
2939 4790 3048 4841 quoe
3066 4777 3114 4825 in
3134 4788 3334 4837 corpore

1778 4867 1944 4913 nostro
1976 4865 2049 4912 est
2073 4861 2214 4911 calidi
2250 4864 2301 4910 et
2333 4860 2514 4923 frigidi,
2554 4858 2740 4908 humidi
2769 4860 2819 4907 et
2847 4856 2960 4907 sicci
2997 4855 3257 4903 mixturam
3285 4856 3334 4899 et

1779 4943 2069 4991 concentum
2089 4940 2356 5002 significare
2374 4940 2481 4988 vult
2516 4953 2529 4987 ε
2564 4938 2793 4987 nimirum
2834 4949 2895 4985 ex
2936 4934 3010 4982 his
3044 4932 3203 4981 anirna
3221 4943 3334 4977 con·

1781 5019 1923 5068 §latur
1941 5017 2206 5067 secundum
2227 5017 2483 5066 nonnullos
2496 5015 2688 5078 quidem
2707 5014 2773 5062 ita
2786 5049 2800 5074 ‚
2817 5014 2874 5060 ut
2894 5024 2978 5075 per
2999 5023 3050 5059 se
3068 5006 3331 5057 substantia

1778 5096 1866 5157 sit,
1885 5094 2148 5143 secundum
2174 5094 2474 5143 Aristotelem
2490 5106 2605 5141 vero
2627 5094 2676 5140 et
2694 5088 3024 5139 Dicoearchum
3043 5086 3109 5134 lta
3122 5120 3135 5144 ,
3156 5088 3210 5131 ut
3234 5095 3329 5129 non

1780 5172 1838 5221 sit
1862 5171 2153 5230 substantia,
2174 5171 2191 5230 (
2210 5170 2301 5220 sed
2324 5171 2460 5219 nillil
2494 5172 2593 5219 nisi
2617 5166 2841 5229 effectus
2869 5166 3092 5228 corporis
3117 5160 3329 5209 elemen-

1786 5253 1950 5299 torum
1973 5249 2274 5300 harmonica
2288 5253 2492 5299 ratione
2508 5251 2789 5296 mixtorum
2812 5246 2847 5305 ).
