3900 6042
1215 469 1313 527 DE
1352 467 1661 528 Gmpffls
1703 465 2204 526 FRAGMENTA.

3181 484 3280 532 ³21

170 604 437 658 Cetei-uni
484 603 688 657 confer
725 602 1059 675 proverbia,
1087 603 1299 672 quaein
1329 598 1466 657 Βίων
1493 617 1665 673 opere
1755 617 1859 661 σεις
1901 593 2303 674 προὸλημάτων.
2372 596 2479 655 Καὶ
2522 594 2621 675 γὰρ
2673 597 2904 655 Καλλίαν
2955 602 3170 677 ἱστορεῖ,
3215 603 3299 660 τὸν

98 694 285 762 passim
317 689 636 743 laudantur
665 688 731 746 fr.
759 687 789 742 5
809 734 823 756 ,
858 707 957 760 19,
986 706 1086 755 20,
1113 698 1166 741 et
1195 687 1352 760 quod
1379 689 1665 759 posuimus
1755 680 2017 752 Ἀθηναῖον
2053 680 2422 760 γραμματικὴν
2470 683 2727 739 συνθεῖναι
2764 685 3085 763 τραγῳδίαν,
3123 689 3211 765 ἀφ’
3240 680 3301 758 ἧς

99 780 272 841 simlia.
305 796 359 831 c.

692 901 1054 927 *-

623 998 800 1057 Ill-:Pl
842 998 1143 1057 ΓΡΙΦΩΝ.

835 1118 932 1175 61.

171 1239 646 1306 AthenaeusXIV,
661 1256 719 1311 p.
735 1237 869 1304 620,
885 1238 928 1292 C
951 1256 965 1291 ι
983 1234 1252 1313 Κλέαρχος
1271 1236 1323 1292 ἐν
1339 1239 1414 1314 τῷ
1425 1234 1660 1315 προτέρῳ

107 1323 234 1401 Περὶ
252 1322 456 1404 γρίφων
471 1326 496 1399 l
511 1343 651 1399 vso·
676 1322 947 1403 mdiv)-
969 1346 992 1373 ·
1012 1318 1098 1379 Τὰ
1127 1320 1430 1401 Ἀρχιλόχου
1462 1323 1656 1399 (φησὶν)

106 1415 130 1465 δ
155 1409 450 1487 Σιμωνίδης
478 1412 510 1466 ὁ
539 1407 829 1473 Ζακύνθιος
870 1408 924 1464 ἐν
957 1415 1063 1472 τοῖς
1100 1406 1328 1487 θεάτροις
1362 1407 1449 1466 ἐπὶ
1479 1407 1659 1487 δίφρου

107 1488 380 1563 καθήμενός
403 1486 725 1566 ἐρραψῴδει.
749 1489 1042 1562 Vulgatam
1071 1483 1204 1564 Περὶ
1239 1488 1451 1567 γραφῶν
1471 1499 1662 1544 tuetur

107 1577 643 1650 Schweighaeuserus
659 1573 732 1629 ad
755 1574 812 1631 h.
844 1575 882 1628 1.
922 1597 948 1623 «ι
978 1575 1046 1630 In
1069 1573 1217 1628 libro
1246 1576 1344 1647 qui
1369 1571 1503 1651 Περὶ
1530 1595 1660 1651 γρα-

110 1664 224 1737 φῶν,
247 1664 306 1717 id
333 1674 416 1718 est
438 1664 795 1736 Depicturis‚
823 1660 1119 1732 inscriptus
1142 1670 1288 1731 erat,
1310 1662 1658 1716 occasionem

111 1751 175 1804 de
223 1749 522 1821 rhapsodis
584 1747 907 1821 disputandi
963 1745 1097 1801 inde
1147 1747 1378 1802 fortasse
1432 1758 1657 1820 ceperat

112 1838 429 1905 Clearchus,
469 1834 640 1908 quod
678 1835 759 1887 illi
794 1833 1056 1887 baculum
1105 1850 1277 1887 manu
1314 1844 1559 1888 tenentes
1599 1834 1659 1887 in

115 1924 260 1992 pictis
290 1923 501 1977 tabulis
535 1920 836 1976 ostendere
869 1930 1272 1974 consueverant
1309 1920 1658 1975 auditoribus

120 2010 308 2064 formas
329 2009 642 2063 hominum
665 2024 950 2075 rerumve,
977 2004 1050 2060 de
1077 2006 1279 2078 quibus
1305 1998 1572 2080 agebatur
1599 2008 1656 2060 in

115 2096 436 2150 carminibus
465 2113 598 2168 quae
628 2094 698 2148 ab
731 2093 837 2148 illis
860 2093 1301 2147 decantabantur
1332 2092 1412 2166 (ἱ).
1447 2117 1470 2140 ι»

830 2205 926 2263 62.

183 2318 330 2373 Idem
351 2321 481 2388 vn,
507 2338 568 2393 p.
593 2317 732 2392 275,
748 2320 792 2373 B
814 2338 828 2372 ε
857 2314 1129 2395 Κλέαρχος
1147 2314 1520 2395 Ἀριστοτέλους
1549 2339 1655 2392 μα-

119 2401 283 2473 θητὴς,
303 2403 498 2469 Σολεὺς
520 2400 580 2462 δὲ
610 2402 670 2460 τὸ
687 2402 855 2479 γένος,
877 2404 931 2459 ἐν
951 2405 1026 2482 τῷ
1046 2401 1281 2483 προτέρῳ
1307 2401 1440 2482 Περὶ
1458 2403 1652 2483 γρίφων

123 2492 330 2634 mag?
342 2493 486 2569 vgo)
510 2492 717 2570 (κρατῶ
737 2487 838 2569 γὰρ
858 2488 1054 2560 καὶτῆς
1071 2487 1252 2557 λέξεως
1270 2487 1355 2547 διὰ
1381 2488 1442 2547 τὸ
1457 2488 1653 2569 σφόδρα

122 2598 196 2647 μοι
214 2599 234 2633 ε
318 2601 336 2634 ι
360 2579 660 2657 προσφιλῆ)
689 2575 875 2634 obunci
892 2598 1001 2642 πως
1025 2574 1223 2655 εἴρηκε·
1247 2602 1271 2627 ι
1302 2574 1585 2652 Φαγήσια,
1606 2578 1651 2634 οἱ

123 2661 167 2718 δὲ
190 2665 566 2739 Φαγησιπόοῒα
595 2661 1038 2743 προσαγορεύωσι
1056 2661 1154 2733 τὴν
1175 2662 1378 2740 ίορτήν.
1410 2661 1652 2730 Ἔξίλιπε

125 2748 170 2804 δὲ
196 2749 348 2827 αὕτη,
371 2752 617 2830 καθάπερ
644 2755 681 2821 ἡ
710 2754 812 2810 τῶν
842 2751 1134 2831 ῥαψῳδῶν,
1146 2749 1212 2820 ἣν
1240 2740 1365 2826 ἦγον
1393 2748 1529 2808 κατὰ
1555 2749 1650 2820 τὴν

127 2839 210 2919 τῶν
235 2838 538 2897 Διονυσίων·
583 2841 639 2896 ἐν
671 2830 709 2916 ’ᾖ
736 2836 1007 2916 παριόντες
1036 2835 1246 2895 ἵκαστοι
1269 2840 1345 2917 τῷ
1386 2839 1517 2918 θεῷ,
1548 2827 1652 2895 οἷον

127 2922 262 2996 τιμὴν
279 2924 560 2985 ἀπετέλουν
583 2922 679 2996 τὴν
702 2923 989 3004 ῥαψῳδίαν.
1009 2950 1033 2977 n
1053 2927 1221 2985 Ταῦτ’
1242 2915 1384 2982 εἶπεν
1398 2928 1428 2983 ὀ
1445 2922 1647 3004 Κλέαρ-

130 3031 221 3083 χος.
250 3012 312 3070 Εἰ
335 3013 378 3071 δ’
402 3012 672 3084 ἀπιστεῖς,
707 3001 752 3070 ὦ
787 3015 901 3071 tm·
972 3053 990 3082 ,
1029 3010 1119 3069 καὶ
1144 3010 1205 3069 τὸ
1242 3009 1441 3088 βιόλίον
1463 3033 1647 3082 κεκτη·

127 3093 254 3165 μένος
281 3100 338 3156 οὔ
357 3100 602 3179 φθονήσω
630 3097 738 3157 σοί·
767 3098 857 3178 ἀφ’
883 3122 911 3156 ο
968 3096 1140 3156 πολλὰ
1164 3096 1404 3173 ἐκμαθὼν
1427 3097 1647 3178 εὖπορῆ·

644 3268 746 3327 DE
777 3265 1102 3326 Gnu‘ffls.

561 3382 612 3441 E
648 3380 875 3440 Lumo
907 3378 1170 3439 PRIMO.

183 3570 633 3638 Clnrcbm,wiore
657 3573 780 3625 libro
802 3576 881 3628 ‚De
925 3572 1134 3637 gripbis,
1164 3574 1281 3622 ait:
1321 3591 1344 3614 α
1384 3569 1653 3623 Areliilocbl

134 3646 316 3697 cumina
330 3650 378 3698 h
393 3651 599 3701 the-uis
613 3649 887 3701 dmntavit
900 3648 1168 3701 simonides
1183 3649 1490 3710 zacynthius,
1508 3660 1654 3709 super

133 3720 230 3771 sella
242 3724 417 3777 ndens.
435 3746 462 3771 ι

189 3878 458 3943 clearchus,
481 3882 748 3935 Aristotelis
760 3882 1038 3945 discipulus,
1058 3894 1229 3944 genere
1255 3880 1482 3939 Solensis,
1497 3879 1653 3942 priore

141 3954 242 4003 libro
258 3958 320 4005 De
344 3959 519 4022 griphis
538 3962 676 4020 (nam
693 3959 794 4021 ipsa
810 3958 954 4008 verba
977 3960 1147 4018 teneo,
1165 3958 1394 4020 quoniam
1417 3968 1650 4018 perquam

142 4030 388 4084 mittimus
404 4038 512 4099 est)
533 4036 584 4084 in
605 4036 734 4084 bunc
754 4036 852 4085 rere
872 4035 1070 4085 modum
1098 4033 1286 4097 scripsit
1314 4052 1325 4081 :
1354 4052 1378 4075 «ι
1400 4032 1652 4094 Phagesia3

141 4099 208 4147 alii
237 4115 344 4152 vero
375 4105 705 4169 Pbagesiposia
739 4105 788 4154 id
822 4106 994 4154 festum
1022 4107 1212 4154 vocant.
1251 4103 1464 4153 Desitum
1493 4105 1652 4152 alitem

142 4170 200 4216 est
227 4170 334 4219 illud
359 4175 617 4237 celebrari,
648 4174 1057 4237 quemadmodum
1077 4172 1419 4236 rhapsodorum
1447 4172 1620 4222 festum
1635 4208 1650 4233 ,

143 4248 253 4305 quud
269 4252 625 4304 mechanalium
647 4258 861 4316 tempore
876 4252 1084 4314 agebant
1100 4287 1115 4312 ,
1129 4265 1229 4314 quo
1251 4251 1539 4313 prodeuntes
1559 4250 1653 4299 sin·

144 4323 226 4379 guli
235 4326 517 4389 rhapsodiam
530 4330 791 4390 canebant,
806 4330 954 4378 veluti
968 4328 1059 4379 deo
1077 4328 1306 4377 bonorem
1326 4327 1602 4376 tribuentes.
1628 4345 1652 4369 υ

148 4401 243 4450 llaec
262 4406 512 4459 clearchus
535 4409 740 4471 scripsit.
764 4407 906 4467 Quod
936 4407 976 4457 si
1004 4409 1059 4456 tu
1080 4406 1237 4455 minus
1261 4404 1443 4465 credis,
1470 4404 1652 4463 amice,

146 4474 275 4535 ipsum
295 4482 430 4533 etiam
443 4485 642 4547 librum,
662 4497 813 4547 quum
837 4482 1126 4546 possideam,
1148 4480 1316 4531 lubens
1330 4481 1493 4530 tecum
1517 4492 1650 4529 com·

147 4556 396 4619 municabo,
420 4574 447 4609 e
465 4575 563 4625 quo
581 4562 736 4611 multa
753 4560 996 4609 addiscere
1021 4559 1224 4621 poteris,
1259 4556 1434 4619 quibus
1457 4556 1654 4617 cognitis

148 4636 339 4691 suppetet
351 4636 434 4685 tibi
447 4636 711 4686 difficilium
728 4636 1049 4699 quaestionum
1067 4633 1484 4697 proponendarum
1502 4633 1651 4695 copia.

151 4707 295 4757 Narrat
312 4713 431 4763 enim
450 4715 575 4765 idem
592 4729 788 4778 quoque
800 4752 816 4776 ,
838 4715 1039 4764 Calliam
1059 4712 1397 4764 Atheniensem
1412 4725 1652 4775 gramma·

149 4782 272 4833 “mm
289 4789 552 4851 tragoediam
569 4792 921 4853 composuisse,
941 4804 969 4840 e
1001 4803 1098 4852 qua
1123 4788 1370 4852 Euripides
1387 4788 1435 4838 in
1459 4788 1624 4838 Medea
1637 4826 1652 4851 ,

150 4860 190 4903 ‘²²
219 4862 452 4923 Sophocles
479 4869 527 4918 in
553 4869 733 4930 OEdipo
760 4870 809 4917 et
835 4866 1100 4916 carminum
1127 4865 1402 4928 exeinplum
1434 4867 1483 4913 et
1509 4877 1653 4924 argu-

155 4937 278 4985 menti
293 4941 607 4996 tractationem
625 4946 934 5006 sumpserint.

832 5037 922 5087 6³.

206 5120 386 5177 Solensis
398 5131 583 5191 quidem
593 5131 855 5182 Clearchus
865 5132 1088 5194 gripbum
1106 5132 1172 5179 ita
1188 5129 1356 5178 definit
1374 5143 1385 5177 :
1402 5149 1424 5171 n
1446 5128 1655 5190 Griphus

157 5200 216 5247 61
247 5203 467 5261 problema
495 5210 730 5259 ludicrum
760 5224 859 5272 quo
881 5210 1107 5271 jubemur
1141 5208 1399 5270 quaerendo
1438 5206 1649 5256 invenire

339 5299 603 5340 ιιιιοιιειιτι
635 5305 817 5342 missos.
847 5305 991 5341 cn.-
1013 5311 1115 5346 νοι.
1147 5313 1201 5346 ιι.

1753 773 1970 838 ποιῆσαι
1996 768 2063 826 τὰ
2094 768 2227 843 μέλη
2274 767 2363 826 καὶ
2393 768 2485 838 τὴν
2524 768 2749 826 διάθεσιν
2788 771 3069 850 Εὐριπίδην
3096 775 3146 830 ἐν
3174 777 3300 845 Μη-

1752 857 1894 934 δείᾳ,
1921 855 2011 912 καὶ
2042 853 2311 934 Σοφοκλέα
2340 854 2426 911 τὸν
2461 855 2738 915 Οἰδίπουν.

2478 987 2575 1047 63.

1827 1108 1985 1164 Idem
2000 1109 2087 1176 X,
2107 1126 2166 1181 p.
2192 1106 2381 1174 448,C
2399 1126 2413 1161 ι
2432 1104 2499 1165 Ὁ
2516 1105 2610 1181 μὲν
2636 1106 2828 1172 Σολεὺς
2855 1107 3123 1187 Κλέαρχος
3141 1109 3299 1174 οὕτως

1749 1191 1998 1271 ὁρίζεται·
2043 1219 2067 1242 α
2108 1195 2296 1271 Γρῖφος
2324 1191 2609 1271 πρόὸλημα
2639 1193 3026 1263 ἐπιπαιστικὸν,
3058 1217 3297 1271 προστα-

1747 1278 1925 1336 κτικὸν
1943 1283 2033 1337 τοῦ
2064 1278 2148 1335 διὰ
2170 1277 2430 1348 ζητήσεως
2457 1278 2621 1357 εὑρεῖν
2655 1283 2720 1356 τῇ
2746 1280 2945 1360 διανοίᾳ
2968 1280 3026 1338 τὸ
3059 1282 3296 1360 προὸλη-

1747 1365 1861 1436 θὲν,
1898 1368 2054 1442 τιμῆς
2078 1361 2114 1434 ἢ
2154 1363 2427 1440 ἐπιζημίου
2451 1363 2602 1445 χάριν
2630 1365 2921 1444 εἰρημένον.
2964 1396 2986 1417 υ
3010 1368 3102 1428 Ἐν
3132 1368 3184 1425 δὲ
3216 1372 3289 1448 τῷ

1754 1452 1887 1534 Περὶ
1920 1452 2118 1534 γρίφων
2146 1457 2174 1509 ὁ
2193 1451 2345 1517 αὐτὸς
2380 1451 2649 1530 Κλέαρχός
2719 1476 2837 1523 ησιν
2867 1452 3000 1512 ἑπτὰ
3031 1454 3141 1525 εἴδη
3167 1447 3293 1513 εἶναι

1715 1537 1963 1618 ,γρίφωῑ
2007 1566 2030 1590 c·
2063 1536 2156 1597 Ἐν
2184 1537 2458 1617 γράμματι
2499 1538 2624 1614 μὲν,
2664 1562 2691 1596 ο
2714 1560 2768 1595 ον
2802 1542 3016 1618 ἐροῦμεν
3055 1540 3161 1599 ἀπὸ
3204 1548 3295 1600 τοῦ

1749 1625 1921 1706 ἄλφα,
1953 1627 2023 1691 ὡς
2069 1623 2233 1700 ὄνομά
2273 1647 2324 1682 τι
2357 1622 2527 1702 ἰχθύος
2552 1623 2588 1693 ἢ
2618 1630 2799 1703 φυτοῦ.
2843 1624 3075 1701 Ὁμοίως
3108 1625 3161 1684 δὲ
3193 1627 3291 1685 κᾶν

1747 1711 1886 1790 ἔχειν
1911 1735 1964 1769 τι
1996 1711 2183 1790 κελεύῃ
2207 1713 2309 1768 τῶν
2332 1711 2688 1791 γραμμάτων,
2716 1709 2750 1781 ἢ
2772 1711 2846 1787 μὴ
2870 1712 3004 1790 ἔχειν
3022 1737 3035 1748 ·
3059 1712 3292 1793 καθάπερ

1746 1802 1794 1858 οἱ
1822 1799 2038 1875 ἄσιγμοι
2061 1797 2369 1873 καλούμενοι
2396 1803 2500 1857 τῶν
2524 1797 2718 1876 γρίφων
2739 1822 2752 1835 ·
2776 1798 2887 1858 ὅθεν
2917 1802 3005 1858 καὶ
3039 1802 3293 1880 Πίνδαρος

1746 1885 1875 1965 πρὸς
1905 1885 1966 1944 τὸ
1984 1909 2018 1944 σ
2035 1884 2278 1955 ἐποίησεν
2308 1884 2445 1965 ᾠδὴν
2464 1929 2479 1957 ,
2503 1886 2653 1943 οἱονεὶ
2680 1886 2863 1966 γρίφου
2902 1887 3031 1955 τινὸς
3056 1891 3107 1945 ἐν
3137 1891 3291 1965 μελο·

1744 1972 1889 2053 ποιίᾳ
1918 1970 2315 2052 προὸληθέντος.
2356 1971 2452 2031 Ἐν
2479 1972 2714 2051 συλλαὸῇ
2741 1975 2793 2030 δὲ
2821 1975 3055 2050 λέγονται
3083 1976 3282 2056 γρῖφοι,

1744 2051 1849 2119 οἷον
1880 2061 2095 2138 ἐροῦμεν
2118 2057 2370 2137 ἔμμετρον
2392 2058 2664 2129 ὁτιδήποτε
2683 2105 2701 2136 ,
2731 2052 2791 2118 οὗ
2818 2061 3022 2138 ἡγεῖται
3049 2066 3116 2139 βα
3135 2108 3150 2133 ,
3188 2053 3291 2120 οἷον

1748 2148 2012 2227 βασιλεύς·
2039 2144 2075 2216 ἢ
2103 2137 2176 2204 ὧν
2211 2145 2320 2223 ἔχει
2343 2145 2584 2217 τελευτὴν
2605 2146 2664 2204 τὸ
2691 2146 2816 2219 ναξ,
2844 2151 2914 2214 ὡς
2961 2149 3291 2216 Καλλιάναξ·

1744 2231 1780 2304 ἢ
1807 2223 1879 2291 ὧν
1901 2230 1990 2289 τὸν
2012 2231 2192 2290 λέοντα
2223 2234 2590 2306 καθηγεῖσθαι,
2608 2223 2714 2290 οἷον
2745 2230 3003 2302 Λεωνίδης
3022 2257 3034 2269 ·
3064 2232 3098 2304 ἢ
3119 2234 3289 2311 ἔμπα-

1742 2319 1825 2376 λιν
1860 2318 2061 2377 τελικὸν
2104 2310 2264 2391 εἶναι,
2313 2309 2415 2377 οἷον
2442 2320 2785 2398 Θρασυλέων.
2817 2320 2912 2380 Ἔν
2954 2321 3168 2397 ὀνόματι
3204 2321 3288 2391 δὲ,

1742 2396 1847 2464 οἷον
1874 2407 2087 2484 ἐροῦμεν
2118 2405 2348 2481 ὀνόματα
2384 2405 2529 2464 ἁπλᾶ
2556 2405 2590 2476 ἢ
2631 2405 2848 2465 σύνθετα
2881 2407 3200 2478 δισύλλαὸα,
3231 2401 3290 2465 οὗ

1743 2491 1917 2570 μορφή
1937 2514 2011 2557 τις
2030 2490 2333 2571 ἐμφαίνεται
2344 2492 2565 2570 τραγικὴ
2579 2539 2594 2563 ,
2612 2490 2646 2562 ἢ
2663 2491 2822 2550 πάλιν
2843 2492 3079 2561 ταπεινή·
3096 2491 3130 2562 ἢ
3156 2492 3280 2549 ἄθεα

1741 2577 1970 2654 ὀνόματα
1987 2623 2003 2654 ,
2029 2568 2133 2636 οἷον
2166 2578 2502 2654 Κλεώνυμος,
2525 2577 2561 2650 ἢ
2591 2578 2807 2658 θεοφόρα
2824 2623 2840 2649 ,
2868 2571 2976 2637 οἷον
3004 2579 3282 2643 Διονύσιος.

1747 2664 1851 2723 Καὶ
1878 2669 2029 2722 τοῦτο
2054 2664 2173 2735 ἤτοι
2207 2664 2257 2730 ἐξ
2297 2663 2403 2729 ἑνὸς
2430 2669 2543 2723 θεοῦ
2576 2662 2611 2734 ἢ
2645 2663 2901 2735 πλεόνων,
2934 2654 3040 2722 οἷον
3076 2663 3287 2742 Ἑρμα-

1741 2750 1999 2831 φρόδιτος·
2025 2749 2061 2822 ἢ
2101 2750 2205 2809 ἀπὸ
2232 2750 2351 2817 Διὸς
2384 2750 2635 2829 ἄρχεσθαι
2655 2795 2671 2823 ,
2712 2753 2961 2820 Διοκλῆς·
2992 2750 3025 2819 ἢ
3054 2750 3285 2829 Ἑρμοῦ,

1742 2836 2103 2918 Ἑρμόδωρος·
2149 2837 2182 2908 ἢ
2224 2837 2430 2916 λήγειν,
2457 2840 2501 2895 εί
2527 2836 2707 2917 τύχοι,
2757 2839 2828 2903 εἷς
2855 2860 3008 2903 νικος.
3030 2841 3099 2897 Οἱ
3124 2838 3178 2895 δὲ
3210 2838 3284 2912 μὴ

1740 2926 1967 2991 εἰπόντες
1994 2917 2069 2991 οἷς
2109 2924 2488 3004 προσετάττετο
2525 2922 2699 2983 ἔπινον
2730 2922 2791 2982 τὸ
2830 2924 3092 3003 ποτήριον.
3128 2952 3151 2977 ¹·
3182 2924 3288 2984 Καὶ

1739 3015 1766 3069 ὁ
1790 3010 1884 3088 μὲν
1907 3011 2181 3091 Κλέαρχος
2200 3010 2360 3077 οὕτως
2379 3011 2628 3090 ὡρίσατο.
2651 3016 2714 3069 V.
2732 3014 3039 3078 Casauboni
3064 3016 3287 3069 Excurs.

1738 3100 1811 3157 ad
1838 3102 1899 3156 h.
1932 3101 1973 3158 l.

1741 3266 1914 3316 mentiz
1941 3266 2227 3329 cogitatione
2257 3266 2305 3314 id
2329 3265 2458 3328 quod
2482 3267 2776 3328 propositum
2800 3270 2869 3314 est
2888 3302 2902 3322 ‚
2938 3266 3068 3328 quod
3098 3265 3289 3314 honoris

1739 3348 1825 3396 aut
1858 3346 2056 3397 mulctae
2085 3360 2227 3397 causa
2249 3347 2443 3397 dicitur.
2486 3368 2509 3390 n
2536 3350 2591 3396 ln
2613 3348 2819 3396 tractatu
2857 3359 2973 3395 vero
3012 3350 3081 3396 De
3113 3343 3309 3409 gripliis'

1742 3424 1870 3474 idem
1892 3425 2152 3475 Clearchus
2170 3426 2238 3475 ait
2253 3462 2268 3486 ,
2291 3430 2472 3488 septem
2498 3438 2599 3474 esse
2619 3426 2799 3487 species
2820 3425 3114 3487 griphorum.
3136 3428 3188 3474 ln
3210 3425 3286 3473 lit-

1741 3506 1840 3552 tera
1856 3538 1872 3563 ‚
1886 3514 2042 3565 quum
2058 3502 2315 3553 dicendum
2336 3504 2410 3552 est
2426 3515 2624 3556 nomen.
2644 3503 2795 3552 veluti
2815 3503 2956 3564 piscis
2978 3503 3063 3550 aut
3080 3503 3257 3564 plantae
3272 3541 3285 3564 ,

1739 3591 1767 3626 a
1787 3581 1919 3628 certa
1939 3578 2130 3640 littera,
2149 3578 2283 3628 verbi
2307 3590 2450 3627 causa
2483 3577 2544 3628 ab
2562 3595 2593 3626 α
2618 3578 2862 3641 incipiens.
2886 3578 3111 3626 Similiter
3136 3591 3286 3640 quum

1736 3656 1874 3716 jubet
1922 3656 1992 3718 (is
2024 3658 2111 3720 qui
2158 3657 2381 3719 gripbum
2429 3657 2685 3719 proponit)
2735 3655 2892 3706 dicere
2927 3656 3172 3718 quidpiam
3212 3658 3289 3705 cul

1741 3736 1850 3786 insit
1883 3738 1969 3786 aut
1989 3748 2087 3786 non
2118 3736 2230 3786 insit
2259 3739 2388 3786 certa
2412 3735 2632 3798 quaedam
2661 3734 2835 3785 littera.
2864 3735 3003 3784 Tales
3029 3738 3139 3784 sunt
3168 3748 3289 3797 quos

1740 3812 1943 3875 asigmoa
1964 3816 2139 3863 vocant
2159 3813 2349 3876 griphos
2375 3828 2386 3861 ι
2423 3811 2550 3861 unde
2573 3814 2622 3861 et
2646 3811 2879 3862 Pindarus
2915 3812 2993 3871 (v.
3006 3812 3089 3871 fr.
3117 3814 3211 3872 68)
3240 3813 3286 3861 in

1740 3908 1774 3940 σ
1791 3892 2001 3942 litteram
2026 3892 2151 3942 oden
2187 3892 2326 3953 tecit,
2354 3889 2719 3954 quasiquodam
2746 3889 2914 3951 gripho
2951 3890 2998 3937 in
3018 3890 3166 3951 lyrico
3188 3903 3286 3937 car-

1740 3970 1869 4020 mine
1903 3971 2160 4034 proposito.
2198 3972 2251 4019 ln
2287 3969 2470 4031 syllaba
2504 3980 2620 4017 vero
2655 3966 2882 4017 dicuntur
2915 3966 3100 4027 griphi,
3134 3978 3285 4027 quum

1739 4046 1898 4096 dicere
1918 4046 2146 4108 iubemur
2167 4055 2358 4095 versum
2384 4044 2656 4106 quempiam
2670 4079 2684 4103 ,
2704 4055 2734 4091 a
2767 4044 2830 4105 βα
2852 4041 3033 4103 syllaba
3050 4078 3064 4101 ,
3086 4040 3285 4089 velutin

1738 4137 1857 4174 voce
1880 4126 2113 4188 βασιλεὺς,
2128 4125 2458 4188 incipientem,
2479 4128 2563 4172 aut
2584 4123 2630 4171 in
2647 4122 2728 4175 ναξ
2741 4157 2754 4179 ,
2778 4119 2910 4168 verbi
2935 4131 3076 4166 causa
3094 4119 3142 4167 in
3158 4121 3284 4167 Καλ-

1740 4200 1924 4263 λιάναξ,
1962 4201 2256 4251 desinentem
2286 4219 2298 4249 ε
2333 4203 2419 4249 aut
2445 4200 2649 4260 (versus
2683 4193 2953 4257 quosdam)
2990 4206 3194 4255 quorum
3237 4194 3285 4242 iu
3340 4243 3353 4254 ,

1743 4278 1900 4328 fronte
1928 4278 1992 4327 sit
2011 4277 2118 4337 leo,
2145 4276 2276 4326 verbi
2298 4288 2441 4325 causa
2463 4286 2640 4323 nomen
2672 4267 2939 4330 Leonidas;
2966 4274 3052 4319 aut
3079 4283 3284 4331 quorum

1741 4357 1788 4405 in
1823 4355 1947 4416 flne,
1977 4357 2033 4405 ut
2062 4355 2369 4415 Thrasyleon.
2404 4357 2459 4403 ln
2491 4353 2684 4401 nomine
2721 4361 2867 4419 vero,
2900 4361 3052 4410 quum
3084 4347 3287 4398 dicimus

1725 4432 1935 4485 ,nomina
1972 4431 2206 4494 simplicia
2229 4433 2316 4479 aut
2338 4430 2599 4491 composita
2626 4426 2885 4489 disyllaba,
2907 4426 3084 4489 quibus
3107 4425 3284 4487 signiti-

1740 4514 1874 4559 cetur
1899 4511 2053 4559 forma
2081 4507 2305 4570 quaedam
2337 4507 2539 4569 tragica,
2565 4505 2665 4555 sive
2688 4518 2855 4555 rursus
2875 4503 3098 4563 humilis,
3122 4507 3177 4552 ut
3198 4516 3285 4552 no-

1741 4588 1870 4635 mina
1891 4586 1982 4634 deo
2004 4584 2242 4644 carentia,
2274 4583 2406 4633 verbi
2428 4594 2570 4633 eausa
2596 4583 2916 4644 Cleonymum
2935 4582 3019 4629 aut
3037 4580 3179 4629 deum
3199 4580 3284 4628 ha·

1741 4663 1903 4712 bentia
1922 4699 1936 4723 ,
1958 4664 2013 4709 ut
2038 4661 2294 4723 Dionysius
2315 4680 2326 4710 ε
2357 4658 2620 4722 etquidem
2638 4659 2738 4708 sive
2759 4670 2909 4707 unum
2926 4656 3283 4716 tantummodo,

1740 4741 1840 4790 sive
1857 4739 2046 4801 plures,
2066 4742 2122 4788 ut
2136 4736 2564 4798 Hermaphroditus
2576 4752 2591 4795 ;
2607 4738 2693 4784 aut
2713 4746 2824 4795 quae
2840 4733 3068 4796 incipiant
3093 4745 3121 4780 a
3143 4736 3283 4793 Jove,

1741 4822 1796 4867 ut
1813 4817 2001 4868 Diocles
2012 4833 2026 4876 ;
2045 4818 2131 4864 aut
2151 4829 2181 4864 a
2200 4815 2455 4875 Mercurio,
2475 4817 2529 4861 ut
2554 4811 2908 4871 Hermodorus;
2928 4813 3014 4858 aut
3031 4822 3139 4872 quae
3161 4809 3284 4858 desi-

1739 4899 1873 4957 nant,
1897 4895 2027 4945 verbi
2048 4907 2217 4954 causa,
2238 4894 2289 4943 in
2308 4908 2432 4949 νικος
2448 4890 2771 4951 (victoriam),
2795 4889 2871 4952 [ut
2893 4888 3148 4951 Epinicusj.
3173 4890 3285 4945 Qui·

1740 4975 1830 5023 bus
1847 4987 1965 5023 vero
1983 4972 2080 5022 tale
2099 4972 2216 5034 quid
2249 4970 2591 5034 imperabatur,
2615 4971 2648 5018 ii
2666 4970 2704 5017 si
2731 4968 2888 5017 dicere
2910 4979 3007 5015 non
3037 4969 3254 5029 poterant
3271 5004 3284 5025 ‚

1741 5052 2033 5113 propositum
2068 5049 2294 5111 poculum
2326 5046 2594 5097 ebibebant.
2640 5067 2661 5087 »-
2697 5045 2854 5106 Atque
2880 5044 2945 5091 ita
2980 5041 3173 5104 quidem
3209 5041 3285 5089 de-

1743 5128 1864 5177 finiit
1888 5126 2164 5177 Clearchus

2969 5285 3018 5325 21
