<?xml version="1.0" encoding="UTF-8"?>
<!DOCTYPE html PUBLIC "-//W3C//DTD XHTML 1.0 Transitional//EN"
    "http://www.w3.org/TR/xhtml1/DTD/xhtml1-transitional.dtd">
<html xmlns="http://www.w3.org/1999/xhtml" xml:lang="en" lang="en">
 <head>
  <title>
</title>
<meta http-equiv="Content-Type" content="text/html;charset=utf-8" />
  <meta name='ocr-system' content='tesseract 3.04.00' />
  <meta name='ocr-capabilities' content='ocr_page ocr_carea ocr_par ocr_line ocrx_word'/>
</head>
<body>
  <div class='ocr_page' id='page_1' title='image "./fragmentahistor03unkngoog_0242.png"; bbox 0 0 3900 6042; ppageno 0'>
   <div class='ocr_carea' id='block_1_1' title="bbox 1325 438 2123 525">
    <p class='ocr_par' dir='ltr' id='par_1_1' title="bbox 1325 438 2123 525">
     <span class='ocr_line' id='line_1_1' title="bbox 1325 438 2123 525; baseline 0 -4"><span class='ocrx_word' id='word_1_1' title='bbox 1325 464 1776 523; x_wconf 48' lang='lat' dir='ltr'>rnovssnsshz</span> <span class='ocrx_word' id='word_1_2' title='bbox 1828 438 2123 525; x_wconf 55' lang='lat' dir='ltr'>papnus</span> 
     </span>
    </p>
   </div>
   <div class='ocr_carea' id='block_1_2' title="bbox 102 581 1662 1967">
    <p class='ocr_par' dir='ltr' id='par_1_2' title="bbox 102 581 1662 1967">
     <span class='ocr_line' id='line_1_2' title="bbox 106 581 1657 667; baseline -0.003 -17"><span class='ocrx_word' id='word_1_3' title='bbox 106 606 155 650; x_wconf 81' lang='lat' dir='ltr'>et</span> <span class='ocrx_word' id='word_1_4' title='bbox 180 595 499 649; x_wconf 76' lang='lat' dir='ltr'>accuratius</span> <span class='ocrx_word' id='word_1_5' title='bbox 528 612 587 665; x_wconf 87' lang='lat' dir='ltr'>p.</span> <span class='ocrx_word' id='word_1_6' title='bbox 626 591 699 645; x_wconf 81' lang='lat'>66</span> <span class='ocrx_word' id='word_1_7' title='bbox 742 611 754 643; x_wconf 74' lang='grc' dir='ltr'>ε</span> <span class='ocrx_word' id='word_1_8' title='bbox 793 587 1033 647; x_wconf 78' lang='grc' dir='ltr'><strong>Πέπλον·</strong></span> <span class='ocrx_word' id='word_1_9' title='bbox 1064 588 1299 666; x_wconf 70' lang='grc' dir='ltr'><strong>περιέχει</strong></span> <span class='ocrx_word' id='word_1_10' title='bbox 1343 589 1397 645; x_wconf 85' lang='grc' dir='ltr'>δὲ</span> <span class='ocrx_word' id='word_1_11' title='bbox 1417 581 1657 667; x_wconf 57' lang='grc' dir='ltr'><strong>’ἱστορίαν</strong></span> 
     </span>
     <span class='ocr_line' id='line_1_3' title="bbox 105 678 1657 753; baseline -0.003 -18"><span class='ocrx_word' id='word_1_12' title='bbox 105 678 409 753; x_wconf 78' lang='grc' dir='ltr'><strong>σύμμικτον.</strong></span> <span class='ocrx_word' id='word_1_13' title='bbox 432 679 609 750; x_wconf 89' lang='lat' dir='ltr'>Quod</span> <span class='ocrx_word' id='word_1_14' title='bbox 632 678 1005 732; x_wconf 84' lang='lat' dir='ltr'>testimonium</span> <span class='ocrx_word' id='word_1_15' title='bbox 1028 691 1261 751; x_wconf 87' lang='lat' dir='ltr'>apparet</span> <span class='ocrx_word' id='word_1_16' title='bbox 1275 697 1444 750; x_wconf 88' lang='lat' dir='ltr'>quam</span> <span class='ocrx_word' id='word_1_17' title='bbox 1460 680 1657 751; x_wconf 89' lang='lat' dir='ltr'>pulcre</span> 
     </span>
     <span class='ocr_line' id='line_1_4' title="bbox 104 766 1659 839; baseline -0.003 -18"><span class='ocrx_word' id='word_1_18' title='bbox 104 787 221 822; x_wconf 81' lang='lat' dir='ltr'>rum</span> <span class='ocrx_word' id='word_1_19' title='bbox 238 769 523 822; x_wconf 87' lang='lat' dir='ltr'>memoria</span> <span class='ocrx_word' id='word_1_20' title='bbox 546 766 790 821; x_wconf 87' lang='lat' dir='ltr'>Socratis</span> <span class='ocrx_word' id='word_1_21' title='bbox 811 767 1044 819; x_wconf 87' lang='lat' dir='ltr'>concina</span> <span class='ocrx_word' id='word_1_22' title='bbox 1054 778 1088 822; x_wconf 92' lang='lat' dir='ltr'>t.</span> <span class='ocrx_word' id='word_1_23' title='bbox 1112 767 1241 820; x_wconf 86' lang='lat' dir='ltr'>Fuit</span> <span class='ocrx_word' id='word_1_24' title='bbox 1266 767 1437 839; x_wconf 85' lang='lat' dir='ltr'>igitur</span> <span class='ocrx_word' id='word_1_25' title='bbox 1458 766 1659 838; x_wconf 87' lang='lat' dir='ltr'>Peplus</span> 
     </span>
     <span class='ocr_line' id='line_1_5' title="bbox 104 851 1658 926; baseline -0.003 -17"><span class='ocrx_word' id='word_1_26' title='bbox 104 875 164 909; x_wconf 81' lang='lat' dir='ltr'>ex</span> <span class='ocrx_word' id='word_1_27' title='bbox 205 873 403 908; x_wconf 89' lang='lat' dir='ltr'>eorum</span> <span class='ocrx_word' id='word_1_28' title='bbox 445 872 660 926; x_wconf 82' lang='lat' dir='ltr'><strong>genere</strong></span> <span class='ocrx_word' id='word_1_29' title='bbox 686 854 1021 925; x_wconf 85' lang='lat' dir='ltr'>scriptorum</span> <span class='ocrx_word' id='word_1_30' title='bbox 1039 894 1052 919; x_wconf 90' lang='lat'>,</span> <span class='ocrx_word' id='word_1_31' title='bbox 1081 872 1204 924; x_wconf 85' lang='lat' dir='ltr'>quae</span> <span class='ocrx_word' id='word_1_32' title='bbox 1252 854 1308 905; x_wconf 91' lang='lat' dir='ltr'>in</span> <span class='ocrx_word' id='word_1_33' title='bbox 1350 851 1658 905; x_wconf 87' lang='lat' dir='ltr'>enarranda</span> 
     </span>
     <span class='ocr_line' id='line_1_6' title="bbox 102 935 1656 1015; baseline -0.002 -21"><span class='ocrx_word' id='word_1_34' title='bbox 102 943 267 1015; x_wconf 78' lang='lat' dir='ltr'>prisca</span> <span class='ocrx_word' id='word_1_35' title='bbox 302 953 361 995; x_wconf 81' lang='lat' dir='ltr'>et</span> <span class='ocrx_word' id='word_1_36' title='bbox 410 940 673 994; x_wconf 79' lang='lat' dir='ltr'>sabulosa</span> <span class='ocrx_word' id='word_1_37' title='bbox 717 940 946 994; x_wconf 86' lang='lat' dir='ltr'>historia</span> <span class='ocrx_word' id='word_1_38' title='bbox 988 951 1259 1013; x_wconf 86' lang='lat' dir='ltr'>occupata</span> <span class='ocrx_word' id='word_1_39' title='bbox 1315 935 1656 1012; x_wconf 83' lang='grc' dir='ltr'><strong>Συμμίκτων,</strong></span> 
     </span>
     <span class='ocr_line' id='line_1_7' title="bbox 105 1025 1655 1098; baseline -0.003 -17"><span class='ocrx_word' id='word_1_40' title='bbox 105 1025 370 1095; x_wconf 64' lang='grc' dir='ltr'><strong>ῗ-ἱτοίκτων,</strong></span> <span class='ocrx_word' id='word_1_41' title='bbox 394 1026 681 1082; x_wconf 77' lang='lat' dir='ltr'>similibus</span> <span class='ocrx_word' id='word_1_42' title='bbox 707 1026 1177 1098; x_wconf 79' lang='lat' dir='ltr'>appellationibus</span> <span class='ocrx_word' id='word_1_43' title='bbox 1219 1026 1655 1081; x_wconf 80' lang='lat' dir='ltr'>exornabantur.</span> 
     </span>
     <span class='ocr_line' id='line_1_8' title="bbox 106 1112 1662 1200; baseline -0.004 -31"><span class='ocrx_word' id='word_1_44' title='bbox 106 1118 163 1169; x_wconf 85' lang='lat' dir='ltr'>Et</span> <span class='ocrx_word' id='word_1_45' title='bbox 185 1114 503 1168; x_wconf 72' lang='lat' dir='ltr'>videndum</span> <span class='ocrx_word' id='word_1_46' title='bbox 530 1123 613 1167; x_wconf 88' lang='lat' dir='ltr'>est</span> <span class='ocrx_word' id='word_1_47' title='bbox 642 1131 716 1200; x_wconf 57' lang='lat' dir='ltr'>ge</span> <span class='ocrx_word' id='word_1_48' title='bbox 746 1113 946 1185; x_wconf 88' lang='lat' dir='ltr'>Peplus</span> <span class='ocrx_word' id='word_1_49' title='bbox 964 1112 1175 1185; x_wconf 80' lang='lat' dir='ltr'>duplici</span> <span class='ocrx_word' id='word_1_50' title='bbox 1206 1113 1374 1167; x_wconf 87' lang='lat' dir='ltr'>suerit</span> <span class='ocrx_word' id='word_1_51' title='bbox 1399 1113 1559 1165; x_wconf 89' lang='lat' dir='ltr'>titulo</span> <span class='ocrx_word' id='word_1_52' title='bbox 1586 1112 1662 1163; x_wconf 90' lang='lat' dir='ltr'>in·</span> 
     </span>
     <span class='ocr_line' id='line_1_9' title="bbox 104 1197 1658 1275; baseline -0.005 -18"><span class='ocrx_word' id='word_1_53' title='bbox 104 1204 334 1275; x_wconf 73' lang='lat' dir='ltr'>signitas.</span> <span class='ocrx_word' id='word_1_54' title='bbox 366 1201 602 1255; x_wconf 85' lang='lat' dir='ltr'>Etenim</span> <span class='ocrx_word' id='word_1_55' title='bbox 631 1200 726 1271; x_wconf 90' lang='lat' dir='ltr'>qui</span> <span class='ocrx_word' id='word_1_56' title='bbox 756 1197 991 1272; x_wconf 90' lang='lat' dir='ltr'>Peplum</span> <span class='ocrx_word' id='word_1_57' title='bbox 1012 1201 1233 1272; x_wconf 79' lang='lat' dir='ltr'>ignorat</span> <span class='ocrx_word' id='word_1_58' title='bbox 1260 1201 1540 1272; x_wconf 82' lang='lat' dir='ltr'>Diogenes</span> <span class='ocrx_word' id='word_1_59' title='bbox 1556 1215 1658 1250; x_wconf 88' lang='lat' dir='ltr'>no-</span> 
     </span>
     <span class='ocr_line' id='line_1_10' title="bbox 104 1280 1660 1359; baseline -0.003 -18"><span class='ocrx_word' id='word_1_60' title='bbox 104 1290 176 1341; x_wconf 76' lang='lat' dir='ltr'>vit</span> <span class='ocrx_word' id='word_1_61' title='bbox 196 1282 431 1341; x_wconf 77' lang='grc' dir='ltr'><strong>Ἄτακτα</strong></span> <span class='ocrx_word' id='word_1_62' title='bbox 457 1282 701 1340; x_wconf 82' lang='grc' dir='ltr'>δεκαδύο.</span> <span class='ocrx_word' id='word_1_63' title='bbox 721 1280 1055 1358; x_wconf 75' lang='grc' dir='ltr'><strong>Ἐξηγημένα</strong></span> <span class='ocrx_word' id='word_1_64' title='bbox 1077 1280 1214 1339; x_wconf 74' lang='grc' dir='ltr'><strong>κατὰ</strong></span> <span class='ocrx_word' id='word_1_65' title='bbox 1236 1280 1379 1357; x_wconf 86' lang='grc' dir='ltr'><strong>γένος</strong></span> <span class='ocrx_word' id='word_1_66' title='bbox 1398 1325 1416 1357; x_wconf 81' lang='grc'><strong>,</strong></span> <span class='ocrx_word' id='word_1_67' title='bbox 1437 1280 1660 1359; x_wconf 84' lang='grc' dir='ltr'><strong>τέτταρα</strong></span> 
     </span>
     <span class='ocr_line' id='line_1_11' title="bbox 106 1369 1662 1444; baseline -0.004 -16"><span class='ocrx_word' id='word_1_68' title='bbox 106 1375 184 1428; x_wconf 72' lang='grc' dir='ltr'><strong>καὶ</strong></span> <span class='ocrx_word' id='word_1_69' title='bbox 210 1371 365 1440; x_wconf 82' lang='grc' dir='ltr'><strong>δέκα,</strong></span> <span class='ocrx_word' id='word_1_70' title='bbox 411 1373 522 1426; x_wconf 75' lang='lat' dir='ltr'>sub</span> <span class='ocrx_word' id='word_1_71' title='bbox 556 1391 673 1444; x_wconf 89' lang='lat' dir='ltr'>quo</span> <span class='ocrx_word' id='word_1_72' title='bbox 703 1373 931 1425; x_wconf 87' lang='lat' dir='ltr'>nomine</span> <span class='ocrx_word' id='word_1_73' title='bbox 969 1389 1086 1424; x_wconf 91' lang='lat' dir='ltr'>non</span> <span class='ocrx_word' id='word_1_74' title='bbox 1126 1369 1368 1424; x_wconf 78' lang='lat' dir='ltr'>absurde</span> <span class='ocrx_word' id='word_1_75' title='bbox 1401 1369 1662 1423; x_wconf 83' lang='lat' dir='ltr'>videmur</span> 
     </span>
     <span class='ocr_line' id='line_1_12' title="bbox 108 1457 1661 1530; baseline -0.003 -17"><span class='ocrx_word' id='word_1_76' title='bbox 108 1462 368 1530; x_wconf 81' lang='lat' dir='ltr'>conjicere</span> <span class='ocrx_word' id='word_1_77' title='bbox 391 1461 437 1512; x_wconf 89' lang='lat' dir='ltr'>si</span> <span class='ocrx_word' id='word_1_78' title='bbox 463 1458 716 1513; x_wconf 89' lang='lat' dir='ltr'>eundem</span> <span class='ocrx_word' id='word_1_79' title='bbox 739 1458 944 1512; x_wconf 89' lang='lat' dir='ltr'>librum</span> <span class='ocrx_word' id='word_1_80' title='bbox 973 1458 1286 1511; x_wconf 85' lang='lat' dir='ltr'>Aristotelis</span> <span class='ocrx_word' id='word_1_81' title='bbox 1313 1458 1488 1511; x_wconf 85' lang='lat' dir='ltr'>latere</span> <span class='ocrx_word' id='word_1_82' title='bbox 1509 1457 1661 1510; x_wconf 88' lang='lat' dir='ltr'>arbi-</span> 
     </span>
     <span class='ocr_line' id='line_1_13' title="bbox 110 1542 1659 1617; baseline -0.004 -16"><span class='ocrx_word' id='word_1_83' title='bbox 110 1559 323 1601; x_wconf 83' lang='lat' dir='ltr'>tramur.</span> <span class='ocrx_word' id='word_1_84' title='bbox 359 1547 725 1617; x_wconf 80' lang='lat' dir='ltr'>Quamquam</span> <span class='ocrx_word' id='word_1_85' title='bbox 754 1545 974 1599; x_wconf 89' lang='lat' dir='ltr'>obstare</span> <span class='ocrx_word' id='word_1_86' title='bbox 993 1546 1117 1617; x_wconf 88' lang='lat' dir='ltr'>quis</span> <span class='ocrx_word' id='word_1_87' title='bbox 1140 1543 1288 1598; x_wconf 89' lang='lat' dir='ltr'>dicat</span> <span class='ocrx_word' id='word_1_88' title='bbox 1323 1542 1483 1615; x_wconf 91' lang='lat' dir='ltr'>quod</span> <span class='ocrx_word' id='word_1_89' title='bbox 1502 1547 1659 1597; x_wconf 79' lang='lat' dir='ltr'>Ano-</span> 
     </span>
     <span class='ocr_line' id='line_1_14' title="bbox 110 1626 1659 1706; baseline -0.002 -20"><span class='ocrx_word' id='word_1_90' title='bbox 110 1652 289 1705; x_wconf 72' lang='lat' dir='ltr'>nymus</span> <span class='ocrx_word' id='word_1_91' title='bbox 310 1653 375 1706; x_wconf 88' lang='lat' dir='ltr'>p.</span> <span class='ocrx_word' id='word_1_92' title='bbox 403 1634 482 1696; x_wconf 72' lang='lat'>64</span> <span class='ocrx_word' id='word_1_93' title='bbox 534 1644 743 1705; x_wconf 83' lang='lat' dir='ltr'>praeter</span> <span class='ocrx_word' id='word_1_94' title='bbox 784 1632 1019 1704; x_wconf 90' lang='lat' dir='ltr'>Peplum</span> <span class='ocrx_word' id='word_1_95' title='bbox 1048 1632 1216 1685; x_wconf 89' lang='lat' dir='ltr'>etiam</span> <span class='ocrx_word' id='word_1_96' title='bbox 1255 1627 1561 1686; x_wconf 79' lang='grc' dir='ltr'><strong>Διατάκτων</strong></span> <span class='ocrx_word' id='word_1_97' title='bbox 1593 1626 1659 1683; x_wconf 64' lang='grc' dir='ltr'>ιδ’</span> 
     </span>
     <span class='ocr_line' id='line_1_15' title="bbox 110 1712 1656 1795; baseline -0.004 -22"><span class='ocrx_word' id='word_1_98' title='bbox 110 1720 344 1795; x_wconf 61' lang='lat' dir='ltr'>(volebat</span> <span class='ocrx_word' id='word_1_99' title='bbox 387 1713 699 1789; x_wconf 77' lang='grc' dir='ltr'><strong>Ἀτάκτων)</strong></span> <span class='ocrx_word' id='word_1_100' title='bbox 743 1728 798 1771; x_wconf 89' lang='lat' dir='ltr'>et</span> <span class='ocrx_word' id='word_1_101' title='bbox 820 1712 1226 1789; x_wconf 76' lang='grc' dir='ltr'><strong>Ἐξητασμένων</strong></span> <span class='ocrx_word' id='word_1_102' title='bbox 1251 1712 1389 1770; x_wconf 76' lang='grc' dir='ltr'><strong>κατὰ</strong></span> <span class='ocrx_word' id='word_1_103' title='bbox 1422 1712 1563 1790; x_wconf 87' lang='grc' dir='ltr'><strong>γένος</strong></span> <span class='ocrx_word' id='word_1_104' title='bbox 1594 1712 1656 1768; x_wconf 78' lang='grc' dir='ltr'>ιδ’</span> 
     </span>
     <span class='ocr_line' id='line_1_16' title="bbox 110 1801 1660 1878; baseline -0.004 -18"><span class='ocrx_word' id='word_1_105' title='bbox 110 1808 303 1878; x_wconf 80' lang='lat' dir='ltr'>posuit3</span> <span class='ocrx_word' id='word_1_106' title='bbox 328 1818 393 1861; x_wconf 89' lang='lat' dir='ltr'>ut</span> <span class='ocrx_word' id='word_1_107' title='bbox 413 1825 541 1859; x_wconf 90' lang='lat' dir='ltr'>non</span> <span class='ocrx_word' id='word_1_108' title='bbox 577 1804 835 1858; x_wconf 75' lang='lat' dir='ltr'>videatur</span> <span class='ocrx_word' id='word_1_109' title='bbox 862 1804 1159 1857; x_wconf 81' lang='lat' dir='ltr'>verisimile</span> <span class='ocrx_word' id='word_1_110' title='bbox 1197 1803 1403 1856; x_wconf 86' lang='lat' dir='ltr'>librum</span> <span class='ocrx_word' id='word_1_111' title='bbox 1430 1801 1517 1856; x_wconf 63' lang='lat' dir='ltr'>dix</span> <span class='ocrx_word' id='word_1_112' title='bbox 1529 1804 1660 1856; x_wconf 89' lang='lat' dir='ltr'>ersis</span> 
     </span>
     <span class='ocr_line' id='line_1_17' title="bbox 111 1889 1659 1967; baseline -0.002 -22"><span class='ocrx_word' id='word_1_113' title='bbox 111 1894 263 1947; x_wconf 84' lang='lat' dir='ltr'>titulis</span> <span class='ocrx_word' id='word_1_114' title='bbox 277 1892 531 1967; x_wconf 84' lang='lat' dir='ltr'>significa</span> <span class='ocrx_word' id='word_1_115' title='bbox 542 1893 588 1944; x_wconf 89' lang='lat' dir='ltr'>ri</span> <span class='ocrx_word' id='word_1_116' title='bbox 608 1909 805 1946; x_wconf 90' lang='lat' dir='ltr'>unum.</span> <span class='ocrx_word' id='word_1_117' title='bbox 827 1892 903 1945; x_wconf 85' lang='lat' dir='ltr'>At</span> <span class='ocrx_word' id='word_1_118' title='bbox 921 1900 1137 1944; x_wconf 88' lang='lat' dir='ltr'>constat</span> <span class='ocrx_word' id='word_1_119' title='bbox 1159 1900 1371 1963; x_wconf 87' lang='lat' dir='ltr'>quanto</span> <span class='ocrx_word' id='word_1_120' title='bbox 1393 1907 1566 1961; x_wconf 88' lang='lat' dir='ltr'>opere</span> <span class='ocrx_word' id='word_1_121' title='bbox 1602 1889 1659 1941; x_wconf 91' lang='lat' dir='ltr'>in</span> 
     </span>
    </p>
   </div>
   <div class='ocr_carea' id='block_1_3' title="bbox 114 1976 1660 4298">
    <p class='ocr_par' dir='ltr' id='par_1_3' title="bbox 114 1976 1660 4298">
     <span class='ocr_line' id='line_1_18' title="bbox 114 1976 1660 2041; baseline -0.003 -2"><span class='ocrx_word' id='word_1_122' title='bbox 114 1988 204 2041; x_wconf 86' lang='lat' dir='ltr'>illis</span> <span class='ocrx_word' id='word_1_123' title='bbox 217 1976 469 2041; x_wconf 84' lang='lat' dir='ltr'>indiculis</span> <span class='ocrx_word' id='word_1_124' title='bbox 479 1985 561 2040; x_wconf 83' lang='lat' dir='ltr'>ad</span> <span class='ocrx_word' id='word_1_125' title='bbox 574 1983 742 2039; x_wconf 80' lang='lat' dir='ltr'>fidem</span> <span class='ocrx_word' id='word_1_126' title='bbox 758 1984 1033 2038; x_wconf 85' lang='lat' dir='ltr'>librorum</span> <span class='ocrx_word' id='word_1_127' title='bbox 1045 1983 1298 2037; x_wconf 88' lang='lat' dir='ltr'>nondum</span> <span class='ocrx_word' id='word_1_128' title='bbox 1311 1984 1437 2038; x_wconf 86' lang='lat' dir='ltr'>satis</span> <span class='ocrx_word' id='word_1_129' title='bbox 1456 1984 1660 2038; x_wconf 76' lang='lat' dir='ltr'>exactis</span> 
     </span>
     <span class='ocr_line' id='line_1_19' title="bbox 114 2068 1656 2142; baseline -0.001 -19"><span class='ocrx_word' id='word_1_130' title='bbox 114 2072 350 2126; x_wconf 84' lang='lat' dir='ltr'>turbetur</span> <span class='ocrx_word' id='word_1_131' title='bbox 376 2088 393 2127; x_wconf 70' lang='grc' dir='ltr'><strong>ι</strong></span> <span class='ocrx_word' id='word_1_132' title='bbox 417 2083 476 2125; x_wconf 91' lang='lat' dir='ltr'>et</span> <span class='ocrx_word' id='word_1_133' title='bbox 490 2081 563 2124; x_wconf 90' lang='lat' dir='ltr'>ut</span> <span class='ocrx_word' id='word_1_134' title='bbox 586 2072 703 2142; x_wconf 90' lang='lat' dir='ltr'>ipse</span> <span class='ocrx_word' id='word_1_135' title='bbox 730 2074 1060 2142; x_wconf 78' lang='lat' dir='ltr'>Anonymus</span> <span class='ocrx_word' id='word_1_136' title='bbox 1078 2068 1319 2142; x_wconf 87' lang='lat' dir='ltr'>Peplum</span> <span class='ocrx_word' id='word_1_137' title='bbox 1339 2070 1427 2123; x_wconf 91' lang='lat' dir='ltr'>bis</span> <span class='ocrx_word' id='word_1_138' title='bbox 1442 2088 1656 2123; x_wconf 88' lang='lat' dir='ltr'>memo-</span> 
     </span>
     <span class='ocr_line' id='line_1_20' title="bbox 120 2157 1657 2229; baseline -0.004 -16"><span class='ocrx_word' id='word_1_139' title='bbox 120 2161 256 2227; x_wconf 75' lang='lat' dir='ltr'>ravit,</span> <span class='ocrx_word' id='word_1_140' title='bbox 279 2161 352 2213; x_wconf 88' lang='lat' dir='ltr'>sic</span> <span class='ocrx_word' id='word_1_141' title='bbox 368 2160 559 2212; x_wconf 89' lang='lat' dir='ltr'>homo</span> <span class='ocrx_word' id='word_1_142' title='bbox 581 2158 813 2229; x_wconf 86' lang='lat' dir='ltr'>supinus</span> <span class='ocrx_word' id='word_1_143' title='bbox 838 2157 1081 2228; x_wconf 86' lang='lat' dir='ltr'>ejusdem</span> <span class='ocrx_word' id='word_1_144' title='bbox 1103 2158 1234 2211; x_wconf 80' lang='lat' dir='ltr'>libri</span> <span class='ocrx_word' id='word_1_145' title='bbox 1258 2175 1289 2210; x_wconf 90' lang='lat' dir='ltr'>a</span> <span class='ocrx_word' id='word_1_146' title='bbox 1307 2174 1363 2211; x_wconf 87' lang='lat' dir='ltr'>se</span> <span class='ocrx_word' id='word_1_147' title='bbox 1386 2174 1657 2228; x_wconf 81' lang='lat' dir='ltr'>nusquam</span> 
     </span>
     <span class='ocr_line' id='line_1_21' title="bbox 121 2244 1657 2318; baseline -0.001 -20"><span class='ocrx_word' id='word_1_148' title='bbox 121 2247 341 2318; x_wconf 85' lang='lat' dir='ltr'>usurpati</span> <span class='ocrx_word' id='word_1_149' title='bbox 385 2245 685 2318; x_wconf 87' lang='lat' dir='ltr'>duplicem</span> <span class='ocrx_word' id='word_1_150' title='bbox 722 2244 943 2298; x_wconf 88' lang='lat' dir='ltr'>titulum</span> <span class='ocrx_word' id='word_1_151' title='bbox 999 2262 1067 2298; x_wconf 79' lang='lat' dir='ltr'>ex</span> <span class='ocrx_word' id='word_1_152' title='bbox 1102 2244 1421 2316; x_wconf 67' lang='lat' dir='ltr'>argumenti</span> <span class='ocrx_word' id='word_1_153' title='bbox 1458 2253 1657 2297; x_wconf 88' lang='lat' dir='ltr'>natura</span> 
     </span>
     <span class='ocr_line' id='line_1_22' title="bbox 120 2329 1656 2405; baseline -0.003 -20"><span class='ocrx_word' id='word_1_154' title='bbox 120 2333 350 2387; x_wconf 78' lang='lat' dir='ltr'>haustum</span> <span class='ocrx_word' id='word_1_155' title='bbox 395 2350 696 2405; x_wconf 89' lang='lat' dir='ltr'>apponere</span> <span class='ocrx_word' id='word_1_156' title='bbox 717 2373 732 2397; x_wconf 91' lang='lat'>‚</span> <span class='ocrx_word' id='word_1_157' title='bbox 775 2341 973 2385; x_wconf 90' lang='lat' dir='ltr'>contra</span> <span class='ocrx_word' id='word_1_158' title='bbox 997 2331 1279 2403; x_wconf 82' lang='lat' dir='ltr'>Diogenes</span> <span class='ocrx_word' id='word_1_159' title='bbox 1306 2329 1656 2400; x_wconf 81' lang='lat' dir='ltr'>acquiescere</span> 
     </span>
     <span class='ocr_line' id='line_1_23' title="bbox 120 2411 1655 2490; baseline -0.003 -18"><span class='ocrx_word' id='word_1_160' title='bbox 120 2422 277 2490; x_wconf 87' lang='lat' dir='ltr'>potuit</span> <span class='ocrx_word' id='word_1_161' title='bbox 325 2422 384 2473; x_wconf 88' lang='lat' dir='ltr'>in</span> <span class='ocrx_word' id='word_1_162' title='bbox 410 2438 531 2474; x_wconf 88' lang='lat' dir='ltr'>uno</span> <span class='ocrx_word' id='word_1_163' title='bbox 568 2411 863 2474; x_wconf 76' lang='grc' dir='ltr'><strong>Ἄτακτα...</strong></span> <span class='ocrx_word' id='word_1_164' title='bbox 915 2419 1101 2487; x_wconf 84' lang='lat' dir='ltr'>Quare</span> <span class='ocrx_word' id='word_1_165' title='bbox 1136 2416 1388 2488; x_wconf 87' lang='lat' dir='ltr'>suspicor</span> <span class='ocrx_word' id='word_1_166' title='bbox 1425 2415 1655 2486; x_wconf 85' lang='lat' dir='ltr'>Peplum</span> 
     </span>
     <span class='ocr_line' id='line_1_24' title="bbox 122 2496 1645 2579; baseline -0.002 -19"><span class='ocrx_word' id='word_1_167' title='bbox 122 2506 417 2579; x_wconf 84' lang='lat' dir='ltr'>inscriptum</span> <span class='ocrx_word' id='word_1_168' title='bbox 460 2506 635 2559; x_wconf 83' lang='lat' dir='ltr'>fuisse</span> <span class='ocrx_word' id='word_1_169' title='bbox 672 2521 686 2560; x_wconf 89' lang='lat'>:</span> <span class='ocrx_word' id='word_1_170' title='bbox 722 2499 928 2565; x_wconf 74' lang='grc' dir='ltr'><strong>Πέπλος</strong></span> <span class='ocrx_word' id='word_1_171' title='bbox 972 2498 1007 2570; x_wconf 80' lang='grc' dir='ltr'>ἢ</span> <span class='ocrx_word' id='word_1_172' title='bbox 1030 2497 1261 2559; x_wconf 77' lang='grc' dir='ltr'><strong>Ἄτακτα</strong></span> <span class='ocrx_word' id='word_1_173' title='bbox 1310 2497 1453 2576; x_wconf 77' lang='grc' dir='ltr'><strong>βιὸλ.</strong></span> <span class='ocrx_word' id='word_1_174' title='bbox 1484 2496 1578 2557; x_wconf 73' lang='lat' dir='ltr'>tC&#39;.</span> <span class='ocrx_word' id='word_1_175' title='bbox 1622 2526 1645 2548; x_wconf 78' lang='grc' dir='ltr'><strong>υ</strong></span> 
     </span>
     <span class='ocr_line' id='line_1_25' title="bbox 123 2585 1653 2664; baseline -0.003 -17"><span class='ocrx_word' id='word_1_176' title='bbox 123 2594 348 2648; x_wconf 79' lang='lat' dir='ltr'>conferri</span> <span class='ocrx_word' id='word_1_177' title='bbox 371 2592 588 2647; x_wconf 84' lang='lat' dir='ltr'>deinde</span> <span class='ocrx_word' id='word_1_178' title='bbox 625 2591 785 2662; x_wconf 87' lang='lat' dir='ltr'>jubet</span> <span class='ocrx_word' id='word_1_179' title='bbox 819 2590 1200 2662; x_wconf 83' lang='lat' dir='ltr'>Euphorionis</span> <span class='ocrx_word' id='word_1_180' title='bbox 1228 2607 1371 2661; x_wconf 90' lang='lat' dir='ltr'>opus</span> <span class='ocrx_word' id='word_1_181' title='bbox 1398 2585 1653 2664; x_wconf 76' lang='grc' dir='ltr'><strong>Μοψοπία</strong></span> 
     </span>
     <span class='ocr_line' id='line_1_26' title="bbox 120 2671 1647 2751; baseline -0.006 -16"><span class='ocrx_word' id='word_1_182' title='bbox 120 2672 370 2743; x_wconf 71' lang='grc' dir='ltr'><strong>ἢἈ-’.ακτα</strong></span> <span class='ocrx_word' id='word_1_183' title='bbox 394 2679 764 2751; x_wconf 86' lang='lat' dir='ltr'>inscriptum,</span> <span class='ocrx_word' id='word_1_184' title='bbox 799 2687 969 2748; x_wconf 84' lang='lat' dir='ltr'>atque</span> <span class='ocrx_word' id='word_1_185' title='bbox 1000 2677 1126 2730; x_wconf 86' lang='lat' dir='ltr'>Istri</span> <span class='ocrx_word' id='word_1_186' title='bbox 1150 2672 1359 2730; x_wconf 85' lang='grc' dir='ltr'><strong>Ἀττικά</strong></span> <span class='ocrx_word' id='word_1_187' title='bbox 1386 2675 1474 2728; x_wconf 80' lang='lat' dir='ltr'>vel</span> <span class='ocrx_word' id='word_1_188' title='bbox 1500 2671 1647 2746; x_wconf 84' lang='grc' dir='ltr'><strong>Σύμ-</strong></span> 
     </span>
     <span class='ocr_line' id='line_1_27' title="bbox 125 2761 1651 2835; baseline -0.003 -17"><span class='ocrx_word' id='word_1_189' title='bbox 125 2785 259 2834; x_wconf 80' lang='grc' dir='ltr'><strong>μικτα</strong></span> <span class='ocrx_word' id='word_1_190' title='bbox 282 2766 365 2820; x_wconf 81' lang='lat' dir='ltr'>vel</span> <span class='ocrx_word' id='word_1_191' title='bbox 382 2761 647 2820; x_wconf 78' lang='grc' dir='ltr'><strong>Ἄτακτα.</strong></span> <span class='ocrx_word' id='word_1_192' title='bbox 670 2762 827 2835; x_wconf 89' lang='lat' dir='ltr'>Pepli</span> <span class='ocrx_word' id='word_1_193' title='bbox 854 2761 1098 2833; x_wconf 88' lang='lat' dir='ltr'>denique</span> <span class='ocrx_word' id='word_1_194' title='bbox 1121 2761 1343 2815; x_wconf 84' lang='lat' dir='ltr'>titulum</span> <span class='ocrx_word' id='word_1_195' title='bbox 1361 2779 1431 2815; x_wconf 83' lang='lat' dir='ltr'>ex</span> <span class='ocrx_word' id='word_1_196' title='bbox 1456 2779 1651 2816; x_wconf 89' lang='lat' dir='ltr'>eorum</span> 
     </span>
     <span class='ocr_line' id='line_1_28' title="bbox 126 2846 1651 2922; baseline -0.002 -19"><span class='ocrx_word' id='word_1_197' title='bbox 126 2850 263 2906; x_wconf 81' lang='lat' dir='ltr'>fuisse</span> <span class='ocrx_word' id='word_1_198' title='bbox 296 2871 534 2907; x_wconf 87' lang='lat' dir='ltr'>numero</span> <span class='ocrx_word' id='word_1_199' title='bbox 556 2892 573 2919; x_wconf 90' lang='lat'>,</span> <span class='ocrx_word' id='word_1_200' title='bbox 618 2851 715 2922; x_wconf 84' lang='lat' dir='ltr'>qui</span> <span class='ocrx_word' id='word_1_201' title='bbox 739 2846 998 2913; x_wconf 83' lang='grc' dir='ltr'><strong>ποικίλαις</strong></span> <span class='ocrx_word' id='word_1_202' title='bbox 1024 2850 1138 2904; x_wconf 86' lang='lat' dir='ltr'>sive</span> <span class='ocrx_word' id='word_1_203' title='bbox 1177 2849 1539 2903; x_wconf 85' lang='lat' dir='ltr'>miscellaneis</span> <span class='ocrx_word' id='word_1_204' title='bbox 1567 2848 1651 2901; x_wconf 76' lang='lat' dir='ltr'>lii-</span> 
     </span>
     <span class='ocr_line' id='line_1_29' title="bbox 125 2934 1650 3013; baseline 0 -23"><span class='ocrx_word' id='word_1_205' title='bbox 125 2939 280 2993; x_wconf 85' lang='lat' dir='ltr'>storiis</span> <span class='ocrx_word' id='word_1_206' title='bbox 307 2938 517 3013; x_wconf 82' lang='lat' dir='ltr'>praefigi</span> <span class='ocrx_word' id='word_1_207' title='bbox 558 2938 824 3009; x_wconf 86' lang='lat' dir='ltr'>solerent,</span> <span class='ocrx_word' id='word_1_208' title='bbox 840 2935 1048 3009; x_wconf 90' lang='lat' dir='ltr'>probat</span> <span class='ocrx_word' id='word_1_209' title='bbox 1078 2935 1403 3000; x_wconf 78' lang='lat' dir='ltr'>loco,Gellii</span> <span class='ocrx_word' id='word_1_210' title='bbox 1434 2934 1543 3008; x_wconf 88' lang='lat' dir='ltr'>(N.</span> <span class='ocrx_word' id='word_1_211' title='bbox 1583 2938 1650 2991; x_wconf 84' lang='grc' dir='ltr'><strong>Α.</strong></span> 
     </span>
     <span class='ocr_line' id='line_1_30' title="bbox 125 3022 1656 3099; baseline -0.002 -22"><span class='ocrx_word' id='word_1_212' title='bbox 125 3023 257 3094; x_wconf 78' lang='lat' dir='ltr'>praef.</span> <span class='ocrx_word' id='word_1_213' title='bbox 279 3024 322 3099; x_wconf 88' lang='lat'>),</span> <span class='ocrx_word' id='word_1_214' title='bbox 344 3026 442 3079; x_wconf 90' lang='lat' dir='ltr'>ubi</span> <span class='ocrx_word' id='word_1_215' title='bbox 465 3026 549 3079; x_wconf 84' lang='lat' dir='ltr'>sic</span> <span class='ocrx_word' id='word_1_216' title='bbox 584 3042 599 3081; x_wconf 76' lang='lat' dir='ltr'><strong><em>z</em></strong></span> <span class='ocrx_word' id='word_1_217' title='bbox 640 3024 787 3077; x_wconf 88' lang='lat' dir='ltr'>Nam</span> <span class='ocrx_word' id='word_1_218' title='bbox 826 3028 922 3095; x_wconf 83' lang='lat' dir='ltr'>qui</span> <span class='ocrx_word' id='word_1_219' title='bbox 941 3026 1152 3076; x_wconf 78' lang='lat' dir='ltr'>variam</span> <span class='ocrx_word' id='word_1_220' title='bbox 1183 3034 1241 3077; x_wconf 81' lang='lat' dir='ltr'>et</span> <span class='ocrx_word' id='word_1_221' title='bbox 1273 3022 1576 3075; x_wconf 76' lang='lat' dir='ltr'>miscellam</span> <span class='ocrx_word' id='word_1_222' title='bbox 1601 3032 1656 3074; x_wconf 81' lang='lat' dir='ltr'>ee</span> 
     </span>
     <span class='ocr_line' id='line_1_31' title="bbox 128 3109 1654 3181; baseline -0.001 -19"><span class='ocrx_word' id='word_1_223' title='bbox 128 3118 260 3181; x_wconf 79' lang='lat' dir='ltr'>quasi</span> <span class='ocrx_word' id='word_1_224' title='bbox 280 3109 678 3181; x_wconf 81' lang='lat' dir='ltr'>confusaneam</span> <span class='ocrx_word' id='word_1_225' title='bbox 707 3111 1016 3163; x_wconf 78' lang='lat' dir='ltr'>doctrinam</span> <span class='ocrx_word' id='word_1_226' title='bbox 1033 3113 1482 3181; x_wconf 75' lang='lat' dir='ltr'>conquisiverunt,</span> <span class='ocrx_word' id='word_1_227' title='bbox 1522 3113 1654 3160; x_wconf 75' lang='lat' dir='ltr'>titu-</span> 
     </span>
     <span class='ocr_line' id='line_1_32' title="bbox 130 3195 1653 3270; baseline -0.001 -21"><span class='ocrx_word' id='word_1_228' title='bbox 130 3198 189 3249; x_wconf 76' lang='lat' dir='ltr'>tos</span> <span class='ocrx_word' id='word_1_229' title='bbox 199 3201 480 3270; x_wconf 83' lang='lat' dir='ltr'>quoquead</span> <span class='ocrx_word' id='word_1_230' title='bbox 493 3216 627 3253; x_wconf 83' lang='lat' dir='ltr'>eam</span> <span class='ocrx_word' id='word_1_231' title='bbox 636 3201 962 3250; x_wconf 81' lang='lat' dir='ltr'>sententiam</span> <span class='ocrx_word' id='word_1_232' title='bbox 983 3196 1433 3268; x_wconf 71' lang='lat' dir='ltr'>exquisitissimos</span> <span class='ocrx_word' id='word_1_233' title='bbox 1449 3195 1653 3247; x_wconf 75' lang='lat' dir='ltr'>indicte·</span> 
     </span>
     <span class='ocr_line' id='line_1_33' title="bbox 130 3274 1653 3345; baseline -0.002 -17"><span class='ocrx_word' id='word_1_234' title='bbox 130 3287 246 3332; x_wconf 67' lang='grc' dir='ltr'><strong>ποτε.</strong></span> <span class='ocrx_word' id='word_1_235' title='bbox 276 3278 418 3331; x_wconf 84' lang='lat' dir='ltr'>Nam</span> <span class='ocrx_word' id='word_1_236' title='bbox 445 3279 561 3331; x_wconf 82' lang='lat' dir='ltr'>alii</span> <span class='ocrx_word' id='word_1_237' title='bbox 590 3277 880 3329; x_wconf 77' lang='lat' dir='ltr'>Musarum</span> <span class='ocrx_word' id='word_1_238' title='bbox 900 3279 1304 3345; x_wconf 79' lang='lat' dir='ltr'>inscripserunt,</span> <span class='ocrx_word' id='word_1_239' title='bbox 1340 3275 1444 3326; x_wconf 77' lang='lat' dir='ltr'>alii</span> <span class='ocrx_word' id='word_1_240' title='bbox 1472 3274 1653 3326; x_wconf 67' lang='lat' dir='ltr'>Silva·</span> 
     </span>
     <span class='ocr_line' id='line_1_34' title="bbox 131 3356 1652 3437; baseline -0.003 -22"><span class='ocrx_word' id='word_1_241' title='bbox 131 3365 363 3429; x_wconf 79' lang='lat' dir='ltr'>mm‚1·ue</span> <span class='ocrx_word' id='word_1_242' title='bbox 396 3364 641 3437; x_wconf 83' lang='lat' dir='ltr'>Peplon,</span> <span class='ocrx_word' id='word_1_243' title='bbox 674 3362 763 3416; x_wconf 76' lang='lat' dir='ltr'>hic</span> <span class='ocrx_word' id='word_1_244' title='bbox 790 3356 1176 3434; x_wconf 77' lang='grc' dir='ltr'><strong>Ἀμαλθείας</strong></span> <span class='ocrx_word' id='word_1_245' title='bbox 1199 3356 1423 3435; x_wconf 84' lang='grc' dir='ltr'><strong>κέρας.</strong></span> <span class='ocrx_word' id='word_1_246' title='bbox 1448 3389 1525 3399; x_wconf 91' lang='grc'>--</span> <span class='ocrx_word' id='word_1_247' title='bbox 1551 3360 1652 3412; x_wconf 89' lang='lat' dir='ltr'>Ce-</span> 
     </span>
     <span class='ocr_line' id='line_1_35' title="bbox 135 3445 1656 3523; baseline -0.003 -22"><span class='ocrx_word' id='word_1_248' title='bbox 135 3456 287 3502; x_wconf 85' lang='lat' dir='ltr'>terum</span> <span class='ocrx_word' id='word_1_249' title='bbox 337 3453 609 3523; x_wconf 82' lang='lat' dir='ltr'>quaeritur</span> <span class='ocrx_word' id='word_1_250' title='bbox 638 3468 771 3502; x_wconf 90' lang='lat' dir='ltr'>num</span> <span class='ocrx_word' id='word_1_251' title='bbox 814 3449 1015 3520; x_wconf 83' lang='lat' dir='ltr'>Peplus</span> <span class='ocrx_word' id='word_1_252' title='bbox 1051 3447 1305 3519; x_wconf 80' lang='lat' dir='ltr'>genuinis</span> <span class='ocrx_word' id='word_1_253' title='bbox 1347 3445 1656 3500; x_wconf 85' lang='lat' dir='ltr'>Aristotelis</span> 
     </span>
     <span class='ocr_line' id='line_1_36' title="bbox 135 3532 1656 3609; baseline -0.003 -21"><span class='ocrx_word' id='word_1_254' title='bbox 135 3538 319 3609; x_wconf 86' lang='lat' dir='ltr'>scriptis</span> <span class='ocrx_word' id='word_1_255' title='bbox 336 3537 711 3593; x_wconf 85' lang='lat' dir='ltr'>accensendus</span> <span class='ocrx_word' id='word_1_256' title='bbox 737 3535 827 3602; x_wconf 87' lang='lat' dir='ltr'>sit,</span> <span class='ocrx_word' id='word_1_257' title='bbox 853 3554 925 3590; x_wconf 88' lang='lat' dir='ltr'>an</span> <span class='ocrx_word' id='word_1_258' title='bbox 962 3537 1106 3588; x_wconf 83' lang='lat' dir='ltr'>inter</span> <span class='ocrx_word' id='word_1_259' title='bbox 1129 3552 1194 3588; x_wconf 88' lang='lat' dir='ltr'>ea</span> <span class='ocrx_word' id='word_1_260' title='bbox 1221 3532 1389 3587; x_wconf 86' lang='lat' dir='ltr'>suerit</span> <span class='ocrx_word' id='word_1_261' title='bbox 1409 3551 1531 3603; x_wconf 82' lang='lat' dir='ltr'>quae</span> <span class='ocrx_word' id='word_1_262' title='bbox 1560 3541 1656 3585; x_wconf 88' lang='lat' dir='ltr'>aut</span> 
     </span>
     <span class='ocr_line' id='line_1_37' title="bbox 138 3620 1654 3688; baseline -0.003 -15"><span class='ocrx_word' id='word_1_263' title='bbox 138 3640 313 3677; x_wconf 87' lang='lat' dir='ltr'>nomen</span> <span class='ocrx_word' id='word_1_264' title='bbox 337 3624 688 3679; x_wconf 86' lang='lat' dir='ltr'>celeberrimi</span> <span class='ocrx_word' id='word_1_265' title='bbox 725 3622 967 3677; x_wconf 85' lang='lat' dir='ltr'>auctoris</span> <span class='ocrx_word' id='word_1_266' title='bbox 1004 3620 1368 3685; x_wconf 86' lang='lat' dir='ltr'>mentiantur,</span> <span class='ocrx_word' id='word_1_267' title='bbox 1413 3627 1508 3671; x_wconf 90' lang='lat' dir='ltr'>aut</span> <span class='ocrx_word' id='word_1_268' title='bbox 1531 3635 1654 3688; x_wconf 82' lang='lat' dir='ltr'>quae</span> 
     </span>
     <span class='ocr_line' id='line_1_38' title="bbox 139 3704 1654 3782; baseline -0.003 -22"><span class='ocrx_word' id='word_1_269' title='bbox 139 3706 198 3760; x_wconf 78' lang='lat' dir='ltr'>ad</span> <span class='ocrx_word' id='word_1_270' title='bbox 243 3711 399 3764; x_wconf 83' lang='lat' dir='ltr'>alium</span> <span class='ocrx_word' id='word_1_271' title='bbox 445 3708 732 3782; x_wconf 85' lang='lat' dir='ltr'>quendam</span> <span class='ocrx_word' id='word_1_272' title='bbox 761 3708 1111 3762; x_wconf 81' lang='lat' dir='ltr'>Aristotelem</span> <span class='ocrx_word' id='word_1_273' title='bbox 1143 3706 1479 3778; x_wconf 86' lang='lat' dir='ltr'>pertineant.</span> <span class='ocrx_word' id='word_1_274' title='bbox 1523 3704 1654 3758; x_wconf 87' lang='lat' dir='ltr'>Sin-</span> 
     </span>
     <span class='ocr_line' id='line_1_39' title="bbox 140 3790 1651 3869; baseline -0.001 -23"><span class='ocrx_word' id='word_1_275' title='bbox 140 3811 299 3848; x_wconf 84' lang='lat' dir='ltr'>cerum</span> <span class='ocrx_word' id='word_1_276' title='bbox 323 3795 644 3869; x_wconf 79' lang='lat' dir='ltr'>philosophi</span> <span class='ocrx_word' id='word_1_277' title='bbox 663 3814 803 3867; x_wconf 91' lang='lat' dir='ltr'>opus</span> <span class='ocrx_word' id='word_1_278' title='bbox 824 3813 935 3848; x_wconf 87' lang='lat' dir='ltr'>esse</span> <span class='ocrx_word' id='word_1_279' title='bbox 963 3803 1147 3847; x_wconf 90' lang='lat' dir='ltr'>censet</span> <span class='ocrx_word' id='word_1_280' title='bbox 1176 3790 1651 3857; x_wconf 84' lang='lat' dir='ltr'>Schneidewinus‚</span> 
     </span>
     <span class='ocr_line' id='line_1_40' title="bbox 141 3880 1656 3953; baseline -0.003 -19"><span class='ocrx_word' id='word_1_281' title='bbox 141 3882 382 3953; x_wconf 79' lang='lat' dir='ltr'>suspicans</span> <span class='ocrx_word' id='word_1_282' title='bbox 401 3883 459 3937; x_wconf 88' lang='lat' dir='ltr'>id</span> <span class='ocrx_word' id='word_1_283' title='bbox 486 3885 548 3937; x_wconf 92' lang='lat' dir='ltr'>in</span> <span class='ocrx_word' id='word_1_284' title='bbox 576 3901 736 3941; x_wconf 86' lang='lat' dir='ltr'>usum</span> <span class='ocrx_word' id='word_1_285' title='bbox 761 3880 1066 3936; x_wconf 81' lang='lat' dir='ltr'>Alexandri</span> <span class='ocrx_word' id='word_1_286' title='bbox 1085 3898 1117 3934; x_wconf 89' lang='lat' dir='ltr'>a</span> <span class='ocrx_word' id='word_1_287' title='bbox 1134 3888 1482 3951; x_wconf 70' lang='lat' dir='ltr'>praeceptore</span> <span class='ocrx_word' id='word_1_288' title='bbox 1505 3896 1656 3931; x_wconf 88' lang='lat' dir='ltr'>com-</span> 
     </span>
     <span class='ocr_line' id='line_1_41' title="bbox 141 3966 1648 4038; baseline -0.001 -18"><span class='ocrx_word' id='word_1_289' title='bbox 141 3969 349 4036; x_wconf 79' lang='lat' dir='ltr'>positum</span> <span class='ocrx_word' id='word_1_290' title='bbox 360 3988 483 4025; x_wconf 68' lang='lat' dir='ltr'>esse.</span> <span class='ocrx_word' id='word_1_291' title='bbox 504 3970 617 4025; x_wconf 83' lang='lat' dir='ltr'>Alii</span> <span class='ocrx_word' id='word_1_292' title='bbox 641 3969 863 4023; x_wconf 87' lang='lat' dir='ltr'>serioris</span> <span class='ocrx_word' id='word_1_293' title='bbox 878 3967 1118 4021; x_wconf 88' lang='lat' dir='ltr'>hominis</span> <span class='ocrx_word' id='word_1_294' title='bbox 1140 3966 1334 4020; x_wconf 84' lang='lat' dir='ltr'>soetum</span> <span class='ocrx_word' id='word_1_295' title='bbox 1349 3982 1648 4038; x_wconf 84' lang='lat' dir='ltr'>agnoscere</span> 
     </span>
     <span class='ocr_line' id='line_1_42' title="bbox 142 4052 1653 4123; baseline -0.001 -19"><span class='ocrx_word' id='word_1_296' title='bbox 142 4052 227 4106; x_wconf 87' lang='lat' dir='ltr'>sibi</span> <span class='ocrx_word' id='word_1_297' title='bbox 248 4054 516 4112; x_wconf 79' lang='lat' dir='ltr'>videntur.</span> <span class='ocrx_word' id='word_1_298' title='bbox 552 4058 619 4109; x_wconf 91' lang='lat' dir='ltr'>In</span> <span class='ocrx_word' id='word_1_299' title='bbox 648 4054 882 4109; x_wconf 88' lang='lat' dir='ltr'>eandem</span> <span class='ocrx_word' id='word_1_300' title='bbox 917 4053 1247 4108; x_wconf 87' lang='lat' dir='ltr'>sententiam</span> <span class='ocrx_word' id='word_1_301' title='bbox 1276 4068 1382 4123; x_wconf 84' lang='lat' dir='ltr'>ego</span> <span class='ocrx_word' id='word_1_302' title='bbox 1423 4067 1653 4121; x_wconf 87' lang='lat' dir='ltr'>quoque</span> 
     </span>
     <span class='ocr_line' id='line_1_43' title="bbox 143 4136 1651 4219; baseline -0.001 -26"><span class='ocrx_word' id='word_1_303' title='bbox 143 4156 244 4193; x_wconf 78' lang='lat' dir='ltr'>sum</span> <span class='ocrx_word' id='word_1_304' title='bbox 275 4144 618 4215; x_wconf 83' lang='lat' dir='ltr'>propensior.</span> <span class='ocrx_word' id='word_1_305' title='bbox 665 4142 808 4219; x_wconf 81' lang='lat' dir='ltr'>Nam</span> <span class='ocrx_word' id='word_1_306' title='bbox 830 4151 885 4195; x_wconf 90' lang='lat' dir='ltr'>et</span> <span class='ocrx_word' id='word_1_307' title='bbox 911 4142 1025 4213; x_wconf 89' lang='lat' dir='ltr'>ipsa</span> <span class='ocrx_word' id='word_1_308' title='bbox 1062 4138 1219 4211; x_wconf 86' lang='lat' dir='ltr'>Pepli</span> <span class='ocrx_word' id='word_1_309' title='bbox 1247 4138 1537 4209; x_wconf 84' lang='lat' dir='ltr'>inscriptio</span> <span class='ocrx_word' id='word_1_310' title='bbox 1580 4136 1651 4191; x_wconf 89' lang='lat' dir='ltr'>ab</span> 
     </span>
     <span class='ocr_line' id='line_1_44' title="bbox 144 4223 1651 4298; baseline -0.003 -18"><span class='ocrx_word' id='word_1_311' title='bbox 144 4226 414 4283; x_wconf 74' lang='lat' dir='ltr'>Aristotelis</span> <span class='ocrx_word' id='word_1_312' title='bbox 438 4240 598 4283; x_wconf 83' lang='lat' dir='ltr'>aetate</span> <span class='ocrx_word' id='word_1_313' title='bbox 626 4228 805 4282; x_wconf 89' lang='lat' dir='ltr'>aliena</span> <span class='ocrx_word' id='word_1_314' title='bbox 826 4245 939 4281; x_wconf 86' lang='lat' dir='ltr'>esse</span> <span class='ocrx_word' id='word_1_315' title='bbox 963 4236 1019 4280; x_wconf 89' lang='lat' dir='ltr'>et</span> <span class='ocrx_word' id='word_1_316' title='bbox 1036 4226 1209 4298; x_wconf 84' lang='lat' dir='ltr'>magis</span> <span class='ocrx_word' id='word_1_317' title='bbox 1235 4225 1403 4278; x_wconf 89' lang='lat' dir='ltr'>etiam</span> <span class='ocrx_word' id='word_1_318' title='bbox 1440 4223 1651 4277; x_wconf 89' lang='lat' dir='ltr'>abhor-</span> 
     </span>
    </p>
   </div>
   <div class='ocr_carea' id='block_1_4' title="bbox 702 4390 1053 4467">
    <p class='ocr_par' dir='ltr' id='par_1_4' title="bbox 702 4390 1053 4467">
     <span class='ocr_line' id='line_1_45' title="bbox 702 4390 1053 4467; baseline -0.02 -17"><span class='ocrx_word' id='word_1_319' title='bbox 702 4390 1053 4467; x_wconf 59' lang='lat' dir='ltr'>[pertus]</span> 
     </span>
    </p>
   </div>
   <div class='ocr_carea' id='block_1_5' title="bbox 819 4507 938 4556">
    <p class='ocr_par' dir='ltr' id='par_1_5' title="bbox 819 4507 938 4556">
     <span class='ocr_line' id='line_1_46' title="bbox 819 4507 938 4556; baseline -0.008 -1"><span class='ocrx_word' id='word_1_320' title='bbox 819 4507 938 4556; x_wconf 83' lang='lat'>281.</span> 
     </span>
    </p>
   </div>
   <div class='ocr_carea' id='block_1_6' title="bbox 154 4601 1657 4895">
    <p class='ocr_par' dir='ltr' id='par_1_6' title="bbox 154 4601 1657 4895">
     <span class='ocr_line' id='line_1_47' title="bbox 203 4601 1653 4664; baseline 0 -16"><span class='ocrx_word' id='word_1_321' title='bbox 203 4602 300 4661; x_wconf 78' lang='lat' dir='ltr'>Epei</span> <span class='ocrx_word' id='word_1_322' title='bbox 314 4602 531 4654; x_wconf 82' lang='lat' dir='ltr'>dicuntur</span> <span class='ocrx_word' id='word_1_323' title='bbox 552 4604 652 4653; x_wconf 81' lang='lat' dir='ltr'>Elei</span> <span class='ocrx_word' id='word_1_324' title='bbox 666 4603 729 4652; x_wconf 78' lang='lat' dir='ltr'>ab</span> <span class='ocrx_word' id='word_1_325' title='bbox 748 4606 877 4664; x_wconf 82' lang='lat' dir='ltr'>Epeo</span> <span class='ocrx_word' id='word_1_326' title='bbox 898 4614 1019 4663; x_wconf 81' lang='lat' dir='ltr'>rege.</span> <span class='ocrx_word' id='word_1_327' title='bbox 1040 4601 1229 4651; x_wconf 83' lang='lat' dir='ltr'>Scilicet</span> <span class='ocrx_word' id='word_1_328' title='bbox 1248 4601 1449 4663; x_wconf 81' lang='lat' dir='ltr'>Neptuni</span> <span class='ocrx_word' id='word_1_329' title='bbox 1474 4603 1522 4649; x_wconf 88' lang='lat' dir='ltr'>et</span> <span class='ocrx_word' id='word_1_330' title='bbox 1556 4603 1653 4648; x_wconf 83' lang='lat' dir='ltr'>Eu·</span> 
     </span>
     <span class='ocr_line' id='line_1_48' title="bbox 154 4677 1657 4742; baseline 0 -17"><span class='ocrx_word' id='word_1_331' title='bbox 154 4677 304 4738; x_wconf 76' lang='lat' dir='ltr'>rypylae</span> <span class='ocrx_word' id='word_1_332' title='bbox 336 4680 625 4742; x_wconf 76' lang='lat' dir='ltr'>Endymione</span> <span class='ocrx_word' id='word_1_333' title='bbox 647 4682 774 4728; x_wconf 78' lang='lat' dir='ltr'>natoe</span> <span class='ocrx_word' id='word_1_334' title='bbox 810 4679 936 4727; x_wconf 85' lang='lat' dir='ltr'>filius</span> <span class='ocrx_word' id='word_1_335' title='bbox 958 4678 1130 4737; x_wconf 72' lang='lat' dir='ltr'>EleuS,</span> <span class='ocrx_word' id='word_1_336' title='bbox 1159 4679 1242 4739; x_wconf 84' lang='lat' dir='ltr'>qui</span> <span class='ocrx_word' id='word_1_337' title='bbox 1282 4677 1464 4726; x_wconf 77' lang='lat' dir='ltr'>Elidem</span> <span class='ocrx_word' id='word_1_338' title='bbox 1490 4677 1657 4726; x_wconf 84' lang='lat' dir='ltr'>incolis</span> 
     </span>
     <span class='ocr_line' id='line_1_49' title="bbox 155 4754 1656 4817; baseline 0.001 -16"><span class='ocrx_word' id='word_1_339' title='bbox 155 4754 444 4814; x_wconf 72' lang='lat' dir='ltr'>frequentavit.</span> <span class='ocrx_word' id='word_1_340' title='bbox 486 4759 587 4808; x_wconf 81' lang='lat' dir='ltr'>Elei</span> <span class='ocrx_word' id='word_1_341' title='bbox 621 4771 736 4806; x_wconf 83' lang='lat' dir='ltr'>vero</span> <span class='ocrx_word' id='word_1_342' title='bbox 761 4757 844 4805; x_wconf 82' lang='grc'><strong>11111</strong></span> <span class='ocrx_word' id='word_1_343' title='bbox 865 4759 978 4806; x_wconf 79' lang='lat' dir='ltr'>sunt</span> <span class='ocrx_word' id='word_1_344' title='bbox 1002 4756 1164 4806; x_wconf 81' lang='lat' dir='ltr'>Alexis</span> <span class='ocrx_word' id='word_1_345' title='bbox 1197 4759 1247 4805; x_wconf 84' lang='lat' dir='ltr'>et</span> <span class='ocrx_word' id='word_1_346' title='bbox 1285 4760 1467 4817; x_wconf 77' lang='lat' dir='ltr'>Epeos,</span> <span class='ocrx_word' id='word_1_347' title='bbox 1494 4769 1524 4803; x_wconf 80' lang='lat' dir='ltr'>a</span> <span class='ocrx_word' id='word_1_348' title='bbox 1560 4768 1656 4817; x_wconf 86' lang='lat' dir='ltr'>quo</span> 
     </span>
     <span class='ocr_line' id='line_1_50' title="bbox 154 4830 1439 4895; baseline -0.001 -14"><span class='ocrx_word' id='word_1_349' title='bbox 154 4830 245 4890; x_wconf 70' lang='lat' dir='ltr'>Epa·</span> <span class='ocrx_word' id='word_1_350' title='bbox 258 4844 418 4882; x_wconf 82' lang='lat' dir='ltr'>nomen</span> <span class='ocrx_word' id='word_1_351' title='bbox 437 4834 611 4884; x_wconf 73' lang='lat' dir='ltr'>habent</span> <span class='ocrx_word' id='word_1_352' title='bbox 623 4870 638 4895; x_wconf 88' lang='lat'>‚</span> <span class='ocrx_word' id='word_1_353' title='bbox 663 4833 733 4883; x_wconf 88' lang='grc'><strong>1111</strong></span> <span class='ocrx_word' id='word_1_354' title='bbox 752 4833 1024 4883; x_wconf 79' lang='lat' dir='ltr'>Aristoteles</span> <span class='ocrx_word' id='word_1_355' title='bbox 1044 4833 1093 4881; x_wconf 90' lang='grc'>111</span> <span class='ocrx_word' id='word_1_356' title='bbox 1114 4832 1257 4894; x_wconf 82' lang='lat' dir='ltr'>Peplo</span> <span class='ocrx_word' id='word_1_357' title='bbox 1279 4832 1439 4881; x_wconf 81' lang='lat' dir='ltr'>tradit.</span> 
     </span>
    </p>
   </div>
   <div class='ocr_carea' id='block_1_7' title="bbox 161 4925 1659 5145">
    <p class='ocr_par' dir='ltr' id='par_1_7' title="bbox 161 4925 1659 5145">
     <span class='ocr_line' id='line_1_51' title="bbox 205 4925 1659 5055; baseline 0.002 -6"><span class='ocrx_word' id='word_1_358' title='bbox 205 5000 317 5049; x_wconf 83' lang='lat' dir='ltr'>ordo</span> <span class='ocrx_word' id='word_1_359' title='bbox 336 5003 550 5054; x_wconf 85' lang='lat' dir='ltr'>ludorum</span> <span class='ocrx_word' id='word_1_360' title='bbox 590 4925 1205 5055; x_wconf 46' lang='lat' dir='ltr'>institutoriffi‘secundum</span> <span class='ocrx_word' id='word_1_361' title='bbox 1242 5004 1543 5054; x_wconf 77' lang='lat' dir='ltr'>Aristotelem</span> <span class='ocrx_word' id='word_1_362' title='bbox 1581 5004 1659 5052; x_wconf 81' lang='lat' dir='ltr'>hic</span> 
     </span>
     <span class='ocr_line' id='line_1_52' title="bbox 161 5081 1656 5145; baseline 0.003 -21"><span class='ocrx_word' id='word_1_363' title='bbox 161 5082 219 5124; x_wconf 76' lang='lat' dir='ltr'>est</span> <span class='ocrx_word' id='word_1_364' title='bbox 243 5097 254 5126; x_wconf 73' lang='grc' dir='ltr'><strong>ι</strong></span> <span class='ocrx_word' id='word_1_365' title='bbox 279 5081 410 5129; x_wconf 80' lang='lat' dir='ltr'>Primi</span> <span class='ocrx_word' id='word_1_366' title='bbox 450 5084 669 5133; x_wconf 82' lang='lat' dir='ltr'>Eleusinii</span> <span class='ocrx_word' id='word_1_367' title='bbox 701 5086 893 5145; x_wconf 85' lang='lat' dir='ltr'>propter</span> <span class='ocrx_word' id='word_1_368' title='bbox 933 5084 1142 5131; x_wconf 81' lang='lat' dir='ltr'>fructum</span> <span class='ocrx_word' id='word_1_369' title='bbox 1188 5096 1216 5130; x_wconf 79' lang='lat' dir='ltr'>a</span> <span class='ocrx_word' id='word_1_370' title='bbox 1253 5085 1423 5131; x_wconf 84' lang='lat' dir='ltr'>Cerere</span> <span class='ocrx_word' id='word_1_371' title='bbox 1458 5082 1656 5142; x_wconf 61' lang='lat' dir='ltr'>datum</span> 
     </span>
    </p>
   </div>
   <div class='ocr_carea' id='block_1_8' title="bbox 3184 489 3289 537">
    <p class='ocr_par' dir='ltr' id='par_1_8' title="bbox 3184 489 3289 537">
     <span class='ocr_line' id='line_1_53' title="bbox 3184 489 3289 537; baseline 0.029 -4"><span class='ocrx_word' id='word_1_372' title='bbox 3184 489 3289 537; x_wconf 74' lang='lat'>¹89</span> 
     </span>
    </p>
   </div>
   <div class='ocr_carea' id='block_1_9' title="bbox 1748 594 3306 1621">
    <p class='ocr_par' dir='ltr' id='par_1_9' title="bbox 1748 594 3306 1621">
     <span class='ocr_line' id='line_1_54' title="bbox 1750 594 3294 675; baseline 0.008 -30"><span class='ocrx_word' id='word_1_373' title='bbox 1750 611 1917 647; x_wconf 90' lang='lat' dir='ltr'>rerea</span> <span class='ocrx_word' id='word_1_374' title='bbox 1945 594 2266 665; x_wconf 85' lang='lat' dir='ltr'>philosophi</span> <span class='ocrx_word' id='word_1_375' title='bbox 2293 598 2466 649; x_wconf 81' lang='lat' dir='ltr'>nostri</span> <span class='ocrx_word' id='word_1_376' title='bbox 2493 597 2681 652; x_wconf 85' lang='lat' dir='ltr'>indole</span> <span class='ocrx_word' id='word_1_377' title='bbox 2707 600 2956 668; x_wconf 71' lang='lat' dir='ltr'>videtui-3</span> <span class='ocrx_word' id='word_1_378' title='bbox 2989 602 3294 675; x_wconf 79' lang='lat' dir='ltr'>fragmenta</span> 
     </span>
     <span class='ocr_line' id='line_1_55' title="bbox 1752 678 3298 763; baseline 0.008 -32"><span class='ocrx_word' id='word_1_379' title='bbox 1752 696 1910 749; x_wconf 83' lang='lat' dir='ltr'>vero,</span> <span class='ocrx_word' id='word_1_380' title='bbox 1939 699 2062 752; x_wconf 79' lang='lat' dir='ltr'>quae</span> <span class='ocrx_word' id='word_1_381' title='bbox 2083 679 2154 733; x_wconf 86' lang='lat' dir='ltr'>ad</span> <span class='ocrx_word' id='word_1_382' title='bbox 2173 678 2406 753; x_wconf 74' lang='lat' dir='ltr'>l‘eplum</span> <span class='ocrx_word' id='word_1_383' title='bbox 2428 684 2720 738; x_wconf 82' lang='lat' dir='ltr'>reserenda</span> <span class='ocrx_word' id='word_1_384' title='bbox 2745 704 2857 741; x_wconf 87' lang='lat' dir='ltr'>esse</span> <span class='ocrx_word' id='word_1_385' title='bbox 2881 687 3164 763; x_wconf 79' lang='lat' dir='ltr'>videntur,</span> <span class='ocrx_word' id='word_1_386' title='bbox 3188 689 3298 743; x_wconf 85' lang='lat' dir='ltr'>do-</span> 
     </span>
     <span class='ocr_line' id='line_1_56' title="bbox 1750 765 3303 844; baseline 0.006 -25"><span class='ocrx_word' id='word_1_387' title='bbox 1750 767 1986 820; x_wconf 88' lang='lat' dir='ltr'>ctrinam</span> <span class='ocrx_word' id='word_1_388' title='bbox 1998 765 2296 820; x_wconf 90' lang='lat' dir='ltr'>ostendunt</span> <span class='ocrx_word' id='word_1_389' title='bbox 2317 786 2484 839; x_wconf 87' lang='lat' dir='ltr'>quam</span> <span class='ocrx_word' id='word_1_390' title='bbox 2500 771 2562 823; x_wconf 90' lang='lat' dir='ltr'>iis</span> <span class='ocrx_word' id='word_1_391' title='bbox 2573 772 2936 842; x_wconf 85' lang='lat' dir='ltr'>temporibus,</span> <span class='ocrx_word' id='word_1_392' title='bbox 2951 773 3154 844; x_wconf 84' lang='lat' dir='ltr'>quibus</span> <span class='ocrx_word' id='word_1_393' title='bbox 3165 776 3303 828; x_wconf 90' lang='lat' dir='ltr'>Dio-</span> 
     </span>
     <span class='ocr_line' id='line_1_57' title="bbox 1750 853 3304 930; baseline 0.006 -26"><span class='ocrx_word' id='word_1_394' title='bbox 1750 854 1889 924; x_wconf 83' lang='lat' dir='ltr'>nysii</span> <span class='ocrx_word' id='word_1_395' title='bbox 1906 853 2218 925; x_wconf 85' lang='lat' dir='ltr'>Stephanus</span> <span class='ocrx_word' id='word_1_396' title='bbox 2228 866 2283 907; x_wconf 90' lang='lat' dir='ltr'>et</span> <span class='ocrx_word' id='word_1_397' title='bbox 2294 855 2532 927; x_wconf 84' lang='lat' dir='ltr'>Rhegini</span> <span class='ocrx_word' id='word_1_398' title='bbox 2547 858 2949 928; x_wconf 78' lang='lat' dir='ltr'>Polymnemon</span> <span class='ocrx_word' id='word_1_399' title='bbox 2960 859 3177 930; x_wconf 87' lang='lat' dir='ltr'>aliaque</span> <span class='ocrx_word' id='word_1_400' title='bbox 3189 859 3235 929; x_wconf 83' lang='lat' dir='ltr'>ej</span> <span class='ocrx_word' id='word_1_401' title='bbox 3243 879 3304 913; x_wconf 91' lang='lat' dir='ltr'>us</span> 
     </span>
     <span class='ocr_line' id='line_1_58' title="bbox 1751 938 3298 1016; baseline 0.005 -25"><span class='ocrx_word' id='word_1_402' title='bbox 1751 938 1939 993; x_wconf 81' lang='lat' dir='ltr'>farinae</span> <span class='ocrx_word' id='word_1_403' title='bbox 1970 940 2304 1014; x_wconf 88' lang='lat' dir='ltr'>compendia</span> <span class='ocrx_word' id='word_1_404' title='bbox 2321 942 2794 1015; x_wconf 78' lang='lat' dir='ltr'>mythologiarum</span> <span class='ocrx_word' id='word_1_405' title='bbox 2816 947 3121 1016; x_wconf 87' lang='lat' dir='ltr'>composita</span> <span class='ocrx_word' id='word_1_406' title='bbox 3143 957 3268 999; x_wconf 88' lang='lat' dir='ltr'>sunt</span> <span class='ocrx_word' id='word_1_407' title='bbox 3284 986 3298 1013; x_wconf 90' lang='lat'>‚</span> 
     </span>
     <span class='ocr_line' id='line_1_59' title="bbox 1750 1022 3302 1100; baseline 0.004 -21"><span class='ocrx_word' id='word_1_408' title='bbox 1750 1022 2004 1081; x_wconf 84' lang='lat' dir='ltr'>floruisse</span> <span class='ocrx_word' id='word_1_409' title='bbox 2032 1038 2275 1094; x_wconf 82' lang='lat' dir='ltr'>constat,</span> <span class='ocrx_word' id='word_1_410' title='bbox 2319 1046 2513 1082; x_wconf 85' lang='lat' dir='ltr'>verum</span> <span class='ocrx_word' id='word_1_411' title='bbox 2551 1047 2717 1100; x_wconf 86' lang='lat' dir='ltr'>quam</span> <span class='ocrx_word' id='word_1_412' title='bbox 2765 1032 3043 1085; x_wconf 82' lang='lat' dir='ltr'>Aristoteli</span> <span class='ocrx_word' id='word_1_413' title='bbox 3085 1034 3302 1087; x_wconf 85' lang='lat' dir='ltr'>nonnisi</span> 
     </span>
     <span class='ocr_line' id='line_1_60' title="bbox 1750 1115 3299 1185; baseline 0.003 -18"><span class='ocrx_word' id='word_1_414' title='bbox 1750 1115 2081 1185; x_wconf 80' lang='lat' dir='ltr'>gravissimis</span> <span class='ocrx_word' id='word_1_415' title='bbox 2109 1125 2334 1168; x_wconf 89' lang='lat' dir='ltr'>coactus</span> <span class='ocrx_word' id='word_1_416' title='bbox 2372 1117 2699 1171; x_wconf 87' lang='lat' dir='ltr'>testimoniis</span> <span class='ocrx_word' id='word_1_417' title='bbox 2726 1118 3010 1172; x_wconf 82' lang='lat' dir='ltr'>vindicare</span> <span class='ocrx_word' id='word_1_418' title='bbox 3037 1119 3299 1173; x_wconf 86' lang='lat' dir='ltr'>volueris.</span> 
     </span>
     <span class='ocr_line' id='line_1_61' title="bbox 1750 1198 3301 1274; baseline 0.004 -22"><span class='ocrx_word' id='word_1_419' title='bbox 1750 1198 1912 1253; x_wconf 85' lang='lat' dir='ltr'>Mitto</span> <span class='ocrx_word' id='word_1_420' title='bbox 1954 1203 2185 1255; x_wconf 89' lang='lat' dir='ltr'>Tzetzen</span> <span class='ocrx_word' id='word_1_421' title='bbox 2236 1200 2352 1274; x_wconf 85' lang='lat' dir='ltr'>(ad</span> <span class='ocrx_word' id='word_1_422' title='bbox 2391 1202 2619 1256; x_wconf 62' lang='lat' dir='ltr'>Hesiod.</span> <span class='ocrx_word' id='word_1_423' title='bbox 2681 1205 2922 1258; x_wconf 89' lang='lat' dir='ltr'>Prooem.</span> <span class='ocrx_word' id='word_1_424' title='bbox 2962 1207 3031 1260; x_wconf 84' lang='lat' dir='ltr'>V.</span> <span class='ocrx_word' id='word_1_425' title='bbox 3077 1205 3146 1261; x_wconf 88' lang='lat' dir='ltr'>sr.</span> <span class='ocrx_word' id='word_1_426' title='bbox 3196 1206 3301 1259; x_wconf 79' lang='lat'>115</span> 
     </span>
     <span class='ocr_line' id='line_1_62' title="bbox 1750 1287 3304 1365; baseline 0.004 -25"><span class='ocrx_word' id='word_1_427' title='bbox 1750 1288 1879 1343; x_wconf 91' lang='lat' dir='ltr'>coll.</span> <span class='ocrx_word' id='word_1_428' title='bbox 1903 1287 1972 1342; x_wconf 76' lang='lat' dir='ltr'>fr.</span> <span class='ocrx_word' id='word_1_429' title='bbox 2003 1288 2108 1356; x_wconf 89' lang='lat'>176</span> <span class='ocrx_word' id='word_1_430' title='bbox 2136 1288 2175 1359; x_wconf 90' lang='lat'>),</span> <span class='ocrx_word' id='word_1_431' title='bbox 2225 1289 2321 1359; x_wconf 89' lang='lat' dir='ltr'>qui</span> <span class='ocrx_word' id='word_1_432' title='bbox 2352 1289 2680 1343; x_wconf 87' lang='lat' dir='ltr'>Politiarum</span> <span class='ocrx_word' id='word_1_433' title='bbox 2717 1293 3052 1364; x_wconf 87' lang='lat' dir='ltr'>scriptorem</span> <span class='ocrx_word' id='word_1_434' title='bbox 3083 1310 3114 1346; x_wconf 88' lang='lat' dir='ltr'>a</span> <span class='ocrx_word' id='word_1_435' title='bbox 3149 1295 3304 1365; x_wconf 83' lang='lat' dir='ltr'>Pepli</span> 
     </span>
     <span class='ocr_line' id='line_1_63' title="bbox 1751 1373 3306 1449; baseline 0.005 -24"><span class='ocrx_word' id='word_1_436' title='bbox 1751 1384 1992 1435; x_wconf 28' lang='lat' dir='ltr'>auctore·</span> <span class='ocrx_word' id='word_1_437' title='bbox 2034 1373 2250 1427; x_wconf 85' lang='lat' dir='ltr'>disertis</span> <span class='ocrx_word' id='word_1_438' title='bbox 2276 1374 2460 1429; x_wconf 82' lang='lat' dir='ltr'>verbis</span> <span class='ocrx_word' id='word_1_439' title='bbox 2501 1374 2810 1449; x_wconf 85' lang='lat' dir='ltr'>distinguit.</span> <span class='ocrx_word' id='word_1_440' title='bbox 2861 1410 2937 1419; x_wconf 88' lang='lat'><strong>—</strong></span> <span class='ocrx_word' id='word_1_441' title='bbox 2982 1379 3306 1449; x_wconf 87' lang='lat' dir='ltr'>Sequuntur</span> 
     </span>
     <span class='ocr_line' id='line_1_64' title="bbox 1750 1461 3303 1539; baseline 0.004 -25"><span class='ocrx_word' id='word_1_442' title='bbox 1750 1462 1904 1533; x_wconf 89' lang='lat' dir='ltr'>Pepli</span> <span class='ocrx_word' id='word_1_443' title='bbox 1942 1462 2220 1533; x_wconf 81' lang='lat' dir='ltr'>reliquiae,</span> <span class='ocrx_word' id='word_1_444' title='bbox 2253 1461 2470 1533; x_wconf 89' lang='lat' dir='ltr'>rejectis</span> <span class='ocrx_word' id='word_1_445' title='bbox 2500 1473 2685 1517; x_wconf 88' lang='lat' dir='ltr'>tamen</span> <span class='ocrx_word' id='word_1_446' title='bbox 2725 1464 3140 1537; x_wconf 83' lang='lat' dir='ltr'>epigrammatis</span> <span class='ocrx_word' id='word_1_447' title='bbox 3179 1486 3303 1539; x_wconf 81' lang='lat' dir='ltr'>quae</span> 
     </span>
     <span class='ocr_line' id='line_1_65' title="bbox 1748 1548 2734 1621; baseline 0.005 -22"><span class='ocrx_word' id='word_1_448' title='bbox 1748 1548 1807 1600; x_wconf 90' lang='lat' dir='ltr'>in</span> <span class='ocrx_word' id='word_1_449' title='bbox 1842 1548 2185 1621; x_wconf 85' lang='lat' dir='ltr'>Anthologia</span> <span class='ocrx_word' id='word_1_450' title='bbox 2206 1550 2396 1602; x_wconf 91' lang='lat' dir='ltr'>locum</span> <span class='ocrx_word' id='word_1_451' title='bbox 2431 1551 2734 1605; x_wconf 87' lang='lat' dir='ltr'>invenient.</span> 
     </span>
    </p>
   </div>
   <div class='ocr_carea' id='block_1_10' title="bbox 2456 1667 2589 1725">
    <p class='ocr_par' dir='ltr' id='par_1_10' title="bbox 2456 1667 2589 1725">
     <span class='ocr_line' id='line_1_66' title="bbox 2456 1667 2589 1725; baseline 0.023 -3"><span class='ocrx_word' id='word_1_452' title='bbox 2456 1667 2589 1725; x_wconf 77' lang='lat'>281.</span> 
     </span>
    </p>
   </div>
   <div class='ocr_carea' id='block_1_11' title="bbox 1740 1784 3370 4298">
    <p class='ocr_par' dir='ltr' id='par_1_11' title="bbox 1743 1784 3357 2724">
     <span class='ocr_line' id='line_1_67' title="bbox 1826 1784 3309 1856; baseline 0.003 -15"><span class='ocrx_word' id='word_1_453' title='bbox 1826 1788 2016 1843; x_wconf 85' lang='lat' dir='ltr'>Schol.</span> <span class='ocrx_word' id='word_1_454' title='bbox 2045 1790 2185 1843; x_wconf 88' lang='lat' dir='ltr'>Ven.</span> <span class='ocrx_word' id='word_1_455' title='bbox 2235 1788 2304 1843; x_wconf 86' lang='lat'>11.</span> <span class='ocrx_word' id='word_1_456' title='bbox 2347 1789 2390 1843; x_wconf 81' lang='lat' dir='ltr'>A</span> <span class='ocrx_word' id='word_1_457' title='bbox 2412 1829 2427 1856; x_wconf 90' lang='lat'>,</span> <span class='ocrx_word' id='word_1_458' title='bbox 2472 1786 2585 1841; x_wconf 82' lang='lat'>688</span> <span class='ocrx_word' id='word_1_459' title='bbox 2618 1807 2630 1841; x_wconf 74' lang='grc' dir='ltr'><strong><em>ε</em></strong></span> <span class='ocrx_word' id='word_1_460' title='bbox 2659 1784 2859 1843; x_wconf 82' lang='grc' dir='ltr'><strong>Ἐπειοὶ</strong></span> <span class='ocrx_word' id='word_1_461' title='bbox 2887 1788 2933 1843; x_wconf 80' lang='grc' dir='ltr'><strong>οῖ</strong></span> <span class='ocrx_word' id='word_1_462' title='bbox 2965 1785 3160 1844; x_wconf 82' lang='grc' dir='ltr'><strong>Ἠλεῖοι</strong></span> <span class='ocrx_word' id='word_1_463' title='bbox 3201 1786 3309 1845; x_wconf 75' lang='grc' dir='ltr'>ἀπὸ</span> 
     </span>
     <span class='ocr_line' id='line_1_68' title="bbox 1748 1870 3305 1953; baseline 0 -22"><span class='ocrx_word' id='word_1_464' title='bbox 1748 1871 1960 1931; x_wconf 77' lang='grc' dir='ltr'><strong>Ἐπειοῦ</strong></span> <span class='ocrx_word' id='word_1_465' title='bbox 1997 1870 2279 1950; x_wconf 85' lang='grc' dir='ltr'><strong>βασιλέως,</strong></span> <span class='ocrx_word' id='word_1_466' title='bbox 2308 1870 2495 1937; x_wconf 79' lang='grc' dir='ltr'><strong>οὕτως·</strong></span> <span class='ocrx_word' id='word_1_467' title='bbox 2523 1873 2845 1937; x_wconf 83' lang='grc' dir='ltr'><strong>Ποσειδῶνος</strong></span> <span class='ocrx_word' id='word_1_468' title='bbox 2868 1873 2958 1929; x_wconf 84' lang='grc' dir='ltr'>καὶ</span> <span class='ocrx_word' id='word_1_469' title='bbox 2992 1874 3305 1953; x_wconf 78' lang='grc' dir='ltr'>Εὐρυπύλης</span> 
     </span>
     <span class='ocr_line' id='line_1_69' title="bbox 1746 1958 3302 2035; baseline -0.001 -16"><span class='ocrx_word' id='word_1_470' title='bbox 1746 1965 1840 2031; x_wconf 74' lang='grc' dir='ltr'>τῆς</span> <span class='ocrx_word' id='word_1_471' title='bbox 1857 1959 2207 2035; x_wconf 84' lang='grc' dir='ltr'><strong>Ἐνδυμίωνος</strong></span> <span class='ocrx_word' id='word_1_472' title='bbox 2225 1967 2347 2025; x_wconf 86' lang='grc' dir='ltr'><strong>παῖς</strong></span> <span class='ocrx_word' id='word_1_473' title='bbox 2362 1959 2565 2025; x_wconf 83' lang='grc' dir='ltr'><strong>Ἠλεῖος</strong></span> <span class='ocrx_word' id='word_1_474' title='bbox 2588 1963 2614 2016; x_wconf 98' lang='lat'><em>6</em></span> <span class='ocrx_word' id='word_1_475' title='bbox 2642 1958 2820 2026; x_wconf 80' lang='grc' dir='ltr'><strong>κτίσας</strong></span> <span class='ocrx_word' id='word_1_476' title='bbox 2839 1958 3066 2019; x_wconf 59' lang='grc' dir='ltr'><strong>Ἤλιδα·</strong></span> <span class='ocrx_word' id='word_1_477' title='bbox 3092 1961 3302 2019; x_wconf 86' lang='grc' dir='ltr'><strong>ἸΙλείου</strong></span> 
     </span>
     <span class='ocr_line' id='line_1_70' title="bbox 1748 2038 3302 2127; baseline 0 -22"><span class='ocrx_word' id='word_1_478' title='bbox 1748 2047 1802 2105; x_wconf 83' lang='grc' dir='ltr'>δὲ</span> <span class='ocrx_word' id='word_1_479' title='bbox 1826 2044 2022 2113; x_wconf 76' lang='grc' dir='ltr'><strong>Ἄλεξις</strong></span> <span class='ocrx_word' id='word_1_480' title='bbox 2047 2046 2134 2103; x_wconf 78' lang='grc' dir='ltr'>καὶ</span> <span class='ocrx_word' id='word_1_481' title='bbox 2160 2046 2397 2118; x_wconf 77' lang='grc' dir='ltr'><strong>Ἐπειὸς,</strong></span> <span class='ocrx_word' id='word_1_482' title='bbox 2423 2048 2513 2125; x_wconf 66' lang='grc' dir='ltr'>ἀφ’</span> <span class='ocrx_word' id='word_1_483' title='bbox 2545 2038 2602 2104; x_wconf 73' lang='grc' dir='ltr'><strong>οὗ</strong></span> <span class='ocrx_word' id='word_1_484' title='bbox 2627 2045 2861 2118; x_wconf 75' lang='grc' dir='ltr'><strong>Ἐπειοὶ,</strong></span> <span class='ocrx_word' id='word_1_485' title='bbox 2886 2045 2956 2112; x_wconf 80' lang='grc' dir='ltr'><strong>ὥς</strong></span> <span class='ocrx_word' id='word_1_486' title='bbox 2980 2070 3134 2127; x_wconf 79' lang='grc' dir='ltr'><strong>φησιν</strong></span> <span class='ocrx_word' id='word_1_487' title='bbox 3161 2048 3302 2125; x_wconf 81' lang='grc' dir='ltr'><strong>Ἀρι-</strong></span> 
     </span>
     <span class='ocr_line' id='line_1_71' title="bbox 1748 2133 3301 2213; baseline 0.002 -22"><span class='ocrx_word' id='word_1_488' title='bbox 1748 2133 1991 2204; x_wconf 81' lang='grc' dir='ltr'><strong>στοτέλης</strong></span> <span class='ocrx_word' id='word_1_489' title='bbox 2022 2136 2074 2191; x_wconf 77' lang='grc' dir='ltr'><strong>ἐν</strong></span> <span class='ocrx_word' id='word_1_490' title='bbox 2103 2137 2177 2213; x_wconf 81' lang='grc' dir='ltr'>τῷ</span> <span class='ocrx_word' id='word_1_491' title='bbox 2204 2133 2422 2212; x_wconf 83' lang='grc' dir='ltr'><strong>Πέπλῳ.</strong></span> <span class='ocrx_word' id='word_1_492' title='bbox 2462 2136 2670 2191; x_wconf 84' lang='lat' dir='ltr'>Eadem</span> <span class='ocrx_word' id='word_1_493' title='bbox 2701 2138 2880 2209; x_wconf 84' lang='lat' dir='ltr'>Etym.</span> <span class='ocrx_word' id='word_1_494' title='bbox 2902 2135 2978 2193; x_wconf 87' lang='lat' dir='ltr'>M.</span> <span class='ocrx_word' id='word_1_495' title='bbox 3013 2137 3125 2201; x_wconf 76' lang='lat'>426</span> <span class='ocrx_word' id='word_1_496' title='bbox 3148 2178 3165 2207; x_wconf 89' lang='lat'><strong>,</strong></span> <span class='ocrx_word' id='word_1_497' title='bbox 3208 2138 3301 2195; x_wconf 80' lang='lat'>28.</span> 
     </span>
     <span class='ocr_line' id='line_1_72' title="bbox 1748 2225 3357 2298; baseline 0.002 -25"><span class='ocrx_word' id='word_1_498' title='bbox 1748 2250 1770 2273; x_wconf 72' lang='grc' dir='ltr'>ιι</span> <span class='ocrx_word' id='word_1_499' title='bbox 1796 2226 2082 2279; x_wconf 81' lang='lat' dir='ltr'>Diversam</span> <span class='ocrx_word' id='word_1_500' title='bbox 2103 2225 2295 2297; x_wconf 90' lang='lat' dir='ltr'>paullo</span> <span class='ocrx_word' id='word_1_501' title='bbox 2315 2225 2548 2298; x_wconf 88' lang='lat' dir='ltr'>stirpem</span> <span class='ocrx_word' id='word_1_502' title='bbox 2571 2225 2740 2279; x_wconf 87' lang='lat' dir='ltr'>habet</span> <span class='ocrx_word' id='word_1_503' title='bbox 2755 2226 3049 2280; x_wconf 71' lang='lat' dir='ltr'>Pausanias</span> <span class='ocrx_word' id='word_1_504' title='bbox 3065 2229 3131 2294; x_wconf 91' lang='lat' dir='ltr'>V,</span> <span class='ocrx_word' id='word_1_505' title='bbox 3167 2246 3217 2294; x_wconf 87' lang='grc'>1,</span> <span class='ocrx_word' id='word_1_506' title='bbox 3243 2236 3300 2296; x_wconf 74' lang='lat'>4,</span> <span class='ocrx_word' id='word_1_507' title='bbox 3348 2268 3357 2277; x_wconf 90' lang='lat'>.</span> 
     </span>
     <span class='ocr_line' id='line_1_73' title="bbox 1747 2310 3304 2387; baseline 0.002 -22"><span class='ocrx_word' id='word_1_508' title='bbox 1747 2313 1843 2384; x_wconf 89' lang='lat' dir='ltr'>qui</span> <span class='ocrx_word' id='word_1_509' title='bbox 1886 2323 2075 2366; x_wconf 77' lang='lat' dir='ltr'>vetere</span> <span class='ocrx_word' id='word_1_510' title='bbox 2120 2330 2314 2366; x_wconf 89' lang='lat' dir='ltr'>errore</span> <span class='ocrx_word' id='word_1_511' title='bbox 2357 2310 2661 2387; x_wconf 85' lang='grc' dir='ltr'><strong>Εὐρυκύδαν</strong></span> <span class='ocrx_word' id='word_1_512' title='bbox 2692 2323 2855 2367; x_wconf 77' lang='lat' dir='ltr'>vocat</span> <span class='ocrx_word' id='word_1_513' title='bbox 2895 2331 3018 2385; x_wconf 80' lang='lat' dir='ltr'>quae</span> <span class='ocrx_word' id='word_1_514' title='bbox 3063 2315 3304 2386; x_wconf 85' lang='lat' dir='ltr'>antiquis</span> 
     </span>
     <span class='ocr_line' id='line_1_74' title="bbox 1743 2397 3300 2476; baseline 0.003 -23"><span class='ocrx_word' id='word_1_515' title='bbox 1743 2400 1927 2472; x_wconf 73' lang='lat' dir='ltr'>poetis</span> <span class='ocrx_word' id='word_1_516' title='bbox 1944 2397 2227 2476; x_wconf 75' lang='grc' dir='ltr'><strong>Εὐρυπύλῃ</strong></span> <span class='ocrx_word' id='word_1_517' title='bbox 2248 2398 2371 2452; x_wconf 86' lang='lat' dir='ltr'>fuit.</span> <span class='ocrx_word' id='word_1_518' title='bbox 2406 2400 2490 2455; x_wconf 91' lang='lat' dir='ltr'>Cf.</span> <span class='ocrx_word' id='word_1_519' title='bbox 2526 2401 3300 2474; x_wconf 59' lang='lat' dir='ltr'>O.lilulle1·i,Pmlegg.n(ych.</span> 
     </span>
     <span class='ocr_line' id='line_1_75' title="bbox 1744 2478 3300 2559; baseline -0.001 -16"><span class='ocrx_word' id='word_1_520' title='bbox 1744 2506 1803 2559; x_wconf 88' lang='lat' dir='ltr'>p.</span> <span class='ocrx_word' id='word_1_521' title='bbox 1832 2506 1944 2540; x_wconf 79' lang='lat'>222</span> <span class='ocrx_word' id='word_1_522' title='bbox 1980 2505 2061 2558; x_wconf 83' lang='lat' dir='ltr'>sq.</span> <span class='ocrx_word' id='word_1_523' title='bbox 2098 2496 2154 2540; x_wconf 88' lang='lat' dir='ltr'>et</span> <span class='ocrx_word' id='word_1_524' title='bbox 2185 2486 2253 2542; x_wconf 91' lang='lat' dir='ltr'>G.</span> <span class='ocrx_word' id='word_1_525' title='bbox 2287 2478 2594 2541; x_wconf 80' lang='lat' dir='ltr'>Hermanni</span> <span class='ocrx_word' id='word_1_526' title='bbox 2623 2487 3065 2542; x_wconf 83' lang='lat' dir='ltr'>dissertationem</span> <span class='ocrx_word' id='word_1_527' title='bbox 3091 2490 3177 2542; x_wconf 91' lang='lat' dir='ltr'>De</span> <span class='ocrx_word' id='word_1_528' title='bbox 3200 2490 3300 2541; x_wconf 88' lang='lat' dir='ltr'>itc-</span> 
     </span>
     <span class='ocr_line' id='line_1_76' title="bbox 1745 2572 3296 2646; baseline 0.001 -19"><span class='ocrx_word' id='word_1_529' title='bbox 1745 2575 1875 2628; x_wconf 85' lang='lat' dir='ltr'>ratis</span> <span class='ocrx_word' id='word_1_530' title='bbox 1904 2573 2058 2646; x_wconf 87' lang='lat' dir='ltr'>apud</span> <span class='ocrx_word' id='word_1_531' title='bbox 2085 2575 2415 2629; x_wconf 84' lang='lat' dir='ltr'>Homerum.</span> <span class='ocrx_word' id='word_1_532' title='bbox 2447 2575 2596 2646; x_wconf 76' lang='lat' dir='ltr'>LiPS.</span> <span class='ocrx_word' id='word_1_533' title='bbox 2624 2575 2790 2642; x_wconf 75' lang='lat'><strong>1840,</strong></span> <span class='ocrx_word' id='word_1_534' title='bbox 2818 2592 2878 2646; x_wconf 88' lang='lat' dir='ltr'>p.</span> <span class='ocrx_word' id='word_1_535' title='bbox 2906 2572 2960 2627; x_wconf 83' lang='lat'>5.</span> <span class='ocrx_word' id='word_1_536' title='bbox 2991 2600 3015 2623; x_wconf 69' lang='grc' dir='ltr'><strong>υ</strong></span> <span class='ocrx_word' id='word_1_537' title='bbox 3052 2576 3296 2630; x_wconf 67' lang='grc'><strong>5011111111-</strong></span> 
     </span>
     <span class='ocr_line' id='line_1_77' title="bbox 1746 2670 2170 2724; baseline 0.005 -18"><span class='ocrx_word' id='word_1_538' title='bbox 1746 2671 1954 2709; x_wconf 65' lang='lat' dir='ltr'>nswnv.</span> <span class='ocrx_word' id='word_1_539' title='bbox 1985 2671 2046 2724; x_wconf 88' lang='lat' dir='ltr'>p.</span> <span class='ocrx_word' id='word_1_540' title='bbox 2085 2670 2170 2708; x_wconf 88' lang='lat'>11.</span> 
     </span>
    </p>

    <p class='ocr_par' dir='ltr' id='par_1_12' title="bbox 2467 2747 2600 2803">
     <span class='ocr_line' id='line_1_78' title="bbox 2467 2747 2600 2803; baseline 0.015 -2"><span class='ocrx_word' id='word_1_541' title='bbox 2467 2747 2600 2803; x_wconf 78' lang='lat'>282.</span> 
     </span>
    </p>

    <p class='ocr_par' dir='ltr' id='par_1_13' title="bbox 1740 2841 3370 4298">
     <span class='ocr_line' id='line_1_79' title="bbox 1822 2841 3297 2915; baseline 0.002 -17"><span class='ocrx_word' id='word_1_542' title='bbox 1822 2844 2011 2898; x_wconf 86' lang='lat' dir='ltr'>Schol.</span> <span class='ocrx_word' id='word_1_543' title='bbox 2043 2843 2300 2898; x_wconf 82' lang='lat' dir='ltr'>Aristidis</span> <span class='ocrx_word' id='word_1_544' title='bbox 2325 2861 2384 2915; x_wconf 88' lang='lat' dir='ltr'>p.</span> <span class='ocrx_word' id='word_1_545' title='bbox 2423 2842 2526 2897; x_wconf 85' lang='lat'>105</span> <span class='ocrx_word' id='word_1_546' title='bbox 2550 2844 2642 2898; x_wconf 89' lang='lat' dir='ltr'>ed.</span> <span class='ocrx_word' id='word_1_547' title='bbox 2674 2845 2979 2900; x_wconf 85' lang='lat' dir='ltr'>Frommel.</span> <span class='ocrx_word' id='word_1_548' title='bbox 3005 2860 3019 2900; x_wconf 70' lang='grc' dir='ltr'><strong>ε</strong></span> <span class='ocrx_word' id='word_1_549' title='bbox 3051 2841 3122 2901; x_wconf 88' lang='grc' dir='ltr'>Ἡ</span> <span class='ocrx_word' id='word_1_550' title='bbox 3152 2842 3297 2909; x_wconf 80' lang='grc' dir='ltr'><strong>τάξις</strong></span> 
     </span>
     <span class='ocr_line' id='line_1_80' title="bbox 1743 2912 3297 3000; baseline 0.001 -24"><span class='ocrx_word' id='word_1_551' title='bbox 1743 2923 1845 2977; x_wconf 81' lang='grc' dir='ltr'>τῶν</span> <span class='ocrx_word' id='word_1_552' title='bbox 1875 2917 2086 2995; x_wconf 75' lang='grc' dir='ltr'><strong>ἀγώνων</strong></span> <span class='ocrx_word' id='word_1_553' title='bbox 2108 2918 2244 2978; x_wconf 79' lang='grc' dir='ltr'><strong>κατὰ</strong></span> <span class='ocrx_word' id='word_1_554' title='bbox 2274 2912 2635 2998; x_wconf 78' lang='grc' dir='ltr'><strong>Ἀριστοτέλην</strong></span> <span class='ocrx_word' id='word_1_555' title='bbox 2669 2920 2950 3000; x_wconf 69' lang='grc' dir='ltr'><strong>γράφεται·</strong></span> <span class='ocrx_word' id='word_1_556' title='bbox 2983 2923 3178 2998; x_wconf 53' lang='lat' dir='ltr'>[Ipora</span> <span class='ocrx_word' id='word_1_557' title='bbox 3205 2922 3297 2997; x_wconf 85' lang='grc' dir='ltr'>μὲν</span> 
     </span>
     <span class='ocr_line' id='line_1_81' title="bbox 1742 3006 3297 3090; baseline 0.002 -25"><span class='ocrx_word' id='word_1_558' title='bbox 1742 3008 1808 3065; x_wconf 76' lang='grc' dir='ltr'>τὰ</span> <span class='ocrx_word' id='word_1_559' title='bbox 1835 3007 2131 3067; x_wconf 82' lang='grc' dir='ltr'><strong>Ἐλευσίνια</strong></span> <span class='ocrx_word' id='word_1_560' title='bbox 2158 3006 2243 3065; x_wconf 74' lang='grc' dir='ltr'>διὰ</span> <span class='ocrx_word' id='word_1_561' title='bbox 2271 3006 2358 3065; x_wconf 83' lang='grc' dir='ltr'>τὸν</span> <span class='ocrx_word' id='word_1_562' title='bbox 2399 3007 2599 3087; x_wconf 82' lang='grc' dir='ltr'><strong>καρπὸν</strong></span> <span class='ocrx_word' id='word_1_563' title='bbox 2627 3014 2717 3079; x_wconf 78' lang='grc' dir='ltr'>τῆς</span> <span class='ocrx_word' id='word_1_564' title='bbox 2753 3008 3054 3087; x_wconf 78' lang='grc' dir='ltr'><strong>Δήμητρος·</strong></span> <span class='ocrx_word' id='word_1_565' title='bbox 3084 3009 3297 3090; x_wconf 84' lang='grc' dir='ltr'><strong>δεύτερα</strong></span> 
     </span>
     <span class='ocr_line' id='line_1_82' title="bbox 1743 3092 3298 3175; baseline 0.002 -25"><span class='ocrx_word' id='word_1_566' title='bbox 1743 3092 1797 3150; x_wconf 80' lang='grc' dir='ltr'>δὲ</span> <span class='ocrx_word' id='word_1_567' title='bbox 1823 3092 1889 3151; x_wconf 82' lang='grc' dir='ltr'>τὰ</span> <span class='ocrx_word' id='word_1_568' title='bbox 1923 3093 2266 3163; x_wconf 72' lang='grc' dir='ltr'><strong>Παναθήναια</strong></span> <span class='ocrx_word' id='word_1_569' title='bbox 2296 3094 2600 3174; x_wconf 76' lang='grc' dir='ltr'><strong>ἐπὶἈστέρι</strong></span> <span class='ocrx_word' id='word_1_570' title='bbox 2621 3099 2695 3175; x_wconf 79' lang='grc' dir='ltr'>τῷ</span> <span class='ocrx_word' id='word_1_571' title='bbox 2724 3095 2928 3172; x_wconf 82' lang='grc' dir='ltr'><strong>γίγαντι</strong></span> <span class='ocrx_word' id='word_1_572' title='bbox 2957 3094 3058 3152; x_wconf 78' lang='grc' dir='ltr'>ὑπὸ</span> <span class='ocrx_word' id='word_1_573' title='bbox 3084 3095 3298 3167; x_wconf 73' lang='grc' dir='ltr'><strong>Ἀθηνᾶς</strong></span> 
     </span>
     <span class='ocr_line' id='line_1_83' title="bbox 1745 3181 3295 3261; baseline 0.003 -26"><span class='ocrx_word' id='word_1_574' title='bbox 1745 3182 1835 3255; x_wconf 89' lang='lat' dir='ltr'>(sic</span> <span class='ocrx_word' id='word_1_575' title='bbox 1847 3182 2195 3236; x_wconf 80' lang='lat' dir='ltr'>Schneidew.</span> <span class='ocrx_word' id='word_1_576' title='bbox 2215 3202 2321 3256; x_wconf 88' lang='lat' dir='ltr'>pro</span> <span class='ocrx_word' id='word_1_577' title='bbox 2342 3202 2433 3256; x_wconf 84' lang='lat' dir='ltr'>vg.</span> <span class='ocrx_word' id='word_1_578' title='bbox 2448 3181 2731 3258; x_wconf 82' lang='grc' dir='ltr'><strong>Ἀθηνείας)</strong></span> <span class='ocrx_word' id='word_1_579' title='bbox 2750 3182 3065 3261; x_wconf 81' lang='grc' dir='ltr'><strong>ἀναιρεθέντι</strong></span> <span class='ocrx_word' id='word_1_580' title='bbox 3078 3205 3090 3217; x_wconf 93' lang='grc'>·</span> <span class='ocrx_word' id='word_1_581' title='bbox 3106 3182 3295 3261; x_wconf 85' lang='grc' dir='ltr'><strong>τρίτος,</strong></span> 
     </span>
     <span class='ocr_line' id='line_1_84' title="bbox 1743 3261 3295 3350; baseline 0.003 -28"><span class='ocrx_word' id='word_1_582' title='bbox 1743 3264 1798 3322; x_wconf 79' lang='grc' dir='ltr'><strong>ὃν</strong></span> <span class='ocrx_word' id='word_1_583' title='bbox 1822 3261 1999 3344; x_wconf 80' lang='grc' dir='ltr'><strong>Ἄργει</strong></span> <span class='ocrx_word' id='word_1_584' title='bbox 2025 3266 2224 3331; x_wconf 81' lang='grc' dir='ltr'><strong>Δαναὸς</strong></span> <span class='ocrx_word' id='word_1_585' title='bbox 2257 3266 2409 3337; x_wconf 81' lang='grc' dir='ltr'><strong>ἔθηκε</strong></span> <span class='ocrx_word' id='word_1_586' title='bbox 2439 3267 2523 3324; x_wconf 75' lang='grc' dir='ltr'>διὰ</span> <span class='ocrx_word' id='word_1_587' title='bbox 2551 3269 2638 3327; x_wconf 84' lang='grc' dir='ltr'>τὸν</span> <span class='ocrx_word' id='word_1_588' title='bbox 2671 3267 2838 3347; x_wconf 76' lang='grc' dir='ltr'><strong>γάμον</strong></span> <span class='ocrx_word' id='word_1_589' title='bbox 2869 3272 2972 3326; x_wconf 77' lang='grc' dir='ltr'>τῶν</span> <span class='ocrx_word' id='word_1_590' title='bbox 3004 3269 3295 3350; x_wconf 72' lang='grc' dir='ltr'><strong>θυγατέρων</strong></span> 
     </span>
     <span class='ocr_line' id='line_1_85' title="bbox 1743 3351 3298 3434; baseline 0.004 -27"><span class='ocrx_word' id='word_1_591' title='bbox 1743 3352 1927 3409; x_wconf 76' lang='grc' dir='ltr'><strong>αὐτοῦ·</strong></span> <span class='ocrx_word' id='word_1_592' title='bbox 1962 3351 2204 3431; x_wconf 83' lang='grc' dir='ltr'><strong>τέταρτος</strong></span> <span class='ocrx_word' id='word_1_593' title='bbox 2231 3357 2258 3410; x_wconf 87' lang='lat'><em>6</em></span> <span class='ocrx_word' id='word_1_594' title='bbox 2288 3355 2340 3410; x_wconf 75' lang='grc' dir='ltr'><strong>ἐν</strong></span> <span class='ocrx_word' id='word_1_595' title='bbox 2381 3354 2626 3434; x_wconf 69' lang='grc' dir='ltr'><strong>Ἀρκαδίᾳ</strong></span> <span class='ocrx_word' id='word_1_596' title='bbox 2674 3355 2837 3421; x_wconf 63' lang='grc' dir='ltr'><strong>τεθεὶς</strong></span> <span class='ocrx_word' id='word_1_597' title='bbox 2863 3355 2962 3413; x_wconf 72' lang='grc' dir='ltr'>ὑπὸ</span> <span class='ocrx_word' id='word_1_598' title='bbox 3004 3356 3298 3429; x_wconf 83' lang='grc' dir='ltr'><strong>Λυκάονος,</strong></span> 
     </span>
     <span class='ocr_line' id='line_1_86' title="bbox 1742 3434 3296 3521; baseline 0.005 -28"><span class='ocrx_word' id='word_1_599' title='bbox 1742 3434 1795 3501; x_wconf 83' lang='grc' dir='ltr'><strong>ὃς</strong></span> <span class='ocrx_word' id='word_1_600' title='bbox 1839 3437 2033 3508; x_wconf 75' lang='grc' dir='ltr'><strong>ἐκλήθη</strong></span> <span class='ocrx_word' id='word_1_601' title='bbox 2081 3438 2320 3498; x_wconf 83' lang='grc' dir='ltr'><strong>Λύκαια·</strong></span> <span class='ocrx_word' id='word_1_602' title='bbox 2366 3442 2604 3516; x_wconf 84' lang='grc' dir='ltr'><strong>πεμπτὸς</strong></span> <span class='ocrx_word' id='word_1_603' title='bbox 2636 3445 2663 3498; x_wconf 89' lang='lat'><em>6</em></span> <span class='ocrx_word' id='word_1_604' title='bbox 2713 3445 2769 3500; x_wconf 77' lang='grc' dir='ltr'><strong>ἐν</strong></span> <span class='ocrx_word' id='word_1_605' title='bbox 2804 3442 3005 3521; x_wconf 78' lang='grc' dir='ltr'><strong>Ἰωλκῷ</strong></span> <span class='ocrx_word' id='word_1_606' title='bbox 3046 3443 3296 3502; x_wconf 81' lang='grc' dir='ltr'><strong>Ἀκάστου</strong></span> 
     </span>
     <span class='ocr_line' id='line_1_87' title="bbox 1745 3523 3286 3603; baseline 0.006 -24"><span class='ocrx_word' id='word_1_607' title='bbox 1745 3523 1761 3601; x_wconf 95' lang='grc'><strong>(</strong></span> <span class='ocrx_word' id='word_1_608' title='bbox 1791 3527 1867 3580; x_wconf 89' lang='lat' dir='ltr'>sic</span> <span class='ocrx_word' id='word_1_609' title='bbox 1898 3527 2064 3585; x_wconf 85' lang='lat' dir='ltr'>Schn.</span> <span class='ocrx_word' id='word_1_610' title='bbox 2098 3546 2207 3601; x_wconf 91' lang='lat' dir='ltr'>pro</span> <span class='ocrx_word' id='word_1_611' title='bbox 2238 3526 2544 3599; x_wconf 80' lang='grc' dir='ltr'><strong>Ἰοκάστου)</strong></span> <span class='ocrx_word' id='word_1_612' title='bbox 2585 3528 3022 3603; x_wconf 78' lang='grc' dir='ltr'><strong>καθηγησαμένου</strong></span> <span class='ocrx_word' id='word_1_613' title='bbox 3065 3531 3152 3588; x_wconf 82' lang='grc' dir='ltr'>ἐπὶ</span> <span class='ocrx_word' id='word_1_614' title='bbox 3185 3534 3286 3590; x_wconf 84' lang='grc' dir='ltr'>Πε-</span> 
     </span>
     <span class='ocr_line' id='line_1_88' title="bbox 1740 3608 3297 3693; baseline 0.005 -26"><span class='ocrx_word' id='word_1_615' title='bbox 1740 3608 1829 3690; x_wconf 70' lang='grc' dir='ltr'><strong>λίᾳ</strong></span> <span class='ocrx_word' id='word_1_616' title='bbox 1865 3614 1939 3690; x_wconf 82' lang='grc' dir='ltr'>τῷ</span> <span class='ocrx_word' id='word_1_617' title='bbox 1979 3610 2164 3688; x_wconf 84' lang='grc' dir='ltr'><strong>πατρί·</strong></span> <span class='ocrx_word' id='word_1_618' title='bbox 2194 3610 2336 3677; x_wconf 74' lang='grc' dir='ltr'><strong>ἕκτος</strong></span> <span class='ocrx_word' id='word_1_619' title='bbox 2367 3616 2394 3670; x_wconf 84' lang='grc' dir='ltr'>ὁ</span> <span class='ocrx_word' id='word_1_620' title='bbox 2422 3615 2474 3670; x_wconf 82' lang='grc' dir='ltr'><strong>ἐν</strong></span> <span class='ocrx_word' id='word_1_621' title='bbox 2521 3613 2716 3693; x_wconf 78' lang='grc' dir='ltr'><strong>Ἰσθμῷ</strong></span> <span class='ocrx_word' id='word_1_622' title='bbox 2757 3614 2986 3692; x_wconf 67' lang='grc' dir='ltr'><strong>Σισύφου</strong></span> <span class='ocrx_word' id='word_1_623' title='bbox 3023 3618 3297 3692; x_wconf 79' lang='grc' dir='ltr'><strong>νομοθετή·</strong></span> 
     </span>
     <span class='ocr_line' id='line_1_89' title="bbox 1745 3697 3281 3784; baseline 0.003 -29"><span class='ocrx_word' id='word_1_624' title='bbox 1745 3720 1927 3763; x_wconf 89' lang='grc' dir='ltr'><strong>σαντος</strong></span> <span class='ocrx_word' id='word_1_625' title='bbox 1957 3697 2042 3755; x_wconf 80' lang='grc' dir='ltr'>ἐπὶ</span> <span class='ocrx_word' id='word_1_626' title='bbox 2077 3697 2399 3778; x_wconf 78' lang='grc' dir='ltr'><strong>Μελικέρτῃ·</strong></span> <span class='ocrx_word' id='word_1_627' title='bbox 2430 3699 2648 3775; x_wconf 77' lang='grc' dir='ltr'><strong>ἔὸδομος</strong></span> <span class='ocrx_word' id='word_1_628' title='bbox 2677 3705 2705 3758; x_wconf 89' lang='lat'><em>6</em></span> <span class='ocrx_word' id='word_1_629' title='bbox 2738 3701 3098 3777; x_wconf 83' lang='grc' dir='ltr'><strong>Ὀλυμπιακὸς</strong></span> <span class='ocrx_word' id='word_1_630' title='bbox 3121 3704 3281 3784; x_wconf 77' lang='grc' dir='ltr'><strong>Ἡρα·</strong></span> 
     </span>
     <span class='ocr_line' id='line_1_90' title="bbox 1741 3784 3370 3869; baseline 0.004 -28"><span class='ocrx_word' id='word_1_631' title='bbox 1741 3784 1919 3850; x_wconf 79' lang='grc' dir='ltr'><strong>κλέους</strong></span> <span class='ocrx_word' id='word_1_632' title='bbox 1944 3785 2380 3860; x_wconf 75' lang='grc' dir='ltr'><strong>νομοθετήσαντος</strong></span> <span class='ocrx_word' id='word_1_633' title='bbox 2398 3786 2480 3844; x_wconf 80' lang='grc' dir='ltr'>ἐπὶ</span> <span class='ocrx_word' id='word_1_634' title='bbox 2507 3786 2732 3845; x_wconf 86' lang='grc' dir='ltr'><strong>Πέλοπι·</strong></span> <span class='ocrx_word' id='word_1_635' title='bbox 2757 3787 2933 3865; x_wconf 83' lang='grc' dir='ltr'><strong>ὄγδοος</strong></span> <span class='ocrx_word' id='word_1_636' title='bbox 2963 3791 3056 3847; x_wconf 74' lang='grc' dir='ltr'><strong>δέν</strong></span> <span class='ocrx_word' id='word_1_637' title='bbox 3085 3790 3287 3869; x_wconf 70' lang='grc' dir='ltr'><strong>Νεμέᾳ,</strong></span> <span class='ocrx_word' id='word_1_638' title='bbox 3365 3850 3370 3859; x_wconf 65' lang='grc'><strong>,</strong></span> 
     </span>
     <span class='ocr_line' id='line_1_91' title="bbox 1741 3868 3294 3954; baseline 0.003 -25"><span class='ocrx_word' id='word_1_639' title='bbox 1741 3870 1796 3929; x_wconf 83' lang='grc' dir='ltr'><strong>ὃν</strong></span> <span class='ocrx_word' id='word_1_640' title='bbox 1827 3871 2018 3942; x_wconf 82' lang='grc' dir='ltr'><strong>ἔθηκαν</strong></span> <span class='ocrx_word' id='word_1_641' title='bbox 2049 3874 2096 3929; x_wconf 77' lang='grc' dir='ltr'><strong>οἱ</strong></span> <span class='ocrx_word' id='word_1_642' title='bbox 2120 3868 2252 3928; x_wconf 71' lang='grc' dir='ltr'><strong>ἑπτὰ</strong></span> <span class='ocrx_word' id='word_1_643' title='bbox 2277 3871 2361 3929; x_wconf 78' lang='grc' dir='ltr'>ἐπὶ</span> <span class='ocrx_word' id='word_1_644' title='bbox 2397 3872 2585 3941; x_wconf 78' lang='grc' dir='ltr'><strong>Θήὸας</strong></span> <span class='ocrx_word' id='word_1_645' title='bbox 2617 3873 2703 3930; x_wconf 77' lang='grc' dir='ltr'>ἐπὶ</span> <span class='ocrx_word' id='word_1_646' title='bbox 2739 3873 3067 3954; x_wconf 77' lang='grc' dir='ltr'><strong>Ἀρχεμόρῳ·</strong></span> <span class='ocrx_word' id='word_1_647' title='bbox 3119 3875 3294 3941; x_wconf 86' lang='grc' dir='ltr'><strong>ἔνατος</strong></span> 
     </span>
     <span class='ocr_line' id='line_1_92' title="bbox 1741 3957 3293 4043; baseline 0.004 -28"><span class='ocrx_word' id='word_1_648' title='bbox 1741 3962 1767 4015; x_wconf 92' lang='lat'><em>6</em></span> <span class='ocrx_word' id='word_1_649' title='bbox 1787 3960 1838 4015; x_wconf 81' lang='grc' dir='ltr'><strong>ἐν</strong></span> <span class='ocrx_word' id='word_1_650' title='bbox 1858 3957 2024 4036; x_wconf 72' lang='grc' dir='ltr'><strong>Τροία</strong></span> <span class='ocrx_word' id='word_1_651' title='bbox 2038 4001 2054 4029; x_wconf 89' lang='grc'><strong>,</strong></span> <span class='ocrx_word' id='word_1_652' title='bbox 2070 3957 2125 4015; x_wconf 86' lang='grc' dir='ltr'><strong>ὃν</strong></span> <span class='ocrx_word' id='word_1_653' title='bbox 2147 3957 2411 4035; x_wconf 77' lang='grc' dir='ltr'><strong>Ἀχιλλεὺς</strong></span> <span class='ocrx_word' id='word_1_654' title='bbox 2432 3959 2518 4016; x_wconf 77' lang='grc' dir='ltr'>ἐπὶ</span> <span class='ocrx_word' id='word_1_655' title='bbox 2541 3962 2591 4018; x_wconf 91' lang='lat'>11</span> <span class='ocrx_word' id='word_1_656' title='bbox 2598 3960 3097 4043; x_wconf 53' lang='grc' dir='ltr'><strong>ατρόκλῳβποίησεν</strong></span> <span class='ocrx_word' id='word_1_657' title='bbox 3110 3986 3122 3999; x_wconf 88' lang='grc'><em>·</em></span> <span class='ocrx_word' id='word_1_658' title='bbox 3140 3963 3293 4021; x_wconf 82' lang='grc' dir='ltr'><strong>δέκα·</strong></span> 
     </span>
     <span class='ocr_line' id='line_1_93' title="bbox 1742 4045 3295 4130; baseline 0.003 -28"><span class='ocrx_word' id='word_1_659' title='bbox 1742 4070 1822 4112; x_wconf 88' lang='grc' dir='ltr'>τος</span> <span class='ocrx_word' id='word_1_660' title='bbox 1843 4051 1869 4103; x_wconf 86' lang='lat'><em>6</em></span> <span class='ocrx_word' id='word_1_661' title='bbox 1894 4045 2119 4113; x_wconf 82' lang='grc' dir='ltr'><strong>Πυθικὸς</strong></span> <span class='ocrx_word' id='word_1_662' title='bbox 2135 4090 2150 4117; x_wconf 89' lang='grc'><strong>,</strong></span> <span class='ocrx_word' id='word_1_663' title='bbox 2168 4045 2222 4103; x_wconf 80' lang='grc' dir='ltr'><strong>ὃν</strong></span> <span class='ocrx_word' id='word_1_664' title='bbox 2242 4048 2288 4104; x_wconf 78' lang='grc' dir='ltr'><strong>οἱ</strong></span> <span class='ocrx_word' id='word_1_665' title='bbox 2311 4046 2672 4122; x_wconf 77' lang='grc' dir='ltr'><strong>Ἀμφικτύονες</strong></span> <span class='ocrx_word' id='word_1_666' title='bbox 2692 4048 2780 4106; x_wconf 76' lang='grc' dir='ltr'>ἐπὶ</span> <span class='ocrx_word' id='word_1_667' title='bbox 2798 4052 2872 4129; x_wconf 81' lang='grc' dir='ltr'>τῷ</span> <span class='ocrx_word' id='word_1_668' title='bbox 2897 4049 3135 4114; x_wconf 87' lang='grc' dir='ltr'><strong>Πύθωνος</strong></span> <span class='ocrx_word' id='word_1_669' title='bbox 3155 4050 3295 4130; x_wconf 80' lang='grc' dir='ltr'><strong>φόνῳ</strong></span> 
     </span>
     <span class='ocr_line' id='line_1_94' title="bbox 1742 4131 3296 4214; baseline 0.002 -25"><span class='ocrx_word' id='word_1_670' title='bbox 1742 4131 1947 4201; x_wconf 72' lang='grc' dir='ltr'><strong>ἔθηκαν.</strong></span> <span class='ocrx_word' id='word_1_671' title='bbox 1972 4136 2021 4192; x_wconf 88' lang='grc' dir='ltr'><strong>Τ</strong></span> <span class='ocrx_word' id='word_1_672' title='bbox 2025 4131 2186 4202; x_wconf 82' lang='grc' dir='ltr'><strong>αύτην</strong></span> <span class='ocrx_word' id='word_1_673' title='bbox 2215 4132 2310 4203; x_wconf 71' lang='grc' dir='ltr'>τὴν</span> <span class='ocrx_word' id='word_1_674' title='bbox 2337 4132 2480 4200; x_wconf 80' lang='grc' dir='ltr'><strong>τάξιν</strong></span> <span class='ocrx_word' id='word_1_675' title='bbox 2505 4136 2574 4199; x_wconf 84' lang='grc' dir='ltr'><strong>εἰς</strong></span> <span class='ocrx_word' id='word_1_676' title='bbox 2603 4133 2845 4200; x_wconf 80' lang='grc' dir='ltr'><strong>Πέπλους</strong></span> <span class='ocrx_word' id='word_1_677' title='bbox 2874 4136 3070 4200; x_wconf 80' lang='grc' dir='ltr'><strong>συνθεὶς</strong></span> <span class='ocrx_word' id='word_1_678' title='bbox 3098 4139 3126 4192; x_wconf 85' lang='lat'><em>6</em></span> <span class='ocrx_word' id='word_1_679' title='bbox 3149 4135 3296 4214; x_wconf 83' lang='grc' dir='ltr'><strong>Ἀρι-</strong></span> 
     </span>
     <span class='ocr_line' id='line_1_95' title="bbox 1743 4218 3289 4298; baseline 0.003 -22"><span class='ocrx_word' id='word_1_680' title='bbox 1743 4220 1988 4288; x_wconf 84' lang='grc' dir='ltr'><strong>στοτέλης</strong></span> <span class='ocrx_word' id='word_1_681' title='bbox 2014 4218 2211 4287; x_wconf 77' lang='grc' dir='ltr'><strong>ἐξέθετο</strong></span> <span class='ocrx_word' id='word_1_682' title='bbox 2246 4223 2348 4277; x_wconf 87' lang='grc' dir='ltr'>τῶν</span> <span class='ocrx_word' id='word_1_683' title='bbox 2379 4221 2614 4298; x_wconf 80' lang='grc' dir='ltr'><strong>ἀρχαίων</strong></span> <span class='ocrx_word' id='word_1_684' title='bbox 2650 4221 2739 4278; x_wconf 82' lang='grc' dir='ltr'>καὶ</span> <span class='ocrx_word' id='word_1_685' title='bbox 2776 4224 3015 4279; x_wconf 81' lang='grc' dir='ltr'><strong>παλαιῶν</strong></span> <span class='ocrx_word' id='word_1_686' title='bbox 3053 4221 3289 4298; x_wconf 81' lang='grc' dir='ltr'><strong>ἀγώνων.</strong></span> 
     </span>
    </p>
   </div>
   <div class='ocr_carea' id='block_1_12' title="bbox 1743 4385 3297 5142">
    <p class='ocr_par' dir='ltr' id='par_1_14' title="bbox 1743 4385 3297 5142">
     <span class='ocr_line' id='line_1_96' title="bbox 1743 4385 3297 4450; baseline 0.002 -17"><span class='ocrx_word' id='word_1_687' title='bbox 1743 4386 1983 4445; x_wconf 78' lang='lat' dir='ltr'>oecisum3</span> <span class='ocrx_word' id='word_1_688' title='bbox 2021 4385 2176 4443; x_wconf 86' lang='lat' dir='ltr'>tertii,</span> <span class='ocrx_word' id='word_1_689' title='bbox 2214 4398 2336 4446; x_wconf 87' lang='lat' dir='ltr'>quos</span> <span class='ocrx_word' id='word_1_690' title='bbox 2371 4386 2507 4446; x_wconf 78' lang='lat' dir='ltr'>Argis</span> <span class='ocrx_word' id='word_1_691' title='bbox 2541 4387 2732 4434; x_wconf 80' lang='lat' dir='ltr'>Danaus</span> <span class='ocrx_word' id='word_1_692' title='bbox 2768 4386 2973 4435; x_wconf 80' lang='lat' dir='ltr'>instituit</span> <span class='ocrx_word' id='word_1_693' title='bbox 3004 4386 3069 4435; x_wconf 86' lang='lat' dir='ltr'>ob</span> <span class='ocrx_word' id='word_1_694' title='bbox 3104 4389 3297 4450; x_wconf 82' lang='lat' dir='ltr'>nuptias</span> 
     </span>
     <span class='ocr_line' id='line_1_97' title="bbox 1751 4461 3291 4526; baseline 0.003 -17"><span class='ocrx_word' id='word_1_695' title='bbox 1751 4463 1960 4509; x_wconf 81' lang='lat' dir='ltr'>tiliarum</span> <span class='ocrx_word' id='word_1_696' title='bbox 1995 4474 2220 4519; x_wconf 81' lang='lat' dir='ltr'>suarum;</span> <span class='ocrx_word' id='word_1_697' title='bbox 2257 4461 2418 4522; x_wconf 86' lang='lat' dir='ltr'>quarti</span> <span class='ocrx_word' id='word_1_698' title='bbox 2444 4462 2490 4508; x_wconf 86' lang='lat' dir='ltr'>in</span> <span class='ocrx_word' id='word_1_699' title='bbox 2518 4461 2717 4510; x_wconf 83' lang='lat' dir='ltr'>Arcadia</span> <span class='ocrx_word' id='word_1_700' title='bbox 2737 4461 2799 4510; x_wconf 80' lang='lat' dir='ltr'>ab</span> <span class='ocrx_word' id='word_1_701' title='bbox 2814 4464 3031 4522; x_wconf 81' lang='lat' dir='ltr'>Lycaone</span> <span class='ocrx_word' id='word_1_702' title='bbox 3055 4463 3291 4526; x_wconf 84' lang='lat' dir='ltr'>instituti,</span> 
     </span>
     <span class='ocr_line' id='line_1_98' title="bbox 1743 4539 3293 4601; baseline 0.003 -14"><span class='ocrx_word' id='word_1_703' title='bbox 1743 4553 1854 4601; x_wconf 82' lang='lat' dir='ltr'>quae</span> <span class='ocrx_word' id='word_1_704' title='bbox 1874 4542 2047 4601; x_wconf 76' lang='lat' dir='ltr'>Lycaea</span> <span class='ocrx_word' id='word_1_705' title='bbox 2070 4540 2328 4599; x_wconf 52' lang='lat' dir='ltr'>vocantuq</span> <span class='ocrx_word' id='word_1_706' title='bbox 2347 4540 2500 4601; x_wconf 86' lang='lat' dir='ltr'>quinti</span> <span class='ocrx_word' id='word_1_707' title='bbox 2521 4539 2566 4587; x_wconf 88' lang='lat' dir='ltr'>in</span> <span class='ocrx_word' id='word_1_708' title='bbox 2582 4539 2711 4588; x_wconf 82' lang='lat' dir='ltr'>Iolco</span> <span class='ocrx_word' id='word_1_709' title='bbox 2729 4539 2790 4588; x_wconf 83' lang='lat' dir='ltr'>ab</span> <span class='ocrx_word' id='word_1_710' title='bbox 2807 4542 2978 4589; x_wconf 79' lang='lat' dir='ltr'>Acasto</span> <span class='ocrx_word' id='word_1_711' title='bbox 2997 4540 3043 4590; x_wconf 89' lang='lat' dir='ltr'>in</span> <span class='ocrx_word' id='word_1_712' title='bbox 3064 4543 3293 4592; x_wconf 83' lang='lat' dir='ltr'>honorem</span> 
     </span>
     <span class='ocr_line' id='line_1_99' title="bbox 1746 4613 3291 4680; baseline 0.001 -16"><span class='ocrx_word' id='word_1_713' title='bbox 1746 4617 1870 4665; x_wconf 85' lang='lat' dir='ltr'>Pelei</span> <span class='ocrx_word' id='word_1_714' title='bbox 1893 4616 2042 4677; x_wconf 85' lang='lat' dir='ltr'>patris</span> <span class='ocrx_word' id='word_1_715' title='bbox 2072 4613 2326 4674; x_wconf 77' lang='lat' dir='ltr'>celebrati3</span> <span class='ocrx_word' id='word_1_716' title='bbox 2350 4615 2475 4664; x_wconf 79' lang='lat' dir='ltr'>sexti</span> <span class='ocrx_word' id='word_1_717' title='bbox 2500 4619 2616 4664; x_wconf 89' lang='lat' dir='ltr'>sunt</span> <span class='ocrx_word' id='word_1_718' title='bbox 2642 4615 2857 4677; x_wconf 57' lang='lat' dir='ltr'>isthmi,</span> <span class='ocrx_word' id='word_1_719' title='bbox 2891 4630 3015 4678; x_wconf 87' lang='lat' dir='ltr'>quos</span> <span class='ocrx_word' id='word_1_720' title='bbox 3056 4618 3291 4680; x_wconf 75' lang='lat' dir='ltr'>Sisyphus</span> 
     </span>
     <span class='ocr_line' id='line_1_100' title="bbox 1743 4690 3294 4754; baseline 0.001 -12"><span class='ocrx_word' id='word_1_721' title='bbox 1743 4693 1998 4742; x_wconf 71' lang='lat' dir='ltr'>Melicerten</span> <span class='ocrx_word' id='word_1_722' title='bbox 2038 4690 2307 4753; x_wconf 78' lang='lat' dir='ltr'>dedicavit3</span> <span class='ocrx_word' id='word_1_723' title='bbox 2345 4692 2536 4753; x_wconf 85' lang='lat' dir='ltr'>septimi</span> <span class='ocrx_word' id='word_1_724' title='bbox 2583 4692 2847 4754; x_wconf 80' lang='lat' dir='ltr'>Olympici,</span> <span class='ocrx_word' id='word_1_725' title='bbox 2892 4694 2955 4742; x_wconf 83' lang='lat' dir='ltr'>ab</span> <span class='ocrx_word' id='word_1_726' title='bbox 2998 4695 3202 4744; x_wconf 81' lang='lat' dir='ltr'>Hercule</span> <span class='ocrx_word' id='word_1_727' title='bbox 3245 4696 3294 4744; x_wconf 90' lang='grc'>111</span> 
     </span>
     <span class='ocr_line' id='line_1_101' title="bbox 1744 4769 3293 4833; baseline 0 -13"><span class='ocrx_word' id='word_1_728' title='bbox 1744 4770 1928 4832; x_wconf 85' lang='lat' dir='ltr'>Pelopis</span> <span class='ocrx_word' id='word_1_729' title='bbox 1959 4770 2189 4819; x_wconf 79' lang='lat' dir='ltr'>honorem</span> <span class='ocrx_word' id='word_1_730' title='bbox 2219 4770 2448 4830; x_wconf 77' lang='lat' dir='ltr'>instituti3</span> <span class='ocrx_word' id='word_1_731' title='bbox 2486 4769 2645 4819; x_wconf 73' lang='lat' dir='ltr'>octavi</span> <span class='ocrx_word' id='word_1_732' title='bbox 2679 4770 2913 4829; x_wconf 48' lang='lat' dir='ltr'>Nemean,</span> <span class='ocrx_word' id='word_1_733' title='bbox 2945 4784 3069 4832; x_wconf 84' lang='lat' dir='ltr'>quos</span> <span class='ocrx_word' id='word_1_734' title='bbox 3102 4775 3293 4833; x_wconf 83' lang='lat' dir='ltr'>Septem</span> 
     </span>
     <span class='ocr_line' id='line_1_102' title="bbox 1745 4847 3292 4909; baseline 0 -12"><span class='ocrx_word' id='word_1_735' title='bbox 1745 4852 1913 4897; x_wconf 85' lang='lat' dir='ltr'>contra</span> <span class='ocrx_word' id='word_1_736' title='bbox 1948 4848 2137 4897; x_wconf 78' lang='lat' dir='ltr'>Thebas</span> <span class='ocrx_word' id='word_1_737' title='bbox 2179 4847 2469 4896; x_wconf 77' lang='lat' dir='ltr'>Archemoro</span> <span class='ocrx_word' id='word_1_738' title='bbox 2504 4849 2874 4907; x_wconf 76' lang='lat' dir='ltr'>consecrarunt3</span> <span class='ocrx_word' id='word_1_739' title='bbox 2916 4848 3032 4896; x_wconf 88' lang='lat' dir='ltr'>noni</span> <span class='ocrx_word' id='word_1_740' title='bbox 3075 4848 3292 4909; x_wconf 75' lang='lat' dir='ltr'>Troiani,</span> 
     </span>
     <span class='ocr_line' id='line_1_103' title="bbox 1745 4925 3292 4988; baseline 0.001 -14"><span class='ocrx_word' id='word_1_741' title='bbox 1745 4940 1867 4988; x_wconf 86' lang='lat' dir='ltr'>quos</span> <span class='ocrx_word' id='word_1_742' title='bbox 1892 4926 2097 4976; x_wconf 78' lang='lat' dir='ltr'>Achilles</span> <span class='ocrx_word' id='word_1_743' title='bbox 2130 4926 2364 4975; x_wconf 82' lang='lat' dir='ltr'>Patroclis</span> <span class='ocrx_word' id='word_1_744' title='bbox 2384 4926 2434 4973; x_wconf 91' lang='lat' dir='ltr'>in</span> <span class='ocrx_word' id='word_1_745' title='bbox 2457 4926 2690 4974; x_wconf 86' lang='lat' dir='ltr'>honorem</span> <span class='ocrx_word' id='word_1_746' title='bbox 2721 4925 2954 4986; x_wconf 84' lang='lat' dir='ltr'>instituit;</span> <span class='ocrx_word' id='word_1_747' title='bbox 2994 4925 3166 4975; x_wconf 87' lang='lat' dir='ltr'>decimi</span> <span class='ocrx_word' id='word_1_748' title='bbox 3200 4930 3292 4988; x_wconf 83' lang='lat' dir='ltr'>Py·</span> 
     </span>
     <span class='ocr_line' id='line_1_104' title="bbox 1744 5002 3291 5065; baseline 0 -14"><span class='ocrx_word' id='word_1_749' title='bbox 1744 5003 1860 5063; x_wconf 85' lang='grc'><strong>11111,</strong></span> <span class='ocrx_word' id='word_1_750' title='bbox 1888 5017 2012 5065; x_wconf 87' lang='lat' dir='ltr'>quos</span> <span class='ocrx_word' id='word_1_751' title='bbox 2046 5002 2416 5064; x_wconf 77' lang='lat' dir='ltr'>Amphictyones</span> <span class='ocrx_word' id='word_1_752' title='bbox 2443 5004 2636 5064; x_wconf 86' lang='lat' dir='ltr'>propter</span> <span class='ocrx_word' id='word_1_753' title='bbox 2657 5003 2923 5063; x_wconf 79' lang='lat' dir='ltr'>Pythonem</span> <span class='ocrx_word' id='word_1_754' title='bbox 2947 5002 3156 5051; x_wconf 80' lang='lat' dir='ltr'>occisum</span> <span class='ocrx_word' id='word_1_755' title='bbox 3176 5016 3291 5051; x_wconf 86' lang='lat' dir='ltr'>con·</span> 
     </span>
     <span class='ocr_line' id='line_1_105' title="bbox 1747 5078 3292 5142; baseline 0.001 -15"><span class='ocrx_word' id='word_1_756' title='bbox 1747 5079 1987 5127; x_wconf 79' lang='lat' dir='ltr'>didcrunt.</span> <span class='ocrx_word' id='word_1_757' title='bbox 2033 5081 2224 5128; x_wconf 74' lang='lat' dir='ltr'>Hancne</span> <span class='ocrx_word' id='word_1_758' title='bbox 2263 5079 2482 5127; x_wconf 85' lang='lat' dir='ltr'>ludorum</span> <span class='ocrx_word' id='word_1_759' title='bbox 2511 5078 2816 5139; x_wconf 84' lang='lat' dir='ltr'>antiquorum</span> <span class='ocrx_word' id='word_1_760' title='bbox 2856 5078 3024 5127; x_wconf 72' lang='lat' dir='ltr'>seriem</span> <span class='ocrx_word' id='word_1_761' title='bbox 3053 5080 3101 5128; x_wconf 87' lang='lat' dir='ltr'>in</span> <span class='ocrx_word' id='word_1_762' title='bbox 3140 5082 3292 5142; x_wconf 79' lang='lat' dir='ltr'>t‘eplis</span> 
     </span>
    </p>
   </div>
   <div class='ocr_carea' id='block_1_13' title="bbox 163 5155 2275 5221">
    <p class='ocr_par' dir='ltr' id='par_1_15' title="bbox 163 5155 2275 5221">
     <span class='ocr_line' id='line_1_106' title="bbox 163 5155 2275 5221; baseline 0 -20"><span class='ocrx_word' id='word_1_763' title='bbox 163 5156 325 5203; x_wconf 58' lang='lat' dir='ltr'>mundi</span> <span class='ocrx_word' id='word_1_764' title='bbox 347 5160 664 5208; x_wconf 75' lang='lat' dir='ltr'>Panatlienaiei</span> <span class='ocrx_word' id='word_1_765' title='bbox 686 5163 874 5221; x_wconf 69' lang='lat' dir='ltr'>propter</span> <span class='ocrx_word' id='word_1_766' title='bbox 900 5162 1112 5208; x_wconf 72' lang='lat' dir='ltr'>Asterem</span> <span class='ocrx_word' id='word_1_767' title='bbox 1133 5160 1367 5220; x_wconf 72' lang='lat' dir='ltr'>gigantem</span> <span class='ocrx_word' id='word_1_768' title='bbox 1397 5172 1422 5205; x_wconf 84' lang='lat' dir='ltr'>a</span> <span class='ocrx_word' id='word_1_769' title='bbox 1449 5159 1656 5207; x_wconf 79' lang='lat' dir='ltr'>Minerva</span> <span class='ocrx_word' id='word_1_770' title='bbox 1751 5156 2022 5206; x_wconf 74' lang='lat' dir='ltr'>Aristoteles</span> <span class='ocrx_word' id='word_1_771' title='bbox 2041 5155 2275 5217; x_wconf 79' lang='lat' dir='ltr'>exposuit.</span> 
     </span>
    </p>
   </div>
   <div class='ocr_carea' id='block_1_14' title="bbox 3851 4046 3852 4717">
    <p class='ocr_par' dir='ltr' id='par_1_16' title="bbox 3851 4046 3852 4717">
     <span class='ocr_line' id='line_1_107' title="bbox 3851 4046 3852 4717; baseline 0 0"><span class='ocrx_word' id='word_1_772' title='bbox 3851 4046 3852 4717; x_wconf 95' lang='lat' dir='ltr'> </span> 
     </span>
    </p>
   </div>
  </div>
 </body>
</html>
