3900 6042
1193 412 2084 606 DAMASTES

2160 393 3045 548 SIGEENSIS.

598 904 829 976 Dionys.
858 901 986 957 Hal.
1031 899 1164 959 Jud.
1197 900 1269 955 de
1295 900 1473 955 Thuc.
1511 917 1561 955 c.
1592 897 1624 952 5
1659 916 1674 951 t
1704 892 1907 972 Ὀλίγῳ
1934 916 2066 971 πρε-

522 985 762 1067 σὸύτεροι
786 981 889 1045 τῶν
910 987 1412 1056 Πελοποννησιακῶν
1436 981 1525 1042 καὶ
1554 982 1712 1061 μέχρι
1739 984 1831 1050 τῆς
1857 984 2067 1040 Θουκυ-

522 1073 661 1132 δίδου
684 1072 1109 1153 παρεκτείναντες
1135 1071 1344 1142 ἡλικίας
1367 1067 1675 1133 Ἑλλάνικός
1702 1090 1758 1126 τε
1795 1071 1824 1125 6
1850 1065 2073 1130 Λέσὸιος

521 1158 614 1219 καί
646 1161 933 1236 Δαμάστης
970 1163 1000 1217 6
1027 1157 1286 1236 Σιγειεὺς,
1312 1158 1401 1218 καὶ
1430 1153 1737 1232 Ξενομήδης
1763 1158 1791 1213 6
1817 1156 1946 1219 Χῖος
1985 1153 2077 1211 καὶ

524 1247 725 1313 Ξάνθος
746 1250 774 1304 6
794 1245 958 1312 Λυδὸς
976 1245 1067 1304 καὶ
1091 1244 1239 1303 ἄλλοι
1262 1242 1459 1323 συχνοί.

601 1336 831 1392 Suidas:
854 1333 1159 1411 Δαμάστης,
1175 1331 1405 1408 Σιγειεὺς
1424 1329 1527 1388 ἀπὸ
1544 1328 1751 1406 Σιγείου
1773 1331 1864 1398 τ’ἦς
1876 1324 2076 1404 Τρωά-

526 1423 636 1494 δος,
664 1420 963 1489 Διωξίππου
990 1419 1122 1490 υἱὸς,
1145 1418 1366 1497 γεγονὼς
1392 1417 1493 1498 πρὸ
1515 1421 1617 1476 τῶν
1651 1418 2079 1485 Πελοποννησια-

523 1512 654 1584 κῶν,
681 1508 960 1587 σύγχρονος
988 1505 1282 1586 Ἡροδότῳ,
1305 1506 1430 1584 [τῶν
1453 1502 1902 1580 πλουσιωτάτων,]
1928 1504 2078 1559 ἱστο-

528 1594 681 1675 ρικός.
712 1595 948 1675 Γέγραφε
977 1592 1109 1672 Περὶ
1142 1595 1245 1650 τῶν
1269 1594 1321 1650 ἐν
1349 1590 1566 1651 Ἑλλάδι
1599 1590 1909 1670 γενομένων,
1944 1588 2079 1669 Περὶ

524 1680 718 1759 γονέων
759 1680 849 1739 καὶ
877 1679 1141 1760 προγόνων
1178 1682 1281 1739 τῶν
1321 1681 1393 1742 εἰς
1422 1675 1585 1738 Ἴλιον
1615 1674 2080 1758 στρατευσαμένων

529 1767 709 1848 βιὸλία
731 1766 821 1826 δύο
836 1811 853 1843 ,
884 1767 1081 1827 Ἐθνῶν
1108 1765 1399 1844 κατάλογον
1420 1764 1511 1823 καὶ
1529 1762 1751 1836 πόλεων,
1774 1763 1908 1841 Περὶ
1934 1785 2081 1833 ποιη·

524 1858 627 1914 τῶν
656 1854 748 1913 καὶ
772 1855 1049 1934 σοφιστῶν,
1069 1852 1160 1911 καὶ
1183 1852 1319 1911 ἄλλα
1341 1850 1526 1932 συχνά.
1550 1850 1738 1928 Γέγονε
1758 1852 1803 1908 δ’
1834 1847 2081 1909 Ἑλλανί-

525 1965 620 2002 κου
642 1941 893 2019 μαθητής.

606 2027 1049 2105 Πλουσιωτάτων]
1086 2032 1213 2086 Mss.
1261 2029 1433 2083 Paris.
1453 2069 1469 2097 ,
1499 2027 1659 2084 editt.
1691 2026 1995 2082 Mediolan.
2029 2036 2084 2080 et

526 2123 764 2186 Veneta3
809 2113 1176 2173 παλαιοτάτων
1230 2115 1390 2169 editt.
1435 2116 1597 2171 Basil.
1644 2124 1700 2168 et
1749 2114 1960 2169 GeneV.
2003 2142 2084 2154 —

429 2279 434 2288 .
529 2203 716 2282 σύγχρ.
757 2200 903 2282 Ἥρ.·
965 2198 1346 2280 χρονογράφος,
1414 2197 1641 2279 γέγραφε
1695 2199 1814 2257 κτλ.
1860 2199 2079 2254 Eudoc.

576 2333 591 2347 .
624 2309 755 2361 127.

529 2311 569 2367 p
610 2377 770 2435 Idem
808 2396 822 2433 ε
855 2375 1079 2451 Πῶλος,
1107 2371 1527 2452 Ἀκραγαντῖνος,
1565 2370 1765 2452 ῥήτωρ,
1804 2372 2002 2446 μᾶλλον
2030 2368 2085 2428 δὲ

531 2461 775 2542 σοφιστὴς
806 2465 908 2520 τῶν
949 2460 1143 2530 πάλαι,
1181 2459 1491 2524 διδάσκαλος
1527 2457 1849 2535 Λικυμνίου,
1891 2456 2087 2537 ἔγραψε

531 2548 878 2627 Γενεαλογίαν
902 2549 1005 2604 τῶν
1033 2546 1120 2604 ἐπὶ
1145 2541 1307 2605 Ἴλιον
1351 2543 1774 2625 στρατευσάντων
1816 2542 2087 2613 Ἑλλήνων

532 2636 623 2695 καὶ
661 2634 962 2716 βαρὸάρων,
1005 2634 1096 2693 καὶ
1130 2636 1240 2699 πῶς
1285 2631 1501 2699 ἕκαστος
1530 2626 1823 2703 ἀπήλλαξε·
1865 2630 1997 2697 τινὲς
2035 2628 2088 2688 δὲ

536 2723 662 2782 αὐτὸ
708 2721 994 2799 Δαμάστου
1038 2719 1397 2801 ἐπιγράφουσι.
1439 2722 1589 2780 Νεῶν
1616 2717 1923 2796 κατάλογον.
1960 2715 2090 2797 Περὶ

533 2809 737 2879 λέξεως.
772 2811 856 2870 Cf.
882 2810 1134 2866 Eudocia
1160 2829 1222 2884 p.
1259 2809 1395 2867 355.

613 2897 1019 2972 Agathemerus
1046 2894 1108 2966 1,
1162 2915 1187 2951 1
1232 2914 1277 2960 ε,
1300 2891 1691 2971 Ἀναξίμανδρος
1735 2893 1763 2948 6
1803 2891 2089 2961 Μιλήσιος,

536 2980 789 3052 ἀκουστὴς
811 2979 1004 3040 Θάλεω
1023 3024 1040 3055 ,
1070 2982 1270 3059 πρῶτος
1304 2980 1559 3055 ἐτόλμησε
1590 2977 1684 3049 τὴν
1709 2978 2013 3054 οἰκουμένην
2038 2980 2089 3035 ἐν

534 3068 716 3127 πίνακι
742 3067 960 3149 γράψαι.
1005 3066 1138 3126 Μεθ’
1175 3065 1231 3124 δν
1261 3065 1543 3132 Ἑκαταῖος
1582 3069 1609 3122 6
1651 3064 1933 3137 Μιλήσιος,
1964 3063 2091 3144 ἀνὴρ

542 3154 875 3227 πολυπλάνης
891 3153 1236 3234 διηκρίὸωσεν
1250 3151 1385 3212 ὥστε
1400 3156 1763 3229 θαυμασθῆναι
1776 3152 1834 3210 τὸ
1852 3163 2089 3232 πρᾶγμα.

540 3238 845 3308 Ἑλλάνικος
870 3241 970 3321 γὰρ
999 3245 1027 3300 6
1051 3239 1271 3307 Λὲσὸιος
1299 3239 1431 3319 ἀνὴρ
1457 3239 1784 3318 πολυῖστωρ,
1815 3240 2094 3307 ἀπλάστως

491 3345 501 3354 ·
536 3325 809 3406 παρέδωκε
828 3326 924 3400 τῂν
941 3326 1194 3407 ἱστορίαν.
1210 3318 1344 3388 Εἶτα
1359 3325 1648 3403 Δαμάστης
1663 3331 1690 3384 6
1707 3325 1945 3392 Κιττιεὺς
1968 3328 2091 3403 (scr.

535 3417 564 3471 6
590 3412 855 3492 Σιγειεὺς)
887 3413 954 3472 τὰ
980 3415 1204 3473 πλεῖστα
1234 3417 1293 3474 ἐκ
1319 3419 1410 3473 τοῦ
1439 3413 1722 3474 Ἑκαταίου
1754 3414 2094 3494 μεταγράψας

538 3502 912 3582 Περίπλουν
937 3501 1153 3584 ἔγραψε.

617 3592 961 3666 Porphyrius
986 3592 1087 3651 lib.
1117 3592 1147 3650 1
1170 3590 1363 3651 Φιλολ.
1394 3593 1615 3669 άκροασ.
1645 3611 1738 3666 ap.
1774 3592 1976 3649 Euseh.
2001 3595 2093 3649 Pr.

536 3680 603 3737 E.
630 3696 691 3752 p.
721 3678 834 3744 466
857 3698 872 3734 ε
903 3675 991 3737 Τὰ
1021 3676 1314 3757 βαρὸαρικὰ
1342 3676 1541 3754 νόμιμα
1568 3676 1882 3738 Ἑλλανίκου
1906 3678 1967 3734 ἐκ
1992 3680 2095 3735 τῶν

537 3762 821 3843 Ἡροδότου
837 3762 927 3822 καὶ
948 3763 1233 3841 Δαμάστου
1257 3763 1441 3846 (vulg'.
1464 3764 1746 3841 Δαμάσου)
1769 3784 1786 3835 3
1822 3768 2094 3834 συνῆκται.

617 3852 864 3907 Avienus
884 3852 1011 3908 Orae
1027 3870 1167 3910 mar.
1191 3859 1263 3917 42
1283 3864 1499 3908 veteres
1520 3853 1874 3928 geographos
1895 3871 2096 3908 recen-

537 3953 661 3993 sens
702 3946 832 4010 post
856 3938 1221 4006 'Hecataeum‚
1281 3939 1658 4011 Hellanicum,
1729 3938 1981 3992 Phileam
2044 3952 2101 3995 et

537 4024 798 4096 ignotum
855 4023 1084 4080 aliunde
1144 4026 1570 4081 Pausimachum
1622 4026 1876 4081 Samium
1933 4029 2100 4099 ponit

544 4105 862 4165 Damastem
883 4111 1058 4166 nobile·
1076 4123 1268 4167 natum
1284 4112 1440 4185 Sige.

621 4195 906 4253 Damastes
919 4195 981 4272 (Ἴ
1002 4200 1273 4273 Sigeensis
1293 4200 1572 4255 Herodoti
1592 4201 1817 4274 aequalis
1840 4200 2002 4257 fuisse
2023 4202 2103 4257 di·

543 4285 718 4357 citurt,
749 4284 1012 4357 equidem
1042 4304 1341 4359 supparem
1376 4288 1567 4360 potius
1606 4287 1878 4355 dixerim,
1914 4307 2100 4361 quan-

543 4369 855 4442 doquidem
877 4370 1212 4445 discipulum
1236 4391 1350 4428 esse
1372 4375 1572 4430 volunt
1589 4375 1896 4444 Hellanici‚
1917 4377 2101 4431 *vicini

542 4457 745 4514 Lesbii.
760 4458 912 4511 Nihil
932 4469 1119 4516 tamen
1133 4478 1331 4533 premo
1351 4460 1523 4515 verba
1538 4462 1906 4535 grammatici,
1923 4480 2100 4534 quum

542 4542 686 4597 sama
715 4544 816 4598 ista
848 4544 982 4600 inde
1010 4556 1134 4600 orta
1171 4564 1286 4602 esse
1311 4549 1516 4620 possit,
1547 4546 1705 4620 quod
1733 4548 1792 4601 in
1832 4549 2101 4620 operibus

539 4630 653 4684 suis
690 4632 975 4687 Damastes
1019 4634 1296 4689 Hellanici
1336 4636 1577 4690 maxime
1616 4635 1843 4708 vestigia
1882 4635 2098 4708 legerit.

541 4714 724 4788 ld‘que
747 4720 1066 4793 fragmentis
1096 4719 1503 4794 comprobatur
1524 4719 1626 4794 (fr.
1663 4741 1713 4779 1.
1743 4719 1793 4779 5.
1817 4719 1906 4793 6).

608 4951 670 5012 (⁴¹)
702 4953 774 5001 De
798 4954 1024 5003 Damnate
1047 4953 1122 5003 vel
1161 4956 1396 5017 Damaso,
1421 4955 1568 5006 fratre
1598 4957 1885 5018 Democriti,
1926 4960 2103 5007 Dama-

542 5020 665 5082 sippi
676 5020 792 5083 filio,
806 5034 854 5070 v.
868 5022 1090 5072 Mullach.
1113 5027 1303 5087 Fragm.
1323 5027 1583 5076 Democrit.
1606 5041 1652 5091 p.
1670 5034 1729 5076 36
1743 5041 1850 5090 sqq.
1868 5057 1929 5069 —
1943 5028 2102 5078 Alium

547 5091 825 5141 Damastem
853 5091 1001 5141 habes
1019 5093 1068 5141 in
1095 5094 1352 5144 Plutarcho
1377 5096 1539 5157 (Thes.
1563 5109 1609 5144 c.
1634 5101 1680 5145 ιι
1705 5098 1740 5158 ).
1762 5122 1822 5133 -
1855 5102 2104 5148 Damasus

546 5159 707 5208 varios
739 5174 786 5212 v.
824 5162 872 5211 in
904 5162 1070 5225 steph.
1100 5163 1242 5214 Thes.
1280 5177 1321 5213 ε.
1353 5178 1403 5214 v.

2240 894 2458 951 Nobilis
2474 897 2691 970 generis
2705 896 2924 950 divitias
2938 895 3125 950 testari
3142 892 3369 949 videtur
3387 894 3589 950 Suidas
3600 913 3729 951 ver·

2161 983 2249 1037 bis
2274 982 2378 1038 τῶν
2411 979 2812 1038 πλουσιωτάτων
2840 1002 2854 1036 :
2891 1000 3020 1036 nam
3049 982 3275 1036 alterius
3297 982 3558 1037 lectionis
3595 981 3730 1060 (τῶν

2164 1065 2558 1144 παλαιοτάτων)
2579 1071 2880 1126 auctoritas
2903 1079 2983 1124 est
3000 1087 3160 1142 paene
3176 1069 3327 1124 nulla
3343 1109 3359 1136 ‚
3382 1087 3731 1141 quamquam

2165 1157 2633 1230 acquiescendum
2651 1175 2713 1211 ea
2731 1158 2951 1230 putavit
2968 1159 3055 1210 vir
3079 1157 3280 1212 doctus
3296 1158 3357 1210 in
3379 1141 3576 1211 Museo
3594 1158 3727 1210 crit.

2165 1244 2483 1318 Cantabrig.
2504 1254 2643 1300 tom.
2667 1246 2745 1312 11,
2766 1263 2824 1317 p.
2860 1243 2988 1299 108.
3011 1245 3084 1299 At
3106 1261 3273 1298 nemo
3294 1243 3523 1317 negabit
3543 1244 3733 1298 verbis

2166 1332 2269 1386 τῶν
2283 1330 2469 1388 πλουσ.
2484 1332 2695 1388 insoliti
2708 1331 2923 1404 aliquid
2936 1333 3109 1386 inesse
3121 1350 3138 1399 ;
3158 1329 3378 1385 accedit
3391 1329 3553 1402 quod
3567 1332 3735 1384 omit·

2166 1428 2362 1473 tuntur
2388 1420 2459 1474 ab
2487 1419 2755 1474 Eudocia.
2782 1420 2981 1473 Nescio
3006 1436 3077 1472 an
3105 1435 3176 1472 ex
3201 1417 3598 1473 antedentibus
3628 1420 3733 1473 τῶν

2171 1505 2674 1575 Πελοποννησιακῶν
2696 1523 2897 1577 parum
2925 1504 3183 1559 distincte
3203 1505 3424 1577 scriptis
3440 1514 3573 1560 nata
3594 1507 3728 1559 sint.

2168 1594 2447 1667 Corrupta
2467 1611 2579 1648 esse
2597 1603 2653 1647 et
2670 1593 2800 1646 loco
2823 1601 2974 1646 mota
2991 1593 3158 1646 etiam
3181 1590 3581 1665 Bernhardyus
3598 1610 3733 1647 cen-

2168 1691 2269 1736 set.
2296 1705 2319 1730 α
2345 1682 2469 1736 Jam
2496 1682 2556 1735 in
2575 1681 2874 1749 continuis,
2904 1680 3010 1747 ait,
3041 1678 3188 1732 liber
3213 1674 3347 1754 Περὶ
3370 1679 3475 1734 τῶν
3496 1679 3552 1734 ἐν
3576 1676 3733 1737 ‘m

2169 1789 2274 1844 γεν.
2303 1787 2479 1841 quum
2496 1778 2887 1842 argumentum
2910 1776 3007 1821 aut
3034 1765 3336 1822 obscurum
3357 1766 3619 1821 ostendat
3636 1778 3736 1822 aut

2173 1855 2536 1932 incredibile,
2556 1856 2740 1927 placet
2755 1855 3176 1927 inscriptionem
3201 1854 3278 1908 sic
3300 1854 3587 1921 resarciri,
3611 1850 3736 1931 περὶ

2172 1943 2273 1997 τῶν
2318 1940 2371 1996 ἐν
2412 1937 2633 1999 Ἑλλάδι
2668 1936 2956 2015 γενομένων
2987 1935 3350 2016 ἀρχαιοτάτων
3394 1936 3600 2013 [γενῶν
3643 1941 3739 1995 vel

2174 2026 2374 2103 ἐθνῶν).
2399 2032 2585 2102 Atque
2597 2027 2751 2084 baud
2764 2030 2880 2082 scio
2895 2046 2966 2083 an
2981 2028 3124 2082 infra
3140 2028 3315 2099 posita
3331 2026 3490 2082 ἐθνῶν
3511 2023 3739 2083 κατάλο,

2173 2137 2262 2192 γον
2280 2114 2369 2173 καὶ
2389 2113 2588 2173 πόλεων
2603 2118 2716 2171 huc
2737 2115 3024 2171 reserenda
3046 2116 3174 2172 sint.
3203 2138 3228 2163 n
3256 2117 3386 2170 Haec
3407 2115 3538 2184 ine3
3564 2126 3739 2188 atque

2176 2205 2432 2260 laborare
2450 2205 2675 2259 titulum
2692 2223 2754 2259 π.
2774 2223 2822 2258 τ.
2838 2201 2891 2257 ἐν
2910 2197 3058 2259 Ἑλλ.
3073 2220 3184 2275 γεν.
3204 2202 3342 2256 mibi
3361 2221 3601 2276 quoque
3612 2222 3743 2278 per·

2174 2311 2395 2348 suasum
2412 2303 2520 2361 est,
2543 2310 2720 2365 quum
2733 2285 3047 2357 Ἑλληνικὰς
3067 2285 3296 2366 ἱστορίας
3319 2291 3415 2345 vix
3432 2293 3741 2365 quisquam

2177 2397 2245 2433 eo
2274 2378 2447 2433 modo
2488 2378 2835 2434 indicaverit.
2857 2378 3070 2433 Deletis
3095 2374 3379 2453 γενομένων
3405 2375 3561 2454 περὶ,
3602 2386 3741 2438 scri..

2176 2468 2382 2539 pserim
2393 2463 2511 2543 περὶ
2524 2467 2626 2521 τῶν
2651 2464 2703 2521 ἐν
2725 2461 2944 2522 Ἑλλάδι
2962 2461 3151 2538 γονέων
3167 2476 3300 2533 etc„
3323 2465 3534 2537 quibus
3556 2486 3742 2543 oppo.

2176 2553 2278 2608 sita
2321 2563 2443 2607 erat
2472 2553 2645 2606 altera
2677 2551 2864 2625 operis
2891 2568 3022 2623 pars
3049 2549 3121 2605 de
3147 2551 3443 2618 Bar-bank,
3476 2555 3581 2625 qui
3611 2567 3744 2610 ante

2177 2637 2400 2710 Trojam
2428 2640 2826 2712 pugnaverint.
2859 2636 3039 2708 Hujus
3065 2637 3215 2692 enim
3234 2640 3587 2694 mentionem
3612 2642 3742 2698 Sui-

2179 2725 2306 2795 das,
2333 2744 2508 2799 quum
2534 2744 2577 2782 s,
2603 2744 2657 2782 v·
2688 2720 2976 2799 Δαμάστης
3004 2725 3284 2792 omiserit,
3310 2743 3364 2783 v.
3399 2725 3590 2791 Πῶλος
3618 2748 3743 2784 mg.

2180 2814 2398 2868 minisse
2428 2831 2548 2867 non
2575 2813 2838 2886 neglexit.
2865 2842 2942 2852 —
2961 2811 3115 2885 Opus
3132 2813 3398 2884 quoniam
3422 2811 3655 2869 duobus
3676 2816 3745 2870 li-

2179 2899 2297 2953 bris
2321 2899 2636 2954 absolutum
2664 2907 2774 2966 est,
2799 2899 3081 2952 Damastes
3107 2898 3353 2953 breviter
3370 2916 3491 2953 rem
3516 2908 3748 2957 tractas-

2180 3003 2237 3040 se
2268 3004 2332 3039 ac
2360 2983 2453 3040 fila
2501 2982 2860 3059 genealogica
2894 2985 3132 3039 texuisse
3157 2984 3422 3040 habuerit
3455 2989 3608 3042 satis.
3657 2992 3747 3045 De

2182 3072 2383 3126 eodem
2419 3072 2546 3126 loco
2582 3082 2776 3144 postea
2812 3071 3209 3144 amplissimum
3248 3091 3391 3146 opus
3418 3079 3749 3147 composuit

2181 3160 2498 3214 Demetrius
2522 3158 2805 3230 Scepsius,
2836 3176 3006 3230 quem
3034 3168 3255 3213 secutus
3287 3169 3368 3214 est
3408 3162 3747 3233 Apollodo-

2184 3264 2279 3300 rus
2314 3245 2682 3303 Atheniensis.
2715 3245 2976 3300 Ceterum
3023 3247 3123 3318 qui
3154 3246 3366 3302 factum
3409 3249 3482 3303 sit
3512 3258 3579 3302 ut
3618 3253 3747 3306 Da-

2184 3333 2370 3387 mastis
2404 3332 2549 3386 liber
2575 3331 2645 3388 ab
2673 3333 2794 3388 aliis
2817 3331 2991 3401 Polo,
3022 3333 3242 3407 Gorgiae
3292 3332 3600 3407 discipulo,
3633 3337 3747 3392 ad-

2183 3420 2542 3493 scriberetur,
2558 3418 2711 3473 haud
2725 3420 2920 3492 liquet.
2945 3422 3355 3492 Argumentum
3376 3421 3494 3492 ejus
3513 3441 3749 3479 accom-

2185 3505 2475 3561 modatum
2494 3523 2624 3560 sane
2646 3517 2793 3576 erat,
2813 3524 2930 3578 quo
2949 3506 3243 3561 tractando
3264 3508 3647 3565 eruditionem
3660 3530 3752 3568 so-

2183 3593 2367 3666 phista
2394 3592 2730 3647 ostenderet.

2264 3680 2529 3752 Sequitur
2556 3695 2645 3750 ap.
2687 3676 2845 3734 Suid.
2881 3696 2939 3731 ν.
2978 3677 3200 3751 Πῶλος,
3228 3678 3379 3736 Νεῶν
3419 3679 3751 3760 κατάλογος,

2189 3767 2287 3839 qui
2327 3784 2455 3820 cum
2488 3764 2849 3821 antecedente
2877 3783 3050 3838 opere
3078 3785 3197 3820 non
3230 3770 3419 3840 potuit
3444 3787 3565 3824 non
3602 3789 3750 3826 con-

2184 3851 2407 3923 junctus
2426 3869 2568 3919 esse;
2584 3869 2639 3907 v.
2665 3847 2952 3924 Δαμάστης
2972 3853 3224 3925 sequitur
3242 3849 3438 3910 Ἐθνῶν
3452 3852 3752 3932 κατάλογος

2188 3937 2278 3996 καὶ
2300 3935 2499 3993 πόλεων
2524 3956 2537 3990 :
2565 3938 2858 4009 suspiceris
2878 3938 3005 3992 νεῶν
3028 3935 3333 4013 κατάλογος·
3356 3937 3674 4016 περίπλους;
3694 3954 3753 3999 at

2190 4024 2470 4078 domanda
2495 4022 2847 4095 conjectandi
2873 4026 3106 4098 prurigo
3131 4044 3145 4080 :
3169 4045 3298 4084 nam
3322 4037 3473 4082 recte
3490 4028 3610 4084 baec
3628 4048 3752 4086 sese

2187 4111 2394 4165 habere
2413 4110 2695 4178 videntur,
2713 4129 2887 4183 quum
2904 4113 3186 4168 Damastes
3208 4109 3338 4189 Περὶ
3360 4112 3518 4169 ἐθνῶν
3536 4117 3753 4172 citetur

2189 4198 2470 4271 Stephano
2505 4199 2631 4271 Byz.
2666 4197 2763 4272 (fr.
2802 4196 2884 4274 ι.)
2916 4198 3003 4253 Ab
3041 4199 3150 4254 hoc
3177 4200 3326 4258 libro
3353 4219 3471 4256 non
3495 4201 3756 4259 diversus

2190 4287 2288 4358 qui
2322 4286 2392 4340 ab
2429 4286 2802 4360 Agathemero
2837 4296 3183 4342 memoratur
3207 4285 3519 4365 Περίπλους.
3544 4320 3627 4331 —
3656 4292 3753 4346 Ad

2189 4372 2399 4426 librum
2419 4368 2549 4448 Περὶ
2572 4373 2800 4439 ποιητῶν
2821 4368 2910 4427 καὶ
2928 4373 3182 4450 σοφιστῶν
3200 4375 3369 4429 retuli
3393 4375 3595 4449 fragm.
3615 4374 3652 4429 8
3675 4377 3754 4432 de

2190 4459 2496 4530 majoribus
2524 4461 2774 4516 Homeri.
2802 4461 2956 4514 Inter
2983 4478 3079 4528 ea,
3112 4478 3237 4533 quae
3263 4461 3531 4535 deinceps
3557 4481 3591 4518 a
3621 4463 3753 4518 Sui·

2189 4547 2260 4601 da
2287 4556 2578 4620 ponuntur
2613 4544 2749 4601 άλλα
2775 4543 2971 4623 συχνά,
2999 4547 3206 4603 fuerint
3245 4549 3375 4604 libri
3415 4545 3551 4627 ssepi
3588 4553 3755 4626 εὓρη-

2191 4631 2372 4706 μάτων
2401 4630 2499 4710 (fr.
2530 4633 2601 4708 9)
2630 4644 2686 4689 et
2712 4635 3112 4709 chronologica
3136 4636 3424 4708 quaedam,
3444 4639 3489 4692 si
3515 4639 3753 4711 quidem

2189 4733 2340 4777 recte
2367 4724 2650 4777 Damastes
2674 4722 2745 4776 ab
2774 4720 3025 4778 Eudocia
3050 4721 3356 4800 χρονολόγος
3404 4726 3752 4799 appellatur.

2189 4810 2585 4882 Fragmentum
2610 4809 2879 4864 habemus
2901 4810 2973 4865 de
2996 4809 3089 4866 die
3111 4830 3227 4884 quo
3245 4810 3416 4882 Troja
3429 4822 3755 4887 expugnata

2190 4897 2277 4951 sit.
2303 4899 2553 4952 Fortasse
2575 4898 2743 4951 etiam
2768 4898 2828 4951 in
2853 4898 3001 4952 libro
3026 4899 3113 4954 De
3138 4900 3322 4972 poetis
3339 4899 3414 4955 ad
3433 4900 3755 4955 chronolo-

2191 4985 2378 5057 gicum
2405 4986 2645 5039 maxime
2668 5002 2859 5039 rerum
2886 4985 3145 5040 ordinem
3178 4986 3521 5062 (secundum
3547 4991 3753 5044 seriem

2192 5068 2544 5123 sacerdotum
2560 5072 2592 5123 J
2593 5072 2799 5126 unonis
2810 5072 3029 5146 Argivae
3041 5069 3090 5148 3¹)
3120 5084 3277 5129 recte
3289 5075 3750 5130 constituendum

2142 5132 2154 5218 1
2193 5167 2389 5210 auctor
2409 5156 2734 5216 attenderat.
