3900 6042
504 466 617 519 ⁴1²

495 587 770 667 ἀφροδίτης
797 587 888 655 τῆς
916 583 1164 663 σφετέρας
1195 583 1522 649 συνδυασθεὶς
1556 583 1682 663 πρὸς
1710 582 1803 654 τὴν
1836 584 2045 652 θήλειαν

494 674 850 753 πεπράύνται,
866 670 955 729 καὶ
982 670 1154 745 μέντοι
1174 671 1264 728 καὶ
1284 670 1520 746 συννόμω
1545 669 1708 729 ἐστόν·
1731 661 1842 728 εἶτα
1857 670 2049 739 ταύτης

495 758 942 841 παραδραμούσης
967 757 1054 814 καὶ
1089 759 1180 825 τῆς
1210 756 1414 826 θηλείας
1437 755 1658 826 κυούσης
1676 800 1691 826 ,
1725 757 2048 834 ἓκθηριοῧται

495 841 665 917 αὖθις,
680 846 768 904 καὶ
789 845 967 922 μονίας
990 843 1125 902 ἐστὶν
1147 843 1230 900 ὅδε
1253 847 1281 900 ὃ
1298 842 1454 909 Ἰνδὸς
1474 843 1812 921 καρτᾶζωνος.
1835 842 2048 901 Τούτων

494 927 582 994 οὖν
628 933 832 1000 πώλους
874 931 1011 989 πάνυ
1054 927 1264 1009 νεαροὺς
1307 929 1609 1004 κομίζεσθαι(
1656 951 1781 1010 φασι
1826 933 1900 1008 τῷ
1948 933 2050 988 τῶν

496 1021 765 1098 Πραισίων
793 1005 1029 1096 βασιλεῖ,
1055 1015 1144 1074 καὶ
1171 1014 1266 1085 τὴν
1290 1015 1455 1086 ἀλκὴν
1490 1018 1541 1072 ἐν
1568 1015 1809 1085 ἀλλήλοις
1837 1014 2045 1072 ἀποδεί·

495 1114 709 1166 κνυσθαι
735 1104 869 1163 κατὰ
895 1104 987 1169 τὰς
1009 1104 1388 1184 πανηγυρικάς·
1415 1103 1607 1162 τέλειον
1632 1104 1684 1162 δὲ
1709 1103 1906 1162 ἁλῶναί
1925 1126 2050 1161 ποτε

496 1194 656 1259 οὐδεὶς
684 1194 966 1271 μέμνηται.

575 1283 664 1339 Id.
692 1302 743 1339 c.
772 1301 839 1336 21
878 1298 893 1337 :
929 1275 1292 1355 Ὑπερελθόντι
1316 1275 1381 1334 τὰ
1410 1277 1502 1355 ὄρη
1525 1275 1591 1336 τὰ
1614 1279 1910 1351 γειτνιῶντα
1946 1283 2052 1343 τοῖς

496 1368 677 1433 Ἰνδοῖς
698 1364 831 1423 κατὰ
862 1362 953 1434 τὴν
981 1363 1256 1435 ἑνδοτάτην
1281 1361 1507 1442 πλευρὰν
1536 1367 1840 1438 φανοῦνται,
1874 1360 2050 1441 φασὶν,

499 1455 722 1517 αὐλῶνες
750 1450 1026 1509 δασύτατοι
1043 1497 1058 1521 ,
1086 1449 1175 1508 καὶ
1203 1449 1437 1508 καλεῖταί
1455 1471 1514 1526 γε
1537 1448 1624 1506 ὕπ’
1645 1446 1819 1507 Ἰνδῶν
1842 1450 1868 1503 6
1887 1449 2052 1526 χῶρος

501 1540 741 1616 Κόρουδα
772 1536 1131 1614 (Κόλουνδαν.
1159 1535 1245 1614 1.)·
1281 1538 1504 1593 ἀλῶνται
1525 1533 1579 1592 δὲ
1621 1533 1753 1612 ἄρα,
1780 1533 1960 1613 φασὶν,
1998 1534 2051 1590 ἓν

498 1627 667 1684 τοῖσδε
690 1628 795 1690 τοῖς
825 1626 1021 1682 αὖλῶσι
1057 1627 1168 1702 ζῷα
1208 1622 1458 1702 Σατύροις
1487 1624 1685 1700 ἐμφερῆ
1709 1618 1799 1685 τὰς
1829 1620 2052 1700 μορφὰς,

499 1710 558 1768 τὸ
581 1719 685 1768 πᾶν
709 1714 862 1785 σῶμα
891 1707 1078 1781 λάσια,
1103 1707 1193 1766 καὶ
1222 1705 1331 1785 ἔχει
1353 1705 1488 1765 κατὰ
1513 1710 1604 1777 τῆς
1627 1705 1760 1773 ἶξύος
1782 1704 2047 1783 ἵππουριν.

504 1796 611 1856 Καὶ
635 1795 748 1853 καθ’
770 1794 928 1853 ἑαυτὰ
955 1792 1048 1870 μὲν
1072 1791 1146 1869 μὴ
1180 1790 1526 1871 ἕνοχλούμενα
1563 1791 1843 1871 διατρίὸειν
1873 1793 1926 1850 ἐν
1953 1791 2056 1857 τοῖς

503 1884 712 1963 δρυμοῖς
750 1885 1155 1960 ὃλοτραγοῦντα,
1176 1878 1299 1936 ὅταν
1344 1877 1398 1936 δὲ
1445 1878 1724 1936 αἴσθωνται
1763 1881 2055 1956 κυνηγετῶν

502 1969 724 2040 κτύπου,
767 1969 857 2026 καὶ
902 1966 1162 2024 ἀκούσωσι
1200 1968 1365 2022 κυνῶν
1405 1966 1626 2036 ὑλακῆς,
1652 1964 1950 2024 ἀναθέουσιν
1986 1967 2056 2030 εἰς

503 2055 596 2120 τὰς
623 2052 909 2132 ἀκρωρείας
934 2050 1091 2118 αὐτὰς
1119 2049 1380 2130 ἀμηχάνῳ
1403 2054 1477 2130 τῷ
1499 2049 1676 2128 τάχει·
1714 2049 1804 2109 καὶ
1832 2049 1933 2129 γάρ
1958 2053 2057 2109 εἶσι

505 2144 616 2205 ταῖς
653 2138 968 2218 δρειὸασίαις
1007 2135 1271 2217 ἐντριὸεἶς.
1318 2136 1427 2196 Καὶ
1468 2136 1831 2215 ἀπομάχονται
1867 2135 2057 2216 πέτρας

507 2226 650 2292 τινὰς
684 2227 1031 2290 κυλινδοῦντες
1066 2223 1202 2283 κατὰ
1237 2228 1339 2281 τῶν
1365 2223 1634 2300 ἐπιόντων,
1660 2224 1750 2282 καὶ
1775 2227 2057 2301 καταλαμ-

508 2312 780 2390 ὅανόμενοί
825 2335 883 2390 γε
928 2311 1115 2369 πολλοὶ
1160 2310 1557 2391 διαφθείρονται.
1611 2310 1717 2371 Καὶ
1760 2313 1819 2371 ἐκ
1862 2311 2056 2369 τούτων

508 2402 635 2460 εἰσὶν
659 2402 841 2459 ἐκεῖνοι
866 2398 1153 2458 δυσάλωτοι
1169 2423 1183 2435 ·
1204 2399 1295 2457 καὶ
1315 2398 1461 2474 μόλις
1489 2396 1615 2456 ποτὲ
1636 2397 1727 2457 καὶ
1746 2397 1830 2457 διὰ
1854 2402 2058 2479 μακροῦ

507 2487 647 2554 τινὰς
673 2490 841 2546 αὐτῶν
870 2489 958 2552 εἷς
989 2485 1349 2566 Πραισίους
1372 2484 1671 2562 κομίζεσθαι
1708 2485 1938 2562 λέγουσι·
1968 2484 2057 2544 καὶ

507 2575 700 2633 τούτων
742 2574 917 2651 μέντοι
951 2572 986 2643 ἢ
1018 2572 1083 2631 τὰ
1123 2577 1372 2632 νοσοῦντα
1400 2572 1674 2648 ἐκομίσθη,
1700 2570 1734 2643 ἢ
1760 2569 1918 2642 θήλεά
1943 2594 2057 2628 τινα

509 2661 600 2720 καὶ
622 2667 868 2721 κυοῦντα·
893 2661 979 2719 καὶ
1012 2659 1201 2732 συνέόη
1229 2683 1288 2737 γε
1316 2664 1600 2738 θηραθῆναι
1621 2668 1724 2727 τοῖς
1744 2658 1836 2734 μὲν
1860 2657 1945 2716 διὰ
1964 2657 2056 2728 τὴν

510 2749 742 2820 νωθείαν,
763 2752 875 2813 ταῖς
899 2748 951 2805 δὲ
972 2745 1057 2804 διὰ
1083 2746 1171 2805 τὸν
1195 2750 1286 2816 τῆς
1308 2747 1530 2826 γαστρὸς
1549 2739 1718 2823 ὄγκον.
1741 2749 1824 2806 Cf.
1852 2749 2060 2803 Plinius

511 2842 583 2893 H.
614 2840 681 2893 N.
711 2840 846 2906 VII,
881 2856 937 2905 2,
977 2856 1041 2908 17
1078 2856 1091 2890 ε
1117 2837 1260 2891 Sunt
1293 2849 1352 2890 et
1384 2837 1574 2907 Satyri
1599 2835 1922 2890 Subsolanis
1956 2837 2057 2888 In·

510 2928 702 2979 doram
726 2925 997 2978 montibus
1017 2923 1034 2998 (
1056 2924 1543 2978 Catharcludorum
1569 2910 2047 2997 [Caturdudoreirm

515 3011 938 3064 Cartadulorum
967 3028 1024 3066 v·
1049 3007 1112 3084 1.]
1139 3010 1347 3063 dicitur
1386 3006 1590 3084 regio),
1625 3013 2056 3082 pernicissimum

512 3098 731 3150 am‘mal
758 3116 775 3148 .·
801 3115 921 3148 eum
954 3097 1360 3169 quadrupedes,
1412 3107 1522 3148 tum
1569 3106 1714 3148 recte
1754 3105 2054 3163 cun-entes,

513 3185 761 3239 humana
805 3182 1025 3252 elligi&
1066 3191 1300 3253 propter·
1336 3182 1683 3234 velocitatem
1698 3219 1716 3247 ‚
1761 3185 1867 3233 nisi
1904 3198 2061 3234 senes

512 3281 616 3326 aut
633 3275 798 3345 aegri,
823 3287 931 3324 non
953 3273 1264 3341 capiantnr.
1293 3266 1377 3322 Cf.
1422 3266 1611 3322 Ctesiae
1634 3265 1705 3325 fr.
1742 3264 1835 3336 57,
1862 3285 1921 3339 p.
1956 3265 2053 3337 87.

1242 3416 1329 3473 14.

594 3559 802 3612 Plinius
848 3557 1007 3623 VIII,
1048 3562 1146 3624 14,
1201 3575 1223 3610 1
1278 3572 1294 3612 ε
1340 3555 1737 3627 Megasthenes
1773 3556 1969 3611 scribit
2006 3559 2062 3608 in

515 3645 690 3699 India
700 3655 975 3717 serpentes
984 3648 1041 3696 in
1058 3654 1268 3696 tantam
1285 3644 1714 3714 magnitudiaem
1735 3643 2060 3709 adolescere,

516 3742 578 3784 ut
594 3731 799 3784 solidos
819 3730 1087 3783 hauriant
1108 3748 1288 3783 cervos
1314 3742 1619 3802 taurosque.
1650 3729 1730 3785 Cf.
1755 3730 1977 3784 Solinus
2004 3747 2054 3785 e.

519 3816 625 3892 52,
677 3817 746 3871 33
783 3838 796 3870 :
828 3813 1138 3870 Eam-milas
1192 3823 1249 3870 in
1291 3818 1627 3890 serpenthus
1667 3828 1825 3870 tanta
1874 3828 1957 3869 est
2004 3826 2064 3868 ut

514 3924 694 3960 cervos
727 3916 783 3958 et
803 3909 1166 3959 animantium
1197 3906 1315 3958 ale’a
1359 3905 1440 3957 ad
1465 3923 1660 3976 pas-em
1707 3905 1905 3957 molem
1947 3913 2060 3955 tota

516 3993 798 4049 hauriant.
829 3992 1035 4046 AElian.
1068 3993 1229 4060 XVI,
1256 4008 1327 4045 22
1375 4009 1389 4044 t
1421 3989 1654 4048 Γίνονται
1678 3989 1731 4044 δὲ
1768 3987 1905 4066 ὄφεις
1935 3986 2062 4062 παρ’

516 4080 688 4143 αὐτοῖς
739 4075 943 4152 μεγέθει
989 4074 1253 4151 μέγιστοι,
1295 4066 1365 4132 ὧν
1417 4078 1463 4131 οἱ
1505 4073 1599 4150 μὲν
1645 4075 1930 4152 ἁρπάζουσι
1969 4070 2062 4137 τὰς

514 4164 737 4238 ποίμνας
776 4164 866 4222 καὶ
911 4168 1206 4234 σιτοῦνται,
1249 4164 1296 4219 οἱ
1347 4159 1398 4218 δὲ
1436 4159 1770 4230 ἐκθηλάζουσι
1805 4158 1865 4216 τὸ
1900 4150 2053 4233 αἷμα.

514 4251 816 4325 conjungit
856 4251 973 4305 haec
1015 4252 1266 4305 AElianus
1305 4267 1434 4303 cum
1462 4248 1834 4321 descriptione
1877 4249 2059 4302 Scira-

516 4348 695 4392 tarum
721 4338 922 4409 populi
946 4337 1090 4392 simi.
1117 4338 1248 4390 Haec
1282 4352 1421 4410 vero
1446 4351 1697 4407 expresse
1720 4333 2060 4407 Megastheni

517 4423 713 4477 tribuit
733 4424 942 4477 Plinius
955 4462 971 4489 ,
992 4434 1055 4475 ut
1077 4423 1312 4476 dubium
1329 4422 1424 4475 vix
1442 4422 1511 4475 sit
1528 4421 1810 4474 AEliamnn
1832 4437 2060 4491 quoque

514 4510 947 4583 exMegasthene
972 4510 1228 4563 hausisse.
1258 4507 1343 4565 Ex
1371 4508 1573 4562 eodem
1601 4507 1757 4561 fonte
1788 4507 2057 4563 Schwan-

513 4597 744 4651 beckius
787 4593 1006 4650 fluxisse
1034 4606 1244 4662 censet,
1270 4612 1392 4666 quae
1418 4595 1680 4667 leguntur
1703 4592 1854 4666 apud
1882 4595 2061 4649 AElia-

515 4700 651 4738 num
675 4683 869 4751 XVII,
901 4701 957 4750 a,
990 4682 1060 4736 de
1093 4682 1285 4737 avibus
1319 4680 1557 4748 Indicis,
1587 4682 1856 4752 psittacis,
1876 4699 2060 4753 pavo-

515 4769 711 4836 nibus,
743 4769 1041 4836 columbis‚
1068 4768 1254 4841 gallis;
1280 4768 1444 4832 XVI,
1474 4769 1508 4823 3
1538 4766 1611 4821 de
1639 4767 1895 4821 cercione
1926 4785 2056 4836 ave3

516 4872 566 4909 c.
619 4859 649 4915 Ι,
695 4851 769 4906 de
817 4854 934 4908 cela
972 4871 1104 4922 ave;
1140 4871 1190 4910 c.
1225 4850 1257 4906 5
1304 4851 1376 4906 de
1402 4870 1591 4924 upupa
1621 4851 1847 4922 Indica,
1877 4853 2061 4927 deque

585 5100 932 5162 megasthenem
960 5102 1102 5150 audio
1125 5021 1361 5152 diceritiin
1397 5102 1445 5150 in
1476 5102 1597 5150 mari
1630 5102 1793 5151 lndioo
1824 5103 2063 5164 quendam

522 5176 800 5241 pisciculum
824 5180 949 5230 nasci
964 5215 978 5240 ‚
998 5193 1228 5244 eumque,
1250 5180 1406 5243 quoad
1426 5181 1568 5242 vivit,
1590 5180 1638 5229 in
1658 5180 1892 5245 profundo
1907 5184 2067 5232 natan·

611 5429 652 5469 «ἐ

1811 453 2171 514 MEGASTH
2182 452 2343 511 ENl'S

2136 583 2254 655 ejus
2280 584 2499 657 origine
2535 583 2760 651 fabular,
2782 601 2834 639 c.
2866 581 2902 636 6
2933 582 3006 637 de
3043 584 3306 656 phattage
3335 584 3601 651 animali;
3641 603 3697 638 e.

2137 670 2171 724 8
2201 670 2273 725 de
2294 670 2485 743 hydris
2499 691 2515 740 ;
2546 690 2592 725 c.
2623 689 2659 742 9
2684 670 2755 724 de
2777 671 2941 725 mulis
2960 670 3300 724 silvestribus
3333 667 3470 746 (ubi
3493 669 3700 724 iterum

2136 765 2479 809 memoratur
2507 757 2534 811 ὁ
2563 758 2681 811 τῶν
2719 753 3054 833 Πραισίων
3096 753 3494 830 βασιλεύς);
3524 774 3578 812 c.
3634 777 3690 809 n

2137 839 2208 894 de
2221 841 2570 916 poeophago;
2603 860 2655 898 c.
2687 859 2753 896 ια
2775 841 2845 896 de
2861 842 3060 914 insigni
3073 853 3334 898 cetorum
3348 843 3700 914 aliarumque

2135 927 2448 981 belluarum
2491 926 2664 982 Indiae
2709 927 3122 1001 magnitudine3
3167 947 3217 983 c.
3257 948 3278 981 1
3293 927 3325 981 3
3371 927 3447 982 de
3492 928 3623 999 rajis
3647 940 3704 982 et

2137 1014 2347 1084 squillis
2374 1013 2611 1088 Indicis;
2636 1033 2687 1070 c.
2728 1021 2792 1078 τί.
2825 1014 2898 1067 de
2921 1012 3197 1067 testudine
3221 1013 3422 1067 Indica
3445 1011 3702 1068 fluviatili

2138 1109 2192 1152 et
2213 1100 2488 1171 terrestri;
2509 1118 2560 1155 c.
2589 1117 2611 1152 1
2623 1098 2655 1152 5
2674 1098 2743 1153 de
2762 1099 2986 1153 solertia
3003 1101 3330 1154 animalium
3344 1100 3700 1172 Indicorum,

2053 1215 2058 1221 -
2137 1187 2418 1258 praecipue
2447 1185 2518 1240 de
2558 1184 2805 1239 formicis
2845 1184 2937 1258 (de
2986 1187 3191 1258 quibus
3232 1189 3496 1242 AElianns
3543 1198 3704 1243 enan

2140 1272 2345 1325 Jubam
2389 1273 2661 1344 scripsisse
2689 1270 2815 1345 ait);
2860 1290 2912 1325 c.
2952 1271 3020 1325 16
3058 1271 3131 1327 de
3162 1284 3329 1327 antro
3360 1275 3634 1328 Plutonis
3651 1275 3708 1328 in

2141 1357 2304 1412 India
2341 1359 2621 1430 sacrisque
2661 1357 2740 1411 ibi
2767 1359 3034 1431 peractis;
3065 1378 3114 1414 e.
3147 1378 3213 1428 ¹7
3266 1360 3340 1416 de
3371 1362 3560 1414 insula
3601 1362 3704 1414 Ta·

2137 1444 2394 1516 probane
2421 1455 2478 1498 et
2504 1443 2575 1499 de
2601 1444 2970 1498 testudinibus
2995 1447 3166 1500 maris
3188 1449 3416 1520 magni3
3445 1466 3501 1504 c.
3543 1446 3614 1501 18
3637 1448 3706 1502 de

2141 1531 2445 1603 elephantis
2469 1531 2814 1603 Taprobanae
2842 1531 3063 1602 insulae,
3082 1531 3270 1604 deque
3296 1535 3538 1588 marinis
3559 1536 3708 1587 cire·

2140 1635 2264 1676 eam
2288 1616 2517 1686 belluis3
2552 1637 2603 1673 c.
2642 1636 2712 1690 ¹9
2738 1616 2810 1671 de
2837 1616 3028 1689 lepore
3057 1621 3226 1675 maris
3248 1620 3459 1676 ludici.
3479 1622 3706 1691 —Q112

2144 1703 2331 1758 omnia
2372 1721 2474 1757 nos
2508 1721 2626 1758 non
2663 1702 3052 1776 exscribimus,
3084 1707 3185 1760 etsi
3211 1717 3368 1762 recte
3403 1706 3712 1778 conjecisse

2143 1787 2641 1843 Schwanbeckium
2670 1788 3061 1845 existimamus.

2870 1915 2958 1972 15.

2223 2034 2424 2094 AElian.
2453 2038 2522 2094 N.
2566 2040 2636 2093 A.
2676 2039 2839 2108 VIII,
2874 2058 2905 2109 7
2943 2059 2957 2094 ε
2991 2034 3350 2111 Μεγασθένους
3391 2035 3577 2093 ἀκούω
3619 2038 3708 2095 λε’-

2144 2142 2318 2198 γοντος
2341 2119 2460 2200 περὶ
2481 2120 2576 2191 τὴν
2595 2125 2697 2180 τῶν
2717 2122 2892 2184 Ἰνδῶν
2918 2124 3179 2182 θάλατταν
3198 2121 3254 2200 γί
3316 2125 3468 2180 εσθαί
3491 2147 3549 2182 τι
3575 2125 3712 2204 ἰχθύ-

2144 2207 2269 2279 διον,
2298 2207 2387 2265 zui
2415 2214 2565 2267 τοῦτο
2600 2207 2693 2283 μὲν
2721 2208 2844 2267 ὅταν
2901 2234 2958 2288 ῃ,
2985 2209 3198 2270 ἀθέατον
3237 2145 3370 2266 ἆται
3387 2256 3407 2286 ,
3431 2209 3586 2268 κάτω
3609 2233 3709 2270 που

2144 2293 2427 2370 νηχόμενον
2451 2293 2540 2353 καὶ
2564 2296 2616 2352 ἐν
2648 2300 2815 2375 βυθῷ,
2847 2296 3104 2354 ἀποθανὸν
3132 2295 3188 2353 δὲ
3219 2297 3491 2354 ἀναπλεῖν·
3531 2291 3596 2356 οὗ
3624 2299 3712 2358 τὸν

2144 2378 2411 2457 ἁψάμενον
2439 2381 2767 2455 λειποθυμεῑν
2799 2381 2888 2438 καὶ
2914 2381 3210 2452 ἐκθνήσκειν
3233 2380 3301 2439 τὰ
3337 2386 3536 2461 πρῶτα
3552 2429 3573 2459 ,
3599 2375 3710 2442 εἶτα

2146 2465 2319 2541 μέντοι
2346 2464 2436 2522 καὶ
2465 2468 2828 2537 ἀποθνήσκειν.

2231 2579 2256 2603 «ι
2289 2554 2472 2609 Philes
2498 2576 2546 2612 c.
2579 2554 2646 2609 81
2667 2597 2683 2625 ‚
2722 2555 2942 2611 16-21
2963 2597 2981 2626 ,
3013 2557 3085 2613 de
3105 2558 3379 2630 pisciculo
3406 2559 3509 2614 illo
3539 2578 3556 2612 ε
3583 2561 3713 2634 βρα-

2142 2635 2237 2715 χύς
2264 2660 2340 2704 τις
2380 2637 2522 2717 ἰχθὺς
2564 2639 2745 2713 μέλας.
2792 2642 2960 2699 Unde
2992 2645 3244 2700 colorem
3290 2656 3534 2699 novemt
3587 2647 3713 2701 ille?

2144 2727 2291 2781 Num
2309 2730 2368 2781 in
2395 2746 2495 2782 suo
2521 2728 2668 2782 libro
2693 2729 3012 2786 invenerat:
3041 2728 3133 2792 καὶ
3156 2733 3308 2787 τοῦτο
3334 2729 3503 2804 μέλαν
3521 2732 3552 2790 ἲ
3577 2757 3602 2779 ·
3619 2736 3712 2788 Ja-

2145 2829 2306 2871 COBS.

2881 2921 2968 2978 16.

2227 3046 2435 3102 Plinius
2485 3050 2555 3104 H.
2598 3051 2667 3104 N.
2716 3049 2823 3116 VI,
2863 3054 2934 3112 24
2977 3065 2992 3106 τ
3036 3047 3434 3121 Megasthenes
3457 3051 3711 3123 stamine

2145 3135 2318 3188 dividi
2376 3134 2394 3208 (
2417 3136 2780 3208 Taprobanen
2837 3137 3071 3189 itzsulam
3135 3131 3338 3212 tradit)
3394 3139 3711 3213 incolasque

2141 3223 2504 3296 paloeogonos
2539 3224 2821 3295 appellari
2831 3264 2844 3288 ‚
2898 3227 3129 3294 aurique
3167 3230 3709 3299 margaritarumque

2142 3305 2445 3372 fertiliores
2469 3307 2635 3382 quam
2661 3309 2850 3365 Indos.
2876 3307 2960 3363 Cf.
2993 3309 3286 3364 Onesicriti
3317 3309 3388 3364 fr.
3417 3329 3518 3368 21.

2226 3419 2250 3443 σι
2263 3393 2724 3469 Palaeogonorum
2736 3415 2942 3451 nomen
2952 3398 3010 3449 in
3017 3396 3170 3450 hunc
3179 3396 3416 3451 modum
3427 3399 3708 3470 explicare

2145 3481 2356 3536 studuit
2375 3485 2661 3538 Lassenius
2681 3484 2921 3555 (Dissert.
2933 3485 3018 3538 De
3035 3484 3141 3540 ins.
3162 3481 3505 3556 Taprobane
3521 3504 3589 3558 p.
3614 3485 3667 3560 9)
3687 3502 3701 3539 :

2153 3572 2419 3624 Dicamus
2446 3569 2823 3642 notumsuisse
2848 3570 3205 3642 Megastheni
3235 3569 3511 3640 fabulam
3535 3576 3704 3629 Indo-

2148 3675 2267 3710 rum
2284 3698 2297 3721 ,
2338 3676 2451 3729 qua
2465 3664 2641 3729 primi
2657 3661 2857 3712 insula?
2876 3661 3077 3713 incolae
3095 3661 3349 3713 Rdsasoe
3367 3678 3414 3716 S.
3445 3662 3705 3735 Gigantes

2140 3748 2552 3816 progenitorum
2577 3747 2768 3798 mimdi
2776 3745 2900 3817 filie*
2909 3742 3098 3813 faisse
3123 3747 3433 3802 tradamur.
3462 3750 3584 3802 Hos
3611 3753 3706 3800 mi·-

2145 3835 2296 3883 m'me
2311 3837 2492 3903 inepte
2508 3833 2968 3906 Palaeogonorum
2984 3835 3368 3906 appellatione
3387 3835 3704 3905 se'gnisscan

2139 3929 2379 3990 poterat.
2432 3918 2640 3974 Contra
2671 3919 2835 3975 'hanc
2889 3920 3218 3974 sententiam
3270 3919 3464 3974 dicere
3520 3923 3700 3986 liceat,

2147 3996 2554 4068 Megasthenem
2579 3997 2686 4052 hac
2712 4015 2853 4052 voce
2876 4008 2989 4051 tarn
3009 3999 3233 4052 insolita
3261 4008 3316 4052 et
3335 3998 3408 4052 ab
3435 4017 3545 4053 usn
3571 4017 3700 4072 quo·

2147 4080 2346 4134 tidiani
2368 4083 2636 4136 sermonis
2667 4094 2780 4138 tam
2809 4095 3023 4139 remota
3065 4086 3246 4156 gentis
3272 4085 3458 4157 ipsum
3507 4104 3699 4139 nomen

2145 4165 2394 4220 indicare
2419 4166 2685 4233 voluisse,
2712 4186 2830 4222 non
2868 4169 3184 4225 describere
3216 4180 3480 4243 gentem,
3505 4170 3699 4226 deinde

2147 4252 2553 4325 Megasthenem
2588 4254 2769 4308 solere
2787 4256 3019 4310 nomina
3055 4274 3177 4310 non
3212 4267 3458 4325 vertere,
3499 4258 3596 4313 sed
3633 4257 3694 4310 ad

2145 4356 2346 4391 sonum
2370 4348 2425 4392 et
2453 4358 2582 4394 cum
2603 4342 2997 4412 paronomasia
3021 4342 3268 4414 quadam
3290 4343 3573 4410 reddet-«23
3609 4361 3696 4415 po-

2145 4433 2354 4479 stremo
2371 4465 2387 4493 ‚
2414 4426 2773 4498 Taprobanes
2798 4438 2856 4481 et
2877 4428 3035 4482 urbis
3052 4430 3327 4501 principis
3349 4447 3562 4484 nomen
3591 4429 3692 4485 n«-

2144 4507 2507 4583 λαισιμοόνδου
2535 4513 2694 4566 brevi
2741 4523 2872 4585 post
2911 4515 3152 4568 inveniri
3191 4516 3323 4569 voci
3361 4512 3692 4588 Παλαιόγονοι

2143 4596 2501 4654 simillimum.
2521 4601 2716 4671 Itaque
2730 4639 2746 4666 ,
2768 4617 2945 4671 quum
2966 4602 3259 4655 Lassenius
3277 4603 3477 4675 capitis
3501 4617 3690 4656 nomen

2149 4681 2601 4758 Iloekoeietuodvssou
2642 4686 2903 4741 sanserite
2923 4688 3116 4742 vocari
3135 4689 3543 4760 pali-sinicium
3562 4688 3615 4763 (i.
3637 4704 3684 4740 e.

2146 4768 2416 4826 doctrinae
2442 4790 2609 4826 sacrae
2637 4771 2818 4846 caput)
2844 4776 3066 4847 egregie
3094 4777 3447 4847 exposuerit,
3483 4777 3674 4829 Palaeo-

2145 4873 2429 4928 gonorum
2479 4877 2692 4914 nomen
2742 4877 2813 4914 ex
2854 4878 2998 4916 voce
3040 4863 3306 4916 sanserita
3341 4860 3680 4935 pati-gamit

2150 5020 2249 5067 totu
2291 5033 2388 5069 nou
2425 5034 2683 5083 apparere,
2721 5026 2968 5073 mortuum
3005 5037 3124 5073 vero
3156 5023 3219 5073 ad
3254 5037 3491 5074 summam
3525 5032 3679 5085 quan

2154 5096 2363 5158 fluitat-433
2374 5096 2458 5159 qui
2472 5111 2581 5146 eum
2592 5098 2840 5163 eontigerit
2853 5135 2868 5162 ,
2884 5100 3093 5162 primum
3107 5100 3257 5150 annui
3267 5099 3455 5152 decenn
3467 5100 3680 5154 laborum.

2155 5172 2323 5223 deinde
2344 5176 2505 5224 aulem
2528 5175 2669 5226 mori.
