3900 6042
562 480 672 533 nso
1106 444 1119 457 ‘
1653 453 2148 520 Ams‘rorsms
2189 447 2684 512 FRAGMENTA.

1233 602 1424 679 [27⁴]

636 722 916 780 Plutarch.
940 721 1048 775 vit.
1082 717 1249 773 Hom.
1283 734 1331 771 c.
1364 713 1426 784 3,
1448 731 1505 787 p.
1545 731 1611 767 21
1646 713 1706 766 in
1736 710 1914 784 Βιογρ.
1953 707 2109 761 Wes-

560 824 724 867 term.
755 829 768 863 :
802 801 1162 882 Ἀριστοτέλης
1203 799 1256 858 δὲ
1299 802 1352 857 ἐν
1380 802 1456 877 τῷ
1500 797 1657 878 τρίτῳ
1687 792 1820 872 Περὶ
1842 794 2113 862 ποιητικῆς

562 898 581 971 (
614 893 808 972 πρώτῳ
838 890 970 970 Περὶ
990 892 1218 960 ποιητῶν
1245 885 1297 964 i‘)
1319 888 1370 945 ἐν
1394 884 1494 964 Ἴῳ
1525 883 1653 965 φησὶ
1686 886 1751 960 τῇ
1792 880 1963 958 νήσῳ,
1996 875 2112 935 καθ’

561 981 619 1039 ὃν
647 981 827 1060 καιρὸν
868 976 1076 1048 Νηλεὺς
1120 980 1149 1034 6
1195 973 1402 1054 Κόδρου
1457 977 1550 1043 τῆς
1592 972 1824 1037 Ἰωνικῆς
1873 964 2114 1029 ἀποικίας

562 1073 768 1140 ἡγεῖτο,
805 1064 963 1143 κόρην
989 1060 1105 1120 τινὰ
1134 1065 1236 1120 τῶν
1269 1058 1559 1138 ἐπιχωρίων
1587 1054 1867 1134 γενομένην
1904 1051 2007 1109 ὑπό
2037 1074 2114 1108 τι-

560 1177 643 1218 νος
663 1153 902 1230 δαίμονος
925 1154 1027 1208 τῶν
1057 1150 1418 1227 συγχορευτῶν
1449 1142 1687 1209 Μούσαις
1715 1140 1974 1217 ἐγκύμονα
1992 1183 2008 1213 ,
2029 1138 2116 1193 αἷ-

564 1242 827 1298 δεσθεῖσαν
849 1237 909 1295 τὸ
936 1235 1143 1312 συμόὰν
1165 1233 1249 1292 διὰ
1277 1235 1365 1292 τὸν
1394 1231 1548 1307 ὄγκον
1566 1234 1659 1299 τῆς
1689 1225 1910 1304 γαστρὸς
1952 1225 2115 1281 ἐλθεῖν

566 1326 636 1393 εἷς
673 1349 725 1386 τι
752 1324 943 1404 χωρίον
966 1323 1027 1383 τὸ
1064 1320 1380 1397 καλούμενον
1407 1317 1628 1395 Αἴγιναν
1645 1338 1657 1351 ·
1696 1316 1764 1379 εἷς
1792 1311 1820 1371 ὃ
1852 1311 2119 1388 καταδρα-

570 1414 760 1491 μόντας
787 1409 982 1491 λῃστὰς
1015 1407 1390 1487 ἀνδραποδίσαι
1443 1404 1537 1475 τὴν
1586 1400 1990 1482 προειρημένην,
2030 1396 2119 1454 καὶ

568 1498 860 1578 ἀγαγόντας
898 1501 971 1564 εἰς
1012 1496 1261 1574 Σμύρναν
1289 1485 1448 1553 οὖσαν
1491 1490 1592 1549 ὑπὸ
1623 1490 1807 1554 Λυδοῖς
1844 1486 1995 1561 τότε,
2044 1488 2121 1563 τῷ

572 1590 776 1667 βασιλεῖ
803 1588 907 1643 τῶν
936 1585 1119 1645 Λυδῶν
1148 1582 1257 1641 ὄντι
1306 1580 1441 1662 φίλῳ
1464 1576 1691 1653 τοῦνομα
1721 1572 1916 1635 Μαίονι
1965 1568 2120 1649 χαρί-

576 1681 794 1732 σασθαι·
827 1672 914 1729 τὸν
939 1670 994 1729 δὲ
1024 1668 1373 1746 ἀγαπήσαντα
1401 1666 1496 1736 τὴν
1519 1663 1677 1742 κόρην
1708 1660 1792 1720 διὰ
1819 1659 1879 1717 τὸ
1907 1657 2120 1728 κάλλος,

571 1767 767 1839 γῆμαι·
792 1761 857 1831 ἣν
883 1757 1245 1837 διατρίὸουσαν
1266 1755 1411 1834 παρὰ
1436 1757 1511 1833 τῷ
1557 1750 1795 1820 Μέλητι,
1822 1746 1911 1806 καὶ
1941 1766 2125 1822 συσχε-

575 1854 750 1906 θεῖσαν
783 1847 882 1907 ὑπὸ
923 1850 1014 1916 τῆς
1040 1845 1247 1914 ὠδῖνος,
1280 1840 1462 1918 ἔτυχεν
1495 1841 1794 1908 ἀποκυῆσαι
1838 1833 1924 1890 τὸν
1950 1830 2117 1904 ‘'Oun-

578 1959 663 2013 ρον
705 1934 791 1993 ἐπὶ
824 1937 899 2009 τῷ
926 1934 1169 2008 ποταμῷ.
1199 1927 1302 1990 ’Ὂν
1328 1925 1605 1986 ἀναλαὸὼν
1630 1929 1658 1981 6
1688 1921 1874 1982 Μαίων
1908 1923 1975 1984 ὣς
1998 1918 2125 1975 ἴδιον

577 2021 786 2099 ἔτρεφε,
819 2024 909 2089 τῆς
943 2016 1213 2097 Κριθηίδος
1244 2013 1377 2090 μετὰ
1403 2012 1498 2081 τὴν
1530 2011 1714 2080 κύησιν
1744 2005 1926 2071 εὐθέως
1953 2007 2126 2061 τελευ-

577 2107 833 2177 τησάσης.
871 2104 1072 2183 Χρόνου
1113 2101 1167 2161 δὲ
1208 2104 1266 2160 οὔ
1292 2103 1482 2159 πολλοῦ
1522 2095 1803 2160 διελθόντος
1838 2092 1927 2152 καὶ
1980 2089 2130 2156 αὐτὸς

581 2191 904 2260 ἐτελεύτησε.
938 2194 1062 2251 Τῶν
1092 2188 1145 2247 δὲ
1173 2190 1355 2249 Λυδῶν
1383 2181 1847 2258 καταπονουμένων
1894 2177 1996 2237 ὑπὸ
2027 2180 2128 2234 τῶν

581 2277 836 2350 Αἰολέων,
863 2278 952 2337 καὶ
975 2276 1259 2356 κρινάντων
1290 2276 1597 2333 καταλιπεῖν
1618 2269 1712 2340 τὴν
1741 2266 2008 2343 Σμύρναν,
2042 2264 2133 2321 καὶ

581 2365 911 2445 κηρυξάντων
940 2369 1041 2423 τῶν
1087 2360 1351 2440 ἡγεμόνων
1377 2359 1464 2419 τὸν
1496 2356 1804 2438 βουλόμενον
1838 2353 2132 2411 ἀκολουθεῖν

582 2453 768 2521 ἐξιέναι
794 2458 887 2525 τῆς
919 2451 1145 2523 πόλεως,
1173 2451 1248 2509 ἔτι
1280 2447 1459 2520 νήπιος
1498 2445 1569 2504 ὢν
1594 2448 1834 2522 *Ὄμηρος
1870 2461 2134 2520 προσηγο-

584 2540 759 2617 peden.

663 2627 943 2704 Γενόμενος
992 2628 1038 2685 δ’
1078 2629 1131 2684 ἐν
1180 2623 1389 2704 ἡλικίᾳ,
1429 2622 1520 2680 καὶ
1570 2619 1719 2688 δόξαν
1770 2615 1856 2677 ἐπὶ
1890 2616 2136 2689 ποιητικῇ

585 2714 895 2792 κεκτημένος
920 2714 1052 2785 ἤδη,
1098 2710 1344 2790 ἐπηρώτα
1370 2707 1458 2769 τὸν
1485 2708 1629 2779 θεὸν,
1656 2706 1806 2766 τίνων
1840 2706 1886 2761 τ’
1924 2701 2003 2773 εἴη
2051 2722 2139 2776 γο-

586 2802 716 2861 νέων
743 2803 832 2860 καὶ
847 2803 1029 2861 πόθεν·
1051 2805 1080 2859 6
1108 2798 1161 2857 δὲ
1191 2801 1389 2857 ἀνεῖλεν
1413 2795 1575 2862 οὕτως
1591 2813 1607 2830 ·

709 2915 872 2965 Ἔστιν
890 2914 980 2968 Ἴος
996 2918 1135 2971 νῆσος
1155 2912 1322 2973 μητρὸς
1343 2910 1523 2970 πατρὶς,
1543 2908 1574 2964 ἦ
1598 2921 1653 2953 σε
1666 2904 1859 2953 θανόντα

710 2986 880 3040 δέξεται
895 2997 908 3009 ·
925 2984 1043 3031 ἀλλὰ
1055 2984 1170 3031 νέων
1191 2981 1365 3041 ἀνδρῶν
1384 2978 1577 3038 αῖνιγμα
1593 2974 1802 3037 φύλαξαι.

592 3072 825 3151 Φέρεται
846 3071 937 3129 καὶ
965 3068 1131 3149 ἕτερος
1156 3066 1396 3146 χρησμὸς
1418 3068 1669 3126 τοιοῦτος·
2061 3111 2088 3121 ,

715 3175 876 3225 Ὀλὸιε
897 3176 976 3222 καὶ
996 3173 1247 3231 δὺσδαιμον
1262 3183 1273 3194 ·
1292 3169 1397 3228 ἔφυς
1412 3168 1503 3228 γὰρ
1523 3165 1598 3214 ἐπ’
1611 3164 1906 3225 ἀμφοτέροισι
1928 3174 1936 3183 ·

715 3245 914 3307 πατρίδα
936 3243 1086 3299 δίζηαι
1102 3253 1114 3266 ·
1142 3239 1313 3302 μητρὸς
1327 3239 1376 3287 δι’
1395 3252 1484 3293 τοι,
1499 3236 1554 3283 οὐ
1567 3233 1737 3296 πατρὸς
1760 3234 1858 3281 ἐστι

2322 579 2594 641 μητρόπολις
2609 577 2656 624 ἐν
2678 576 2805 636 νήσῳ
2825 573 2918 622 ἀπὸ
2943 571 3120 635 Κρήτης
3142 570 3334 633 εὐρείης,

2322 650 2503 703 Μίνωος
2521 648 2655 709 γαίης
2678 646 2782 693 οὔτε
2804 645 2971 704 σχεδὸν
2987 645 3084 691 οὔτ’
3104 643 3198 689 ἀπὸ
3217 642 3378 696 τηλοῦ.

2325 719 2405 768 Ἐν
2419 724 2482 780 τῇ
2504 720 2564 774 σὴ
2581 715 2701 777 μοῖρ’
2715 714 2815 767 ἐστὶ
2828 716 3096 769 τελευτῆσαι
3120 710 3320 771 βιότοιο,

2323 787 2416 838 εὖτ’
2434 790 2490 836 ἄν
2508 787 2600 834 ἀπὸ
2622 785 2826 845 γλώττης
2847 782 3027 830 παίδων
3043 781 3106 842 μὴ
3127 785 3246 840 γνῷς
3259 777 3524 829 ἐπακούσας

2325 858 2590 913 δυσξύνετον
2619 854 2850 902 σκολιοῖσι
2869 852 3021 911 λόγοις
3045 850 3285 910 εἰρημένον
3307 850 3473 909 ὕμνον.

2323 922 2464 971 Δοιάς
2482 920 2571 979 γὰρ
2585 920 2702 973 ζωῆς
2722 914 2884 976 μοίρας
2908 913 3066 974 λάχες,
3094 912 3152 966 ἢν
3171 911 3252 970 μὲν
3267 910 3482 970 ἀμαυρὰν

2325 987 2514 1045 ἦιλίδων
2532 987 2690 1035 ὄσσων
2703 998 2715 1009 ·
2734 985 2789 1041 ἢν
2809 983 2850 1031 δ’
2873 982 3112 1034 ἀθανάτοις
3128 978 3389 1041 ἰσόμοιρον,

2325 1061 2402 1108 καὶ
2423 1062 2511 1115 ζῶν
2525 1058 2604 1105 καὶ
2620 1055 2830 1119 φθίμενος
2843 1069 2857 1082 ·
2873 1052 3084 1115 φθίμενος
3103 1051 3144 1101 δ’
3159 1052 3224 1100 ἔτι
3249 1050 3424 1099 πολλὸν
3448 1046 3666 1116 ἀγήρως..

2206 1169 2338 1226 Μετ’
2365 1168 2425 1225 οὗ
2449 1163 2610 1225 πολὺν
2635 1163 2689 1223 δὲ
2708 1164 2892 1243 χρόνον
2918 1161 3093 1221 πλέων
3116 1165 3189 1228 εἷς
3206 1159 3399 1231 Θήὸας
3422 1157 3511 1217 ἐπὶ
3533 1156 3600 1214 τὰ
3631 1153 3769 1231 Κρό-

2207 1277 2290 1311 νια
2313 1253 2483 1331 (ἀγὼν
2507 1252 2561 1311 δὲ
2576 1244 2719 1317 οὗτος
2739 1252 2920 1327 ἄγεται
2939 1254 3066 1329 παρ’
3086 1252 3259 1314 αὐτοῖς
3278 1246 3585 1325 μουσικός),
3608 1235 3770 1313 ἦλθεν

2207 1342 2277 1401 εἷς
2304 1333 2414 1398 Ἴον
2430 1362 2443 1374 ·
2474 1338 2593 1396 ἔνθα
2627 1336 2934 1415 ἐπὶπέτρας
2956 1334 3296 1410 καθεζόμενος
3324 1333 3576 1392 ἐθεάσατο
3602 1328 3773 1390 ἁλιεῖς

2209 1426 2596 1504 προσπλέοντας
2613 1470 2627 1495 ,
2664 1414 2735 1482 ὧν
2765 1423 3074 1483 ἐπυνθάνετο
3103 1421 3220 1480 εἴτι
3245 1420 3434 1498 ἔχοιεν.
3462 1421 3532 1477 Oi
3562 1416 3646 1486 δὲ,
3684 1414 3772 1470 ἐπὶ

2209 1516 2285 1592 τῷ
2316 1518 2542 1591 θηρᾶσαι
2568 1511 2661 1588 μὲν
2709 1510 2889 1586 μηδὲν,
2927 1508 3273 1589 φθειρίζεσθαι
3297 1506 3354 1565 δὲ
3383 1507 3471 1563 διὰ.
3510 1502 3603 1574 τὴν
3636 1504 3768 1559 ἀπο-

2212 1601 2325 1679 ρίαν
2352 1605 2445 1671 τῆς
2467 1598 2624 1679 θήρας
2650 1597 2812 1663 οὕτως
2840 1596 3208 1676 ἀπεκρίναντο·

2331 1726 2473 1776 'Oce’
2491 1728 2666 1789 Ελομεν,
2681 1725 2921 1788 λιπόμεσθ’
2936 1742 2948 1753 ·
2975 1724 3068 1772 ὅσα
3090 1722 3133 1772 δ’
3151 1723 3241 1785 οὐχ
3254 1722 3419 1782 ἔλομεν
3432 1756 3447 1781 ,
3477 1718 3745 1782 modu-&0³
3759 1727 3772 1737 ·

2215 1837 2563 1914 αἷνισσόμενοι
2607 1843 2674 1904 ὡς
2723 1838 2824 1915 ἄρα
2869 1835 2953 1902 οὓς
3005 1833 3099 1911 μὲν
3139 1831 3331 1891 ἐλαῦον
3364 1814 3478 1888 ’τῶν
3523 1831 3772 1910 φθειρῶν,

2216 1926 2603 1994 ἀποκτείναντες
2646 1927 2949 1985 κατέλιπον·
2991 1923 3077 1990 οὒς
3119 1923 3164 1980 δ’
3214 1924 3305 1980 οὐκ
3349 1918 3558 1987 ἔλαὸον,
3601 1920 3652 1974 ἐν
3705 1918 3774 1991 ἑῇ

2217 2016 2392 2085 ἐσθῆτι
2420 2013 2636 2093 φέροιεν.
2657 2011 2833 2091 Ὅπερ
2856 2015 2913 2070 οὗ
2944 2008 3174 2081 δυνηθεὶς
3188 2006 3482 2084 συμὸαλεῖν
3505 2003 3774 2082 ςὍμηρος,

2218 2099 2303 2157 διὰ
2340 2099 2437 2171 τὴν
2483 2100 2706 2173 ἀθυμίαν
2755 2098 3090 2173 ἐτελεύτησε,
3128 2096 3385 2175 θάψαντες
3436 2091 3494 2151 δὲ
3535 2092 3688 2150 αὐτὸν
3727 2091 3776 2145 οἱ

2220 2188 2388 2258 Ἰῆται
2446 2190 2854 2265 μεγαλοπρεπῶς
2899 2184 3096 2245 τοιόνδε
3137 2182 3442 2263 ἐπέγραψαν
3488 2181 3644 2238 αὐτοῦ
3696 2180 3773 2255 τῷ

2219 2274 2395 2355 τάφῳ·

2348 2395 2535 2444 Ἐνθάδε
2555 2397 2639 2452 τὴν
2660 2395 2787 2458 ἱερὰν
2802 2394 3002 2456 κεφαλὴν
3025 2391 3148 2441 κατὰ
3161 2395 3276 2451 γαῖα
3297 2388 3524 2438 καλύπτει

2345 2465 2519 2528 ἀνδρῶν
2533 2466 2698 2527 ἡρώων
2728 2464 2999 2525 κοσμήτορα
3016 2463 3135 2524 θεῖον
3159 2461 3391 2521 Ὅμηρον.

2303 2610 2357 2664 ἐν
2396 2607 2473 2682 τῷ
2507 2604 2704 2683 τρίτῳ]
2734 2608 2790 2661 Si
2840 2615 2992 2659 recte
3029 2612 3280 2657 statuunt
3321 2602 3446 2655 haee
3496 2618 3567 2654 ex
3607 2615 3774 2671 opere

2230 2692 2363 2773 Περὶ
2390 2694 2616 2760 ποιητῶν
2635 2704 2854 2765 sumpta
2874 2709 2986 2745 esse
3004 2731 3019 2756 ,
3038 2688 3340 2762 legendum
3361 2687 3518 2742 haud
3538 2686 3704 2742 dubie
3721 2685 3774 2739 ἐν

2228 2785 2302 2860 τῷ
2326 2778 2536 2859 πρώτῳ.
2563 2782 2660 2834 Sin
2683 2781 2894 2846 minus,
2915 2776 3105 2831 videas
3130 2794 3203 2830 ne
3230 2775 3560 2831 Aristoteles
3587 2775 3684 2827 iste
3707 2772 3776 2823 sit

2230 2873 2548 2944 CyrenaeuS‚
2576 2885 2746 2938 quem
2785 2862 2901 2941 περὶ
2941 2864 3214 2930 ποιητικῆς
3248 2863 3529 2935 scripsisse
3556 2869 3775 2915 testatur

2230 2959 2508 3029 Diogenes
2535 2956 2604 3020 V,
2625 2952 2718 3010 35.

2311 3043 2395 3098 Cf.
2426 3042 2536 3096 Vit.
2568 3039 2804 3094 Homeri
2832 3036 2924 3093 ed.
2953 3038 3140 3093 Iriart.
3178 3054 3237 3108 p.
3266 3034 3383 3090 233
3428 3055 3441 3088 :
3467 3030 3776 3106 Τιμόμαχος

2235 3126 2289 3184 δὲ
2313 3124 2402 3182 καὶ
2433 3122 2787 3202 Ἀριστοτέλης
2830 3119 2881 3187 ἐξ
2904 3118 3016 3180 Ἴου
3054 3125 3145 3189 τῆς
3171 3119 3331 3189 νήσου
3375 3118 3495 3194 (τὸν
3539 3114 3777 3193 εὍμηρόν

2236 3234 2360 3290 φασι
2381 3209 2644 3288 γεγονέναι
2669 3210 2746 3285 )..
2777 3211 3053 3264 ἀποθανεῖν
3082 3206 3136 3263 δὲ
3166 3206 3323 3263 αὐτόν
3353 3228 3513 3283 φασιν
3532 3207 3584 3262 ἐν
3607 3202 3694 3278 'logi
3715 3205 3778 3275 τῆ

609 3315 3780 3359 .-..-.-...---—----—-—————-——-——-——-———-——-—————--

1153 3405 1254 3466 DE
1297 3401 1583 3462 POETIS.

1308 3526 1430 3576 274.

660 3639 935 3691 Aristoteles
965 3636 1089 3686 libro
1130 3635 1272 3686 tertio
1304 3632 1560 3694 (primae)
1604 3632 1673 3678 De
1703 3631 1806 3678 arte
1833 3627 2016 3690 poetica
2042 3628 2149 3685 (De

599 3720 761 3781 poetis
776 3718 819 3778 P)
839 3715 996 3777 prodit
1011 3714 1057 3762 in
1072 3713 1225 3761 insula
1241 3714 1310 3772 10,
1330 3723 1428 3772 quo
1443 3712 1656 3769 tempore
1674 3705 1859 3754 Codrus
1879 3703 2006 3752 Nelei
2026 3703 2150 3750 tilius

599 3794 804 3844 colonioe
825 3794 875 3841 in
901 3790 1083 3840 Ioniam
1106 3788 1339 3838 ducendae
1354 3786 1571 3847 praefuit,
1596 3782 1803 3845 puellam
1822 3795 1851 3829 a
1868 3779 2006 3840 genio
2026 3791 2148 3839 quo·

598 3874 715 3922 dam
738 3884 799 3919 ex
840 3881 1008 3918 eorum
1041 3879 1271 3926 numero,
1297 3864 1382 3925 qui
1418 3875 1528 3911 cum
1550 3859 1696 3909 Musis
1730 3858 1902 3906 choros
1939 3855 2148 3914 ducunt,

600 3959 922 4011 compressam
935 3982 950 4006 ,
977 3956 1131 4006 quum
1163 3941 1277 3990 sacti
1295 3954 1402 3990 eam
1417 3940 1612 4001 propter
1629 3934 2025 3983 intumescentem
2045 3933 2151 3979 ute·

604 4039 715 4076 rum
741 4022 968 4086 puderet,
1015 4018 1299 4077 concessisse
1333 4018 1382 4064 in
1414 4015 1651 4076 regionem
1683 4010 1925 4072 quandam
1962 4007 2154 4056 nomine

606 4103 843 4166 AEginam.
872 4099 941 4149 lbi
960 4112 989 4147 a
1010 4095 1341 4159 praedonibus,
1366 4092 1448 4155 qui
1468 4105 1526 4141 eo
1547 4090 1878 4139 excursionem
1909 4086 2152 4145 fecissent,

602 4183 798 4242 captam
815 4176 1107 4235 ductamque
1134 4174 1182 4221 in
1201 4175 1454 4232 Smyrnam
1481 4167 1649 4217 urbem
1671 4165 1754 4214 illo
1772 4166 1988 4225 tempore
2014 4161 2155 4222 Lydis

604 4256 870 4318 subjectum
885 4288 900 4314 ‚
926 4250 1169 4313 Lydorum
1190 4247 1286 4308 regi
1309 4244 1482 4295 Moeoni
1497 4280 1512 4304 ,
1528 4241 1657 4291 socio
1684 4253 1797 4299 suo,
1819 4238 1946 4286 dono
1966 4238 2154 4294 datam,

604 4334 668 4381 ab
687 4343 839 4391 eoque
853 4323 1223 4390 pulchritudinis
1242 4334 1384 4370 causa
1399 4321 1449 4369 in
1472 4315 1829 4366 matrimonium
1845 4315 2152 4373 assumptam.

612 4412 721 4457 Mox
750 4419 901 4469 quum
929 4403 993 4454 ad
1016 4402 1238 4451 Meletem
1272 4397 1475 4445 fluvium
1507 4393 1683 4454 degens
1714 4394 1879 4453 partus
1913 4387 2159 4437 doloribus

608 4481 1056 4539 circumveniretur,
1086 4475 1313 4527 accidisse
1344 4474 1397 4521 ut
1430 4475 1690 4521 Homerum
1709 4469 1849 4529 juxta
1882 4465 2039 4527 ipsum
2064 4464 2156 4512 ssu-

609 4562 743 4610 vium
779 4559 983 4620 pareret.
1026 4551 1266 4603 Critheide
1300 4548 1528 4598 continuo
1564 4559 1627 4594 ex
1649 4547 1789 4606 partu
1824 4543 2042 4602 mortua,
2081 4541 2158 4589 in·

611 4640 790 4688 fantem
816 4635 1090 4694 susceptum
1113 4632 1163 4679 et
1179 4634 1236 4677 ut
1270 4639 1410 4675 suum
1430 4623 1694 4673 enutritum
1716 4634 1744 4668 a
1771 4622 1955 4668 Maeone
1978 4630 2158 4680 :quem

609 4715 767 4777 ipsum
786 4711 930 4761 etiam
948 4709 1075 4758 haud
1096 4707 1247 4754 multo
1266 4706 1371 4766 post
1402 4700 1589 4749 obiisse.
1616 4701 1761 4746 Porro
1792 4694 1908 4756 Lydi
1928 4695 1990 4743 ab
2013 4694 2160 4742 AEoli-

612 4794 703 4841 bus
725 4789 851 4839 bello
879 4786 1024 4851 pressi
1047 4798 1200 4847 quum
1227 4787 1481 4844 Smyrnam
1508 4778 1776 4837 relinquere
1812 4772 2157 4831 decrevissent,

612 4880 875 4930 eorumque
896 4864 1131 4928 principes
1162 4875 1244 4924 per
1266 4870 1537 4923 praeconem
1559 4854 1816 4904 edixissent
1829 4887 1844 4911 ,
1868 4853 1922 4900 ut
1953 4851 2160 4912 quicun-

612 4960 711 5010 que
725 4945 852 5007 ipsos
864 4941 1001 5003 sequi
1016 4939 1194 4989 vellent
1212 4937 1330 4986 urbe
1344 4934 1695 4997 egrederentur,
1712 4931 1973 4977 Homerum
1993 4940 2161 4988 pueru-

616 5027 718 5075 lum
750 5018 1014 5070 etiamnum
1040 5016 1245 5076 dixisse,
1270 5027 1320 5062 se
1342 5023 1536 5074 quoque
1550 5008 1671 5057 velle
1696 5008 1907 5067 ὁμηρεῖν,
1929 5003 1975 5051 id
1998 4996 2068 5052 est
2086 5016 2162 5051 se-

617 5103 707 5170 qm
734 5117 751 5149 .·
770 5097 881 5146 inde
900 5108 987 5158 pro
1006 5094 1284 5155 Melesigene
1302 5094 1561 5139 Homerum
1596 5084 1900 5147 appellatum.

684 5173 887 5227 Adultus
915 5172 1012 5232 iam
1032 5173 1080 5219 et
1107 5169 1290 5231 poetica
1321 5168 1423 5213 arte
1455 5175 1627 5211 nomen
1663 5162 1945 5207 consecutus
1961 5192 1975 5217 ‚
2002 5156 2060 5203 dc·
2079 5169 2161 5217 pa-

1050 5394 1080 5405 ‘¹-

2235 3378 2453 3426 rentibus
2474 3379 2522 3425 et
2557 3376 2712 3438 patria
2751 3373 2894 3422 deum
2918 3373 3160 3421 consuluit
3190 3391 3203 3419 ι
3242 3372 3381 3433 isque
3416 3370 3489 3421 sic
3514 3367 3778 3430 respondit,

2339 3468 2485 3511 Insula
2511 3470 2582 3510 los
2597 3466 2750 3510 matris
2768 3465 2908 3520 patria
2925 3468 3015 3511 est,
3035 3464 3125 3506 vita
3148 3462 3246 3507 haec
3264 3472 3446 3517 quoque
3467 3460 3670 3505 [unctum

2347 3538 2535 3593 accipiet
2554 3552 2567 3578 ι
2595 3535 2673 3580 sed
2696 3539 2742 3579 tu
2758 3534 2957 3588 juvenile
2975 3534 3163 3587 aenigma
3181 3536 3355 3576 caveto.

2238 3624 2451 3672 Alterum
2473 3636 2664 3685 quoque
2682 3621 2932 3671 oraculum
2951 3620 3046 3668 tale
3073 3620 3224 3667 fertur
3247 3637 3259 3666 ι

2345 3718 2465 3762 Felix
2477 3723 2522 3761 et
2540 3720 2688 3766 miser.
2717 3715 2771 3761 ad
2799 3718 2968 3760 sortem
2985 3714 3088 3769 quia
3108 3716 3242 3757 natus
3260 3716 3504 3768 utrunque

2341 3788 2558 3843 perquiris
2576 3788 2764 3844 patriam
2785 3786 2968 3829 amatris
2986 3785 3066 3827 tibi
3079 3815 3092 3834 ,
3114 3794 3210 3827 11011
3229 3784 3369 3838 patris
3388 3787 3535 3826 exstat

2348 3857 2489 3909 patria
2503 3885 2513 3904 ,
2530 3856 2577 3897 in
2591 3855 2766 3898 undoso
2781 3854 2901 3907 jacet
2916 3852 3012 3895 liaec
3027 3855 3176 3895 Ponto
3195 3851 3353 3897 insula.
3374 3853 3520 3894 Cretae

2330 3934 2448 3977 ‚non
2467 3923 2579 3966 adeo
2596 3923 2742 3965 vicina
2759 3925 2806 3965 et
2820 3932 2913 3964 non
2933 3921 3065 3973 longe
3083 3929 3224 3973 usque
3253 3922 3440 3963 remota.

2346 3994 2435 4036 Hic
2454 3996 2496 4035 te
2516 3990 2602 4035 lata
2622 3994 2698 4035 tua
2723 3993 2886 4043 cogent
2901 3987 3119 4031 decedere
3137 3986 3258 4038 vita,

2347 4071 2486 4114 quum
2500 4059 2627 4113 pueri
2646 4057 2806 4112 ignotis
2824 4056 3063 4100 obscurum
3083 4053 3341 4108 ambagibus
3358 4053 3469 4097 olim

2342 4138 2594 4170 sermonem
2616 4126 2866 4169 involvent.
2891 4126 3023 4178 teque
3049 4122 3173 4166 hunc
3190 4123 3402 4166 evolvere
3419 4125 3625 4178 poscent:

2346 4195 2509 4250 quippe
2526 4194 2690 4247 duplex
2707 4194 2810 4236 vitre
2833 4191 2975 4234 fatum
2996 4191 3074 4234 tibi
3092 4191 3299 4243 contigit,
3317 4192 3483 4233 orbum

2346 4264 2608 4311 luminum-³3
2628 4264 2798 4318 superis
2817 4265 2936 4304 Musa
2958 4259 3284 4303 immortalibus
3308 4264 3454 4313 aequst
3477 4274 3492 4301 1

2348 4336 2453 4388 post
2472 4334 2662 4375 mortem
2682 4334 2726 4375 te
2744 4330 2834 4373 vita
2850 4330 3000 4371 manet
3021 4337 3178 4371 secura
3199 4331 3408 4371 senectae.

2244 4423 2347 4469 Non
2375 4418 2528 4467 multo
2553 4417 2658 4477 post
2683 4417 2900 4477 tempore
2921 4413 3113 4462 Thebas
3143 4412 3374 4474 navigans
3404 4411 3466 4460 ad
3502 4411 3781 4469 Saturnalia,
3875 4434 3877 4445 =

2243 4495 2450 4558 quodibi
2469 4495 2707 4542 certamen
2728 4492 2964 4540 musicum
2982 4490 3270 4548 celebratur,
3295 4491 3405 4538 lum
3419 4488 3569 4538 venit.
3597 4488 3662 4537 lbi
3679 4500 3783 4535 saxo
3875 4530 3877 4535 .

2245 4572 2479 4631 insidens,
2495 4570 2751 4632 piscatores
2768 4567 2885 4615 vidit
2897 4565 3238 4627 adnavigantes
3250 4600 3265 4626 ‚
3279 4577 3459 4626 eosque
3472 4564 3782 4624 intersepsit,
3875 4552 3877 4601 ἕ

2247 4663 2362 4698 1111111
2385 4647 2502 4709 quid
2529 4646 2773 4695 haberent.
2799 4644 2871 4693 llli
2888 4642 3019 4704 quod
3048 4642 3166 4691 nihil
3187 4641 3426 4702 cepissent
3443 4677 3460 4701 ,
3479 4641 3562 4691 sed
3587 4644 3784 4702 capturae
3875 4638 3877 4643 '

2246 4725 2447 4788 penuria
2458 4727 2506 4773 et
2527 4723 2625 4771 otio
2645 4720 2888 4783 pediculos
2914 4719 3161 4781 legissent,
3180 4717 3249 4766 ita
3266 4717 3621 4779 responderunt
3643 4737 3657 4767 ε

2353 4828 2454 4869 Non
2473 4826 2601 4879 capta
2620 4821 2875 4872 atterimus,
2904 4820 3086 4865 fuerant
3103 4829 3205 4875 quae
3219 4822 3352 4873 capta
3370 4819 3563 4869 relictis.

2248 4920 2498 4982 aenigmate
2527 4917 2845 4980 significantes
2862 4952 2876 4977 ,
2907 4929 2960 4964 se
2993 4928 3115 4976 quos
3144 4915 3380 4978 cepissent
3417 4912 3685 4976 pediculos,
3713 4923 3785 4959 eos

2249 4997 2430 5045 occisos
2451 4995 2692 5057 reliquisse
2708 5030 2721 5053 ‚
2747 5006 2869 5054 quos
2891 5004 3007 5041 vero
3031 5005 3128 5040 non
3151 4991 3388 5053 cepissent
3405 5003 3490 5039 eos
3507 5003 3558 5039 se
3583 4990 3631 5038 in
3653 4987 3784 5037 vesti-

2251 5078 2340 5127 bus
2361 5077 2459 5127 suis
2473 5089 2633 5125 secum
2653 5075 2791 5123 ferre.
2818 5072 2960 5131 Quod
2975 5086 3125 5135 quum
3144 5074 3384 5120 Homerus
3401 5067 3710 5130 conjectando
3724 5078 3787 5114 ss-

2251 5156 2384 5217 sequi
2414 5168 2509 5203 11011
2538 5156 2721 5215 posset,
2750 5164 2850 5214 prm
2885 5151 3032 5199 animi
3064 5150 3230 5198 dolore
3262 5150 3489 5197 mortuus
3524 5150 3615 5195 est.
3648 5148 3788 5196 lenset
