3900 6042
489 480 604 531 550

488 600 766 656 habuisset
786 600 1072 655 Eusebius.
1104 603 1179 654 At
1199 599 1305 653 tale
1325 597 1463 669 quid
1480 616 1604 652 mea
1625 596 1897 652 sententia
1916 615 2035 650 non

489 689 634 743 foret
656 688 761 741 viri
789 686 1120 759 negligentis
1135 726 1150 753 ,
1180 684 1278 740 sed
1301 685 1398 757 qui
1422 683 1551 739 data
1578 701 1752 756 opera
1772 683 2038 756 stupidis-

488 777 684 829 simum
713 791 770 827 se
806 773 1070 827 exhibere
1093 772 1371 828 voluisset.
1410 802 1483 811 —
1519 769 1823 843 Quomodo
1850 787 1940 823 res
1979 786 2037 822 se

489 861 688 916 habeat
728 860 842 931 ipse
875 860 1144 914 Eusebius
1182 878 1250 913 eo
1290 857 1534 925 indicat,
1580 857 1737 930 quod
1774 855 2037 928 dynastiae

490 948 695 1019 quintae
730 948 975 1019 primum
1015 964 1205 1018 regem
1240 946 1403 1017 ponit
1443 962 1603 1010 eum,
1641 944 1741 1015 qui
1772 943 2036 996 Africano

490 1043 571 1088 est
604 1035 820 1105 primus
840 1049 939 1085 rex
974 1031 1238 1103 dynastiae
1266 1040 1466 1085 sextae:
1498 1031 1667 1103 igitur
1700 1037 1897 1101 quarta
1926 1026 2037 1099 dy-

489 1121 662 1174 nastia
690 1120 855 1173 etiam
883 1135 1040 1189 reges
1062 1116 1198 1189 dyn.
1230 1118 1437 1188 quintae
1466 1115 1788 1187 complexus
1810 1124 1922 1180 est,
1944 1130 2039 1167 re-

490 1224 584 1279 ges
631 1218 813 1259 autem
867 1206 1157 1275 utriusque
1204 1203 1466 1275 dynastiae
1512 1200 1663 1275 apud
1716 1200 2037 1255 Africanum

490 1304 616 1347 sunt
637 1290 1051 1365 septemdecim.
1075 1290 1334 1344 Totidem
1352 1290 1637 1343 Eusebius.
1660 1287 1743 1345 De
1763 1305 2038 1341 annorum

492 1380 736 1433 numeris
762 1377 921 1432 aliter
949 1378 1195 1431 statuisse
1242 1375 1426 1430 debet.
1451 1377 1509 1429 Si
1534 1376 1729 1449 primis
1760 1384 1891 1427 octo
1946 1391 2041 1427 re·-

491 1467 652 1541 gibus
692 1484 819 1520 cum
860 1465 1124 1519 Africano
1170 1463 1326 1518 dedit
1364 1481 1538 1517 annos
1583 1468 1723 1532 274,
1762 1462 2040 1533 sequentis

492 1552 755 1626 dynastiae
798 1552 1026 1625 regibus
1065 1552 1461 1623 relinquuntur
1500 1551 1632 1604 anni
1680 1558 1819 1617 174,
1863 1566 2038 1620 quum

493 1659 585 1712 ap.
621 1639 943 1693 Africanum
970 1640 1077 1691 sint
1110 1637 1244 1700 248.
1289 1636 1400 1691 Sed
1439 1636 1792 1708 probabilius
1818 1636 1891 1688 ita
1930 1645 2039 1688 sta-

494 1726 636 1792 tuit,
675 1735 738 1778 ut
778 1726 985 1795 quintae
1029 1723 1292 1796 dynastiae
1338 1722 1563 1794 regibus
1601 1721 1825 1776 dederit
1864 1738 2042 1774 annos

495 1809 641 1883 248,
690 1822 900 1884 quartae
936 1820 1120 1864 autem
1158 1829 1248 1867 an.
1298 1827 1429 1863 200.
1463 1809 1553 1863 Sic
1589 1808 1738 1862 enim
1782 1807 2041 1879 proxime

493 1898 707 1952 accedit
725 1899 797 1952 ad
820 1898 1148 1963 Barbarum,
1179 1897 1295 1967 qui,
1318 1896 1636 1950 Africanum
1657 1905 1713 1948 et
1743 1892 2038 1947 Eusebium

494 1997 702 2039 temere
716 1987 974 2052 miscens,
1000 1995 1209 2056 quartae
1234 1982 1495 2054 dynastiae
1514 1982 1712 2037 tribuit
1733 1980 2041 2053 septemde-

492 2076 600 2125 cim
621 2089 779 2143 reges
802 2082 856 2123 et
879 2088 1054 2124 annos
1078 2075 1188 2134 214
1216 2086 1233 2141 3
1259 2069 1471 2140 quintae
1488 2084 1624 2121 vero
1646 2084 1803 2139 reges
1832 2083 1900 2119 21
1935 2065 2031 2136 (31

494 2177 600 2211 suae
629 2160 833 2229 quintae
858 2157 1057 2211 Euseb.
1089 2155 1241 2229 dat),
1264 2171 1440 2210 annos
1473 2152 1606 2210 258.
1642 2154 1864 2207 Diutius
1888 2152 2040 2206 tricis

497 2249 642 2302 hisee
670 2248 761 2300 inl.
748 2265 939 2302 aerere
963 2246 1145 2301 taedet.

571 2336 656 2389 De
679 2337 914 2408 singulis
939 2334 1178 2404 regibus.
1206 2364 1285 2373 —
1313 2333 1338 2386 1
1368 2343 1422 2385 et
1443 2332 1515 2386 11.
1543 2332 1701 2385 Duos
1725 2347 1883 2403 reges
1928 2347 2037 2401 po-

493 2433 727 2476 stremos
755 2422 1015 2493 dynastiae
1045 2422 1216 2473 tentiae
1240 2419 1422 2473 alieno
1455 2419 1582 2472 loco
1611 2419 1824 2491 positos
1849 2415 1948 2471 ad
1932 2417 2038 2470 mi·

496 2511 631 2564 tium
661 2508 923 2581 dynastiae
952 2518 1169 2579 quartae
1191 2502 1553 2561 deducendos
1578 2523 1690 2560 esse
1729 2522 1896 2578 supra
1924 2503 2040 2574 jam

492 2598 831 2652 monuimus,
862 2596 1103 2649 Nomina
1124 2606 1287 2649 sunt:

913 2715 1180 2789 Sephuris
1209 2727 1265 2771 et
1292 2714 1617 2787 Kerpheres.

494 2864 618 2917 quae
644 2844 1018 2917 probabiliter
1043 2846 1348 2899 Bunsenius
1375 2862 1433 2915 p.
1470 2859 1575 2910 1²7
1608 2841 1866 2897 emendat
1892 2843 1966 2896 ita
1995 2860 2016 2895 ε»

769 2941 1093 3013 Sechuphis,
1146 2960 1236 2997 an.
1277 2940 1351 2995 30
1405 2976 1603 3031 :56

768 3019 1109 3090 Kneplzere5‚
1156 3037 1245 3075 an.
1279 3018 1351 3071 26

495 3113 666 3185 Apud
688 3114 1110 3167 Eratosthenem
1131 3112 1299 3185 primi
1320 3122 1660 3183 ponuntur:

730 3206 974 3278 Saophis
1000 3209 1057 3271 Ι,
1119 3224 1210 3260 an.
1245 3201 1359 3361 29}
1420 3241 1494 3298 56

730 3284 973 3359 Saophis
996 3287 1095 3352 II,
1123 3303 1213 3338 an.
1249 3302 1319 3354 27
1501 3288 1515 3300 '

570 3389 738 3445 Vides
788 3407 1057 3445 summam
1115 3406 1391 3445 annorum
1440 3386 1678 3443 eandem
1726 3404 1839 3442 esse
1888 3387 2043 3460 apud

494 3490 819 3550 utrumque.
851 3481 919 3533 In
945 3478 1237 3534 annalibus
1280 3478 1551 3552 AEgyptiis
1583 3478 1762 3531 notati
1796 3476 2041 3535 fuerint:

497 3584 571 3637 ²9
586 3566 738 3637 anni,
758 3585 793 3619 x
818 3584 1015 3619 menss.
1043 3576 1093 3627 ><
1120 3565 1259 3619 et26
1284 3568 1477 3632 anni2x
1493 3583 1722 3632 menss,;
1747 3583 1889 3636 quos
1906 3567 2045 3620 alter

496 3652 567 3707 ad
600 3652 672 3705 30
703 3664 759 3705 et
789 3652 862 3706 26
881 3694 896 3720 ,
925 3653 1064 3707 alter
1091 3651 1162 3706 ad
1195 3670 1269 3725 29
1294 3665 1351 3707 et
1377 3670 1450 3722 27
1474 3670 1651 3707 annos
1677 3652 1923 3725 integros
1948 3671 2045 3707 re-

493 3757 695 3793 vocare
712 3740 918 3812 potuit.
942 3738 1110 3809 Quod
1133 3741 1361 3794 nomina
1380 3740 1591 3807 attinet,
1613 3738 1879 3811 Sesuphis
1895 3739 2044 3794 idem

495 3837 576 3879 est
631 3824 790 3897 quod
827 3825 1055 3898 Saphar,
1110 3825 1387 3898 Saophis,
1431 3825 1661 3898 Sepla-5,
1715 3824 2045 3898 AEgyptiace

494 3913 709 3967 Caura.
764 3913 999 3984 Saophis
1034 3911 1308 3966 secundus
1347 3910 1682 3988 (Σενσάωφις
1719 3912 1914 3981 Goar.‚
1938 3912 2038 3966 ubi

494 3998 702 4071 syllaba
744 3998 843 4055 Σεν
872 3998 1245 4052 fortasse-non
1280 4010 1404 4052 orta
1445 4009 1527 4052 est
1565 4016 1633 4051 ex
1682 3996 2045 4052 antecedente

496 4081 857 4158 ἐδασίλευσεν)
882 4086 940 4139 in
960 4087 1335 4139 monumentis
1353 4095 1433 4139 est
1446 4086 1713 4141 Cuumuu-
1723 4099 1934 4157 cunr-11,
1961 4085 2043 4137 in·

495 4171 716 4226 terdum
746 4174 913 4226 etiam
951 4172 1131 4226 solum
1160 4190 1475 4245 cognomen
1513 4172 1746 4243 ponitur
1781 4170 2043 4227 Cumano.

496 4261 620 4314 Hoc
643 4269 874 4314 notatur
901 4259 1071 4313 ariete
1095 4300 1111 4327 ,
1142 4260 1302 4332 signo
1341 4259 1433 4312 dei
1467 4258 1749 4324 Thebani,
1797 4257 2035 4323 Chemu„

496 4347 672 4413 Num,
720 4345 950 4419 Kneph‚
1004 4345 1290 4400 ChnumiS.
1334 4347 1441 4400 vix
1481 4345 1653 4418 igitur
1686 4342 1925 4398 dubium
1960 4355 2042 4398 est

498 4434 636 4503 quin
684 4449 1001 4505 cognomen
1044 4431 1190 4504 regis
1232 4432 1495 4486 Manetho
1540 4430 1867 4503 expresserit
1902 4448 2044 4487 voce

493 4518 838 4592 Knepheres,
906 4520 945 4573 i.
1000 4536 1051 4571 e.
1096 4517 1388 4590 Kneph·re
1453 4518 1621 4592 (rex)
1662 4536 1703 4573 s.
1754 4516 2043 4590 Cneph·re‘.

386 4650 391 4653 .
496 4605 650 4659 Idem
676 4624 884 4659 nomen
908 4603 1062 4676 apud
1090 4604 1447 4659 Herodotum
1476 4615 1535 4659 et
1559 4604 1880 4658 Diodorum
1908 4605 2053 4662 abiit*

497 4694 554 4744 in
597 4692 882 4765 Kephrem
924 4709 1092 4763 quem
1129 4692 1454 4746 Herodotus
1485 4692 1713 4747 fratrem
1750 4702 1805 4746 et
1830 4710 2048 4747 succes-

494 4797 675 4832 sorem
712 4779 847 4834 dicit
875 4778 1122 4850 Cheopis,
1158 4780 1197 4834 i.
1226 4797 1277 4833 e.
1308 4777 1515 4847 Chusa.
1544 4781 1654 4834 Pro
1688 4778 1905 4852 Chebpe
1932 4781 2046 4833 He·-

494 4864 687 4919 rodoti
728 4866 1016 4921 Diodorus
1068 4864 1150 4937 (1,
1197 4863 1310 4935 63)
1350 4866 1512 4920 affert
1562 4860 1794 4938 Χέμμιν,
1848 4884 1893 4919 ε.
1935 4863 2044 4921 Χέ-

497 4972 612 5023 μνιν
638 4972 681 5007 s·
725 4949 928 5024 Χέμὸιν
952 4971 994 5006 s.
1022 4949 1267 5024 Χὲμὸην.
1296 4953 1364 5007 Id
1386 4972 1522 5008 vero
1544 4969 1840 5026 perperam
1858 4951 2047 5012 fecisse

497 5037 740 5105 videtur,
772 5057 947 5109 quum
981 5040 1211 5094 nomina
1239 5039 1401 5094 allata
1437 5040 1571 5094 item
1605 5039 1923 5111 exprimant
1949 5057 2047 5092 co-

496 5142 739 5193 gnomen
772 5123 962 5194 Clufic
981 5127 1233 5192 secundi,
1270 5125 1515 5197 ideoque
1547 5124 1813 5180 Chemm's
1839 5142 2046 5180 nomen

499 5227 691 5267 revera
711 5230 828 5264 non
855 5210 1131 5266 diversum
1158 5213 1225 5266 sit
1254 5230 1287 5267 a
1312 5213 1541 5269 nomine
1569 5211 1846 5283 Kephmn.

1620 466 2122 526 MANETfloNts
2168 467 2638 526 SEBENNYTAE

2204 600 2313 669 Qui
2326 609 2634 670 sequuntur
2656 596 2808 669 apud
2825 596 3260 650 Manethonem.
3279 595 3429 649 Son:
3443 613 3548 652 an.
3577 611 3688 670 ²9;

2124 683 2423 758 Saphe's,
2359 687 2388 738 1
2449 703 2536 740 an.
2567 683 2669 753 633
2697 682 2906 757 Suphis
2927 685 2982 737 11
3007 698 3099 737 an.
3125 681 3236 755 663
3263 683 3304 736 ii
3323 701 3446 737 non
3468 683 3690 738 diversi

2125 781 2252 825 sunt
2295 772 2365 826 ab
2405 770 2886 838 antecedentibus,
2928 779 3251 841 temereque
3287 771 3350 823 in
3385 771 3693 825 cumulum

2125 858 2184 913 h.
2217 858 2256 912 1.
2288 861 2515 932 aggesti.
2548 859 2768 912 Scilicet
2797 856 2969 932 Σῶρις
3007 868 3089 910 est
3124 856 3320 934 Σῶφις,
3347 860 3695 929 permutatis

2127 945 2298 999 literis
2317 946 2362 1002 P
2377 945 2498 1002 eut>
2518 942 2606 1021 (Ἲς
2630 944 2801 1020 Σῶφις
2814 962 2951 998 vero
2965 944 3116 998 idem
3141 944 3297 1015 quod
3318 944 3555 1021 Σαῶφις.
3573 951 3692 1000 Ae·

2129 1030 2279 1085 cedit
2325 1032 2483 1104 quod
2524 1033 2676 1087 Soris
2711 1033 2842 1086 anni
2899 1048 2974 1103 29
3021 1031 3364 1103 respondent
3398 1032 3570 1087 annis
3613 1051 3692 1105 ²9

2130 1118 2363 1190 Saophis
2399 1119 2568 1191 primi
2614 1136 2706 1191 ap.
2754 1118 3197 1173 Eratosthenem.
3242 1116 3448 1189 Suphis
3481 1120 3549 1173 11
3592 1137 3690 1192 ap.

2129 1206 2275 1260 Man.
2304 1204 2473 1259 habet
2499 1224 2673 1261 annos
2694 1204 2788 1260 66.
2812 1204 2924 1260 Sed
2950 1214 3100 1259 recte
3118 1244 3134 1271 ,
3167 1215 3308 1277 puto
3324 1246 3344 1277 ,
3365 1206 3696 1261 Eumenius

2130 1294 2328 1363 reponi
2361 1293 2525 1363 jubet
2564 1292 2636 1348 56
2679 1313 2692 1347 :
2735 1309 2939 1364 nempe
2978 1290 3547 1363 comprehenduntur
3576 1295 3692 1349 hoc

2129 1395 2363 1432 numero
2389 1380 2519 1432 anni
2555 1380 2700 1453 regis
2725 1381 3037 1450 utriusque.
3072 1376 3240 1448 Quod
3260 1377 3376 1447 jam
3401 1389 3542 1433 ante
3567 1382 3692 1435 aa·

2129 1466 2428 1519 netbonem
2473 1466 2678 1521 factum
2716 1484 2830 1521 esse
2864 1465 3075 1539 probat
3113 1463 3463 1533 Herodotus,
3509 1485 3692 1539 quem

2129 1552 2188 1604 in
2213 1552 2296 1605 his
2321 1554 2572 1624 sequitur
2589 1552 2895 1620 DiodoruS,
2927 1553 3025 1624 qui
3041 1552 3257 1624 Cheopi
3276 1552 3475 1606 tribuit
3505 1571 3695 1609 annos

2132 1635 2204 1690 50
2223 1679 2238 1705 ,
2264 1640 2554 1711 Kephreni
2574 1658 2710 1693 vero
2731 1658 2906 1694 annos
2934 1637 3028 1696 56.
3053 1638 3288 1694 Accedit
3312 1638 3472 1709 quod
3497 1642 3549 1694 si
3579 1659 3690 1713 pro

2129 1722 2204 1776 66
2234 1728 2612 1780 numeraveris
2635 1724 2737 1794 56,
2763 1742 2979 1780 summa
3010 1742 3291 1780 annorum
3310 1725 3591 1796 dynastia
3611 1729 3692 1783 IV
3747 1758 3756 1765 ·

2130 1821 2210 1863 est
2249 1818 2357 1880 274
2380 1854 2396 1881 ‚
2437 1813 2522 1866 uti
2555 1831 2667 1868 esse
2705 1813 2891 1870 debet.
2919 1815 3006 1868 De
3040 1813 3197 1866 annis
3234 1812 3307 1867 63
3343 1811 3630 1885 Suphidis
3661 1817 3692 1870 1

2130 1897 2286 1968 quod
2310 1899 2490 1953 dicam
2518 1901 2657 1954 nihil
2687 1901 2866 1955 babeo
2882 1942 2897 1969 ,
2928 1902 3031 1954 nisi
3051 1899 3209 1971 quod
3235 1899 3389 1953 idem
3411 1918 3696 1957 numerus

2128 1988 2424 2041 successori
2451 1988 2764 2060 Supbidum
2783 2028 2800 2056 ,
2821 1988 3140 2042 Menecheri
3156 2028 3173 2055 ,
3197 1985 3384 2041 datur.
3411 1989 3688 2046 Por-tasse

2130 2071 2300 2144 igitur
2327 2074 2455 2128 hinc
2485 2075 2778 2129 translatus
2804 2086 2901 2128 est.
2945 2074 3204 2129 Ceterum
3246 2092 3424 2145 quum
3459 2076 3695 2149 Cheops

2130 2169 2185 2213 et
2214 2161 2469 2233 Cephren
2491 2162 2562 2216 ab
2595 2160 2892 2218 Herodoto
2915 2172 2971 2216 et
2999 2161 3264 2216 Diodoro
3291 2160 3492 2216 fratres
3521 2162 3694 2219 fuisse

2130 2244 2405 2318 dicantur,
2420 2250 2510 2303 vel
2530 2249 2660 2304 inde
2676 2258 2829 2322 patet
2841 2248 3187 2303 Manethonis
3202 2266 3470 2302 numeros
3487 2248 3510 2321 (
3535 2246 3611 2304 56
3627 2262 3682 2312 χ

2131 2332 2435 2408 63:119)
2465 2335 2740 2409 genuinos
2765 2352 2878 2389 esse
2903 2353 3020 2388 non
3054 2351 3238 2407 posse.
3279 2333 3440 2388 Idem
3473 2334 3696 2391 dixeris

2131 2422 2202 2477 de
2227 2422 2582 2481 HerodoteiS.
2623 2425 2806 2494 Atque
2829 2422 2931 2495 ipsi
2961 2431 3174 2475 veteres
3194 2421 3308 2475 hoc
3337 2421 3576 2475 saisisse
3600 2424 3692 2476 vi·

2131 2509 2366 2579 dentur;
2410 2528 2539 2565 nam
2565 2508 2737 2565 refert
2753 2508 3039 2566 Diodorus
3083 2506 3175 2584 (1,
3208 2508 3349 2580 δίῃ)
3371 2507 3694 2563 secundm

2129 2596 2433 2651 nonnullos
2476 2595 2728 2654 Chemmi
2777 2596 3088 2650 successisse
3131 2612 3254 2648 non
3297 2595 3536 2649 stati-em
3585 2596 3694 2651 Ce-

2029 2730 2040 2739 .
2130 2684 2400 2755 phrenen‚
2419 2683 2517 2738 sed
2539 2683 2720 2738 filium
2743 2682 3057 2754 Chabtyen.
3083 2682 3167 2738 cf.
3194 2681 3433 2738 Boeckh.
3461 2700 3525 2755 p.
3551 2682 3688 2737 213.

2209 2772 2428 2826 Fratres
2453 2773 2584 2827 istos
2607 2771 2925 2846 pyramides
2951 2771 3089 2826 duas
3121 2771 3393 2824 maximas
3420 2772 3692 2825 struxisse

2131 2868 2262 2913 nota
2291 2877 2379 2913 res
2406 2870 2500 2914 est.
2536 2864 2721 2932 Atque
2755 2860 3050 2914 maximam
3078 2858 3311 2931 quidem
3334 2876 3438 2912 rex
3471 2858 3694 2930 pn‘mus

2135 2946 2395 3022 (Cheops.
2427 2946 2774 3021 Chemmis),
2815 2944 3119 3000 secundam
3159 2943 3558 3018 magnitudine
3591 2960 3690 2997 rex

2132 3032 2407 3088 secundus
2449 3028 2769 3111 (Cepbren)
2803 3030 3096 3087 aedificasse
3129 3030 3338 3086 dicitur
3372 3041 3498 3084 tum
3537 3030 3690 3103 apud

2135 3120 2489 3175 Herodotum
2518 3134 2638 3175 tum
2665 3119 2818 3194 apud
2844 3119 3182 3175 Diodorum.
3199 3120 3412 3172 Verum
3429 3135 3612 3190 quum
3631 3120 3691 3173 iu

2135 3208 2411 3280 lapidibus
2432 3208 2735 3282 pyramidis
2760 3209 3013 3262 maximae
3038 3205 3205 3260 semel
3227 3214 3453 3259 tantum
3479 3222 3692 3259 nomen

2135 3294 2323 3364 Chusa
2345 3294 2434 3369 (Ἢ
2474 3297 2647 3369 idque
2679 3299 2840 3369 juxta
2876 3295 3112 3349 alterum
3146 3310 3356 3347 nomen
3400 3291 3690 3347 Chama-

2133 3384 2334 3455 chufu,
2374 3387 2482 3440 hoc
2523 3396 2711 3440 autem
2741 3386 3031 3458 saepissime
3074 3383 3196 3452 (vel
3232 3378 3690 3450 Chnemu-cloeufi

2133 3476 2222 3527 vel
2261 3473 2546 3545 Chnemu)
2594 3475 2808 3545 pictum
2845 3473 3081 3545 legatur,
3125 3471 3252 3523 hinc
3288 3469 3510 3542 colligit
3537 3469 3690 3523 Βιαι-

2133 3560 2315 3613 senius
2333 3559 2681 3632 pyramidem
2711 3559 3006 3613 maximam
3048 3575 3162 3612 esse
3192 3554 3464 3623 secundi,
3503 3557 3689 3610 mino-

2136 3664 2251 3699 rem
2268 3647 2620 3719 primi·regis.
2643 3645 2791 3717 Quid
2815 3644 3077 3699 Manetho
3097 3643 3349 3697 statuerit
3367 3641 3690 3697 discet-nem

2134 3752 2251 3787 non
2282 3735 2473 3789 ausim.
2501 3735 2750 3807 Assignat
2772 3733 2865 3787 ille
2884 3730 3114 3804 quidem
3134 3728 3489 3802 pyramidem
3509 3730 3686 3785 maxi·

2133 3839 2281 3874 mam
2334 3819 2572 3893 Suphidi
2618 3820 2838 3892 primo,
2897 3817 2997 3873 sed
3041 3834 3217 3888 quum
3265 3814 3423 3870 idem
3477 3834 3688 3877 nomen

2133 3907 2325 3978 paullo
2361 3907 2635 3960 variatum
2657 3907 2725 3959 sit
2761 3903 3139 3959 antecedentis
3157 3900 3338 3976 regis,
3366 3919 3491 3956 non
3515 3904 3692 3974 liquet

2134 4011 2207 4047 an
2227 4011 2342 4047 non
2367 3993 2498 4048 huic
2518 3990 2867 4066 pyramidem
2900 3988 3202 4046 secundam
3238 3989 3564 4062 assignarit,
3594 4006 3688 4042 eu·

2133 4074 2220 4153 jus
2234 4081 2575 4134 mentionem
2594 4091 2945 4152 excerptor-es
2966 4079 3221 4133 omittere
3242 4086 3535 4148 poterant.
3567 4078 3690 4130 Huc

2135 4167 2351 4221 accedit
2381 4167 2539 4238 quod
2565 4167 2827 4222 Manetho
2859 4166 2970 4221 hoc
3005 4165 3136 4219 loco
3167 4174 3367 4219 contra
3407 4162 3686 4219 Herodoti

2135 4255 2460 4308 sententiam
2491 4253 2790 4327 disputasse
2817 4252 3062 4321 videtur,
3093 4253 3180 4307 uti
3220 4250 3480 4305 indicant
3519 4250 3686 4306 verh-

2135 4337 2199 4408 ἥν
2229 4360 2382 4418 φησιν
2424 4337 2698 4414 Ἡρόδοτος
2737 4336 2837 4394 ὑπὸ
2877 4336 3080 4402 Χέοπος
3118 4335 3406 4413 γεγονέναι.
3460 4339 3686 4393 Minime

2137 4430 2284 4483 enim
2307 4428 2602 4501 probabile
2629 4438 2709 4482 est
2729 4446 2856 4481 eum
2879 4425 3302 4499 reprehendisse
3326 4424 3686 4481 Herodotum

2134 4527 2437 4588 propterea
2463 4514 2622 4588 quod
2652 4514 2926 4587 Cheopem
2949 4513 3345 4588 appellaverit,
3376 4530 3554 4585 quem
3585 4513 3688 4569 Sn-

2201 4724 2267 4787 (*)
2289 4726 2465 4785 Σῶφρις
2481 4735 2568 4784 pro
2592 4724 2734 4784 Σῶρις
2757 4720 3059 4769 scribendum
3077 4719 3302 4781 proponit
3321 4717 3506 4769 Robert
3529 4715 3681 4768 truh.

2139 4794 2464 4844 manethonis
2513 4793 2780 4855 Reliquioe.
2818 4790 3097 4841 Dissertatio
3153 4789 3422 4851 inaugura.
3476 4787 3686 4851 tandm.

2141 4869 2276 4914 1847.
2301 4877 2350 4924 p.
2385 4866 2484 4913 146.

2194 4943 2286 5005 (**)
2312 4942 2485 5004 chuju
2514 4953 2688 4989 nomen
2706 4941 2850 4990 etiam
2873 4940 2920 4988 in
2937 4938 3169 5001 sepulcris
3187 4940 3366 4987 Saum
3391 4938 3488 4986 loei
3507 4938 3685 4999 Lep-‘⁸

2137 5014 2371 5073 (Pr-ems.
2397 5012 2599 5072 allqem.
2626 5014 2873 5071 Zeituny,
2904 5013 3038 5059 1840.
3064 5010 3135 5057 N’
3151 5012 3214 5055 ⁴0
3233 5008 3480 5068 Beilaffe)
3501 5007 3680 5068 reperit,

2135 5084 2206 5132 uti
2217 5082 2471 5135 Boeekhius
2486 5081 2668 5137 notavit
2681 5094 2726 5143 p.
2749 5086 2858 5142 212,
2875 5079 3018 5129 simul
3033 5077 3094 5127 de
3111 5078 3186 5127 his
3205 5076 3487 5127 nominihus
3498 5077 3686 5127 tumbas

2134 5152 2360 5203 Boselllni
2385 5155 2522 5202 Mon.
2547 5154 2671 5201 ster.
2693 5152 2811 5200 tom.
2841 5154 2891 5210 1,
2927 5156 3027 5199 126.
3047 5151 3122 5206 11,
3141 5154 3238 5198 250
3255 5184 3270 5207 ‚
3295 5150 3348 5197 et
3368 5147 3537 5198 ideles-
3559 5149 3676 5196 uer-

2137 5226 2343 5285 mapion
2370 5235 2418 5284 p.
2452 5224 2555 5273 224.
