3900 6042
1454 459 2031 518 MEGASTHENES.

128 601 197 639 an
220 581 537 657 perductus
558 581 723 636 fuerit
748 581 874 635 loco
899 580 1188 635 Strabonis
1210 581 1333 652 XV,
1360 600 1417 653 p.
1449 600 1579 654 709,
1598 583 1696 636 ubi

129 673 301 746 vulgo
328 671 541 742 legitur
574 688 586 721 :
620 665 901 739 Γενόμενος
925 665 972 721 δ’
997 656 1085 722 οὖν
1116 666 1170 721 ἓν
1196 667 1271 742 τῷ
1299 665 1695 744 Σανδρακόττου

132 753 478 833 στρατοπέδῳ
506 753 659 832 φησὶν
688 756 716 810 δ
745 750 1144 825 Μεγασθένης...
1177 751 1439 827 μηδεμίαν
1487 751 1694 830 ἡμέραν

137 843 257 899 ἰδεῖν
270 837 606 916 α’νηνεγμένα
618 837 897 913 κλέμματα
909 836 1157 896 πλειόνων
1174 837 1208 907 ἢ
1251 837 1529 897 διακοσίων
1554 840 1686 918 δρα·-

130 931 281 1006 χμῶν
295 925 430 993 ἄξια.
455 929 591 999 Quae
620 926 851 999 quidem
880 926 1077 981 referri
1099 927 1309 999 possint
1340 925 1412 981 ad
1438 928 1618 999 ipsum
1638 928 1695 981 il·

132 1016 227 1070 lud
242 1029 491 1087 tempus,
509 1033 625 1087 quo
642 1033 831 1087 pacem
850 1025 904 1068 et
919 1012 1099 1068 foedus
1112 1015 1375 1069 Seleucus
1401 1032 1529 1068 cum
1549 1015 1615 1070 Sa
1624 1035 1695 1068 n-

137 1106 404 1158 drocotto
430 1104 672 1156 initurus·
691 1113 828 1156 erat.
861 1105 934 1155 At
960 1101 1105 1155 bene
1131 1100 1434 1155 tenendum
1453 1103 1533 1155 est
1553 1100 1697 1156 istud

131 1189 399 1264 γενόμενος
422 1188 807 1260 conjecturam
835 1207 948 1242 esse
974 1188 1304 1255 Casauboni,
1324 1188 1547 1243 codices
1561 1207 1699 1243 vero

134 1296 342 1344 omnes,
371 1288 652 1348 quantum
676 1277 867 1343 sciam,
894 1275 1149 1349 praebere
1167 1271 1495 1349 γενομένους,
1541 1276 1699 1347 quod

133 1384 263 1419 num
288 1363 635 1419 mutandum
664 1365 760 1431 sit,
787 1364 1079 1434 quaeritur.
1110 1364 1461 1434 Quamquam
1508 1381 1701 1434 gram-

134 1452 327 1505 matica
358 1450 475 1503 loci
500 1450 645 1504 ratio
662 1451 991 1504 sententiam
1019 1448 1331 1504 casauboni
1354 1467 1698 1522 magnopere

135 1536 511 1592 commendat.
554 1537 701 1590 Num
729 1554 865 1607 quas
905 1547 975 1590 et·
1001 1554 1267 1608 quasnam
1304 1534 1477 1590 Indiae
1510 1548 1697 1608 partes

133 1633 327 1696 praeter
354 1641 449 1677 eas
469 1640 597 1693 quae
616 1621 936 1676 Palibothra
956 1622 1061 1676 iter
1088 1621 1309 1676 facienti
1337 1621 1699 1696 peragranda.-

137 1721 302 1779 erant,
333 1711 722 1783 Megasthenes
742 1708 946 1763 viderit
974 1726 1091 1762 non
1115 1719 1347 1766 constat.
1372 1710 1497 1780 Ipse
1514 1721 1698 1764 tamen

136 1795 203 1852 de
224 1798 342 1851 aliis
366 1796 672 1850 itineribus
716 1795 856 1849 nihil
901 1795 1180 1849 monuisse
1210 1793 1467 1861 videtur,
1520 1813 1697 1865 quum

138 1885 265 1938 nihil
303 1884 375 1939 de
404 1884 473 1939 iis
495 1884 769 1937 Arrianus
790 1882 1083 1938 invenerit.
1103 1883 1281 1954 Igitur
1302 1881 1698 1937 Palimbothris

139 1991 255 2026 eum
275 1970 598 2026 consedisse
641 1980 698 2024 et
716 1988 839 2041 quae
868 1969 939 2023 de
982 1969 1347 2024 ulterioribus
1384 1971 1542 2022 terris
1573 1981 1697 2023 tra-

140 2058 277 2113 didit
305 2059 504 2114 auditu
538 2076 573 2111 a
592 2042 1027 2112 Brachmanibus
1048 2056 1319 2128 accepisse
1339 2056 1457 2110 veri
1484 2055 1698 2109 similli-

140 2163 283 2198 mum
307 2156 387 2198 est
407 2144 503 2218 2⁴¹).

216 2232 455 2286 Indicon
502 2231 636 2284 libri
688 2227 987 2284 laudantur
1037 2229 1305 2282 secundus
1351 2225 1452 2300 (sr.
1504 2228 1572 2302 9)
1625 2228 1696 2284 de

143 2321 303 2373 roenis
337 2319 654 2385 Indorum,
696 2322 885 2371 temus
913 2315 1009 2388 (fr.
1050 2322 1120 2379 40
1160 2314 1225 2390 a)
1254 2315 1325 2369 de
1349 2316 1698 2389 philosophis

144 2405 607 2478 Indicis,quctrtus
636 2404 732 2478 (sr.
764 2402 858 2478 23)
887 2401 958 2456 de
982 2403 1224 2456 Hercule
1245 2421 1373 2455 cum
1393 2403 1693 2457 Nabucho-

146 2492 418 2547 donosor-o
439 2501 789 2563 comparato,
817 2492 947 2544 Haec
974 2487 1440 2544 Schwanbeckius
1467 2509 1697 2563 compo·

145 2595 267 2633 uens
298 2597 426 2632 cnm
467 2578 699 2634 Arriani
736 2587 791 2630 et
830 2575 1122 2630 Strabonis
1149 2577 1317 2644 locis,
1363 2576 1461 2630 ubi
1503 2577 1695 2631 eadem

148 2682 265 2718 eum
296 2666 415 2720 aliis
441 2664 747 2735 conjuncta
792 2673 1108 2729 narrantur,
1147 2680 1289 2734 opus
1326 2663 1401 2716 ita
1423 2663 1696 2717 distribu-

150 2761 255 2803 tum
280 2751 439 2806 fuisse
468 2759 688 2818 censet,
717 2761 780 2803 ut
812 2760 1010 2820 auctor
1055 2759 1183 2822 post
1223 2752 1528 2821 expositam
1557 2751 1697 2804 libro

144 2843 315 2908 primo
337 2837 742 2912 geographiam
768 2835 942 2890 Indiae
980 2846 1037 2889 et
1067 2836 1527 2909 topographiam,
1559 2837 1697 2892 libro

148 2927 368 2979 secundo
394 2926 576 2999 egerit
604 2924 677 2978 de
721 2923 975 2977 moribus
1016 2923 1324 2989 Indorum,
1371 2924 1507 2977 libro
1542 2930 1698 2977 tertio

152 3010 215 3063 de
242 3013 485 3066 tribuum
525 3011 832 3077 divisione,
872 3010 1009 3064 libro
1040 3021 1236 3082 quarto
1267 3008 1339 3063 de
1367 3010 1501 3079 diis,
1531 3013 1698 3067 sacris

151 3109 201 3150 et
226 3098 292 3152 de
321 3100 555 3153 historia
585 3097 879 3154 Indorum.
934 3100 1008 3154 At
1034 3097 1171 3151 alius
1209 3115 1397 3151 rerum
1446 3097 1589 3152 ordo
1619 3109 1697 3152 est

152 3186 203 3238 in
228 3203 287 3240 ea
317 3186 489 3240 Indiae
520 3185 901 3257 descriptione
925 3202 1049 3256 quae
1076 3183 1229 3257 apud
1264 3182 1584 3239 Diodorum
1610 3185 1696 3240 le·-

152 3272 287 3342 gitur
310 3273 404 3327 lib.
436 3276 520 3341 ΙΙ,
558 3270 631 3325 35
650 3290 774 3344 sqq.
806 3272 921 3326 Etsi
946 3271 1096 3325 enim
1113 3289 1389 3343 nusquam
1412 3271 1699 3327 Diodorus

154 3378 345 3415 nomen
387 3361 763 3435 Megasthenis
801 3361 1065 3433 apponit,
1109 3360 1454 3432 comparatis
1512 3371 1697 3415 tamen

153 3444 375 3502 aliorum
393 3448 726 3503 testimoniis
739 3447 1052 3501 luculenter
1073 3458 1229 3520 patet
1248 3457 1425 3500 totum
1438 3447 1583 3502 istud
1607 3466 1696 3503 ca-

152 3545 245 3604 put
261 3553 290 3588 e
306 3546 496 3590 nostro
516 3545 877 3590 auctoreesse
899 3534 1317 3607 depromptum.
1339 3536 1698 3608 Quapropter

152 3621 379 3676 Diodori
417 3622 804 3677 narrationem
847 3631 1133 3693 tamquam
1183 3622 1475 3693 epitomen
1515 3624 1699 3695 operis

156 3707 426 3782 prefigere
456 3710 695 3780 reliquis
733 3708 976 3763 ludicen
1012 3709 1337 3781 fragmentis
1363 3710 1696 3766 Schwanbe-

156 3793 327 3848 ckium
340 3797 510 3850 secuti
530 3794 688 3850 haud
709 3795 1102 3850 dubitavimus.
1125 3798 1155 3850 J
1159 3814 1246 3850 am
1262 3813 1399 3849 vero
1414 3797 1699 3852 Diodorus

155 3880 436 3936 exorditur
470 3901 502 3936 a
533 3880 918 3936 describendis
940 3881 1116 3936 Indiae
1152 3880 1391 3954 finibus,
1423 3883 1556 3951 situ,
1580 3903 1698 3939 ma-

155 3967 432 4036 gnitudine
465 3968 573 4042 (fr.
605 3987 659 4040 1,
686 3967 719 4041 S
760 3987 778 4022 1
799 4013 810 4025 .
846 3987 879 4022 2
897 3968 938 4043 ).
958 3969 1177 4024 Deinde
1195 3970 1427 4041 exponit
1444 3969 1515 4025 de
1534 3989 1698 4026 mon-

157 4052 294 4109 tibus
323 4058 675 4128 campisque,
706 4053 777 4109 de
803 4053 1084 4110 fertilitate
1125 4056 1229 4109 soli
1260 4056 1698 4130 animaliumque

158 4139 510 4213 abundantia,
553 4141 625 4196 de
646 4141 1025 4196 humanorum
1051 4160 1359 4215 corporum
1386 4148 1699 4216 praestantia

158 4235 209 4276 et
230 4223 481 4282 firmitate
505 4246 573 4282 ex
601 4226 932 4300 limpiditate
953 4229 1094 4283 aeris
1116 4240 1173 4283 et
1196 4247 1352 4301 aquae
1382 4229 1701 4287 derivandis

160 4307 220 4382 (§
252 4310 511 4386 3-5)‚de
542 4314 701 4368 venis
732 4315 1091 4370 metallorum
1123 4315 1189 4388 (§
1217 4314 1313 4387 6),
1349 4317 1420 4372 de
1450 4317 1700 4391 frugibus

156 4397 452 4454 ’cerealibus
493 4400 759 4472 aliisque,
803 4391 1043 4473 quarum
1084 4401 1296 4474 duplex
1342 4401 1438 4458 fiat
1480 4406 1696 4474 messis,

163 4479 295 4536 adeo
322 4494 383 4537 ut
420 4485 585 4564 haud·
609 4486 773 4541 facile
800 4486 971 4542 fames
1015 4489 1267 4562 ingruat,
1312 4491 1403 4544 cui
1447 4490 1700 4546 arcendae

164 4580 411 4635 praeterea
427 4571 804 4646 legislatorum
816 4575 1081 4647 sapientia
1092 4575 1413 4649 praeviderit
1430 4575 1484 4652 (§
1518 4576 1551 4632 5
1560 4608 1578 4619 -
1592 4597 1614 4632 1
1624 4577 1697 4653 o).

166 4653 413 4725 Sequitur
452 4656 757 4714 fluviorum
799 4662 1049 4717 recensio
1080 4660 1100 4736 (
1123 4659 1349 4737 11-17).
1382 4663 1600 4719 Deinde
1628 4664 1700 4719 ad

223 4831 283 4890 (”)
313 4836 534 4885 ceterum
561 4840 803 4900 proximas
839 4839 1173 4890 Palimbothris
1194 4841 1407 4902 regiones
1442 4844 1703 4904 Megasthe-

168 4910 266 4949 nem
295 4905 595 4964 perlustrasse
612 4922 762 4970 quum
784 4921 870 4970 per
892 4922 944 4958 se
968 4922 1066 4958 non
1089 4912 1186 4959 veri
1207 4911 1433 4960 dissimile
1462 4916 1534 4961 est
1550 4948 1565 4972 ,
1596 4917 1703 4962 tum

169 4973 315 5045 aeneio
336 4986 394 5023 an
413 4979 749 5027 excursionuni
778 4978 977 5028 'marum
1001 4982 1229 5030 memoria
1250 4981 1472 5043 quaedam
1500 4984 1705 5045 supersit

170 5047 212 5083 m
231 5041 427 5101 Epistola
450 5047 1088 5110 Pseudo-Callisthenisffll,
1116 5055 1188 5109 17,
1208 5064 1256 5112 p.
1302 5056 1387 5100 120
1405 5065 1510 5114 sqq.
1527 5052 1604 5101 ed.
1630 5054 1704 5102 Di·

169 5104 308 5168 dot),
332 5112 408 5160 ubi
437 5115 697 5167 Alexander
714 5117 862 5166 ludim
901 5119 1131 5176 miracula
1163 5121 1398 5169 visui-usa
1433 5122 1702 5172 Prasiorum

173 5179 405 5239 metropoli
431 5184 818 5248 (Palimbotliris)
835 5187 1081 5237 itentldem
1103 5188 1434 5250 proficiscitur.
1542 5184 1569 5208 ‘

3227 470 3340 520 399

1780 582 2024 659 populos
2044 584 2256 638 transit.
2277 582 2498 636 Rudem
2519 583 2811 636 huminum
2828 583 3336 654 antiquissimorum

1786 671 1959 724 vitam
1997 670 2318 741 victumque
2344 671 2534 742 paucis
2561 668 2827 723 describit
2856 666 2916 742 (§
2950 670 3039 726 18.
3081 673 3213 744 19);
3240 671 3334 725 fu-

1784 757 1895 809 sius
1927 755 2169 827 explicat
2195 755 2487 827 quomodo
2530 754 2795 828 deinceps
2821 757 3100 811 mitiorem
3127 758 3340 811 cultum

1788 857 1857 893 ex
1885 841 2180 896 occidente
2220 842 2506 897 attulerint
2531 842 2780 897 Bacchus
2813 853 2868 896 et
2903 844 3206 912 Hercules,
3236 862 3340 899 ur-

1786 926 1995 1000 besque
2021 929 2092 983 ab
2121 930 2186 982 iis
2214 928 2455 983 conditae
2481 930 2617 996 sins,
2650 939 2818 1001 atque
2845 931 3102 1002 prosapia
3142 948 3342 986 eorum

1787 1030 1891 1084 per
1928 1016 2104 1070 multa
2131 1016 2326 1070 saecula
2365 1017 2573 1089 regiam
2617 1014 2944 1089 dignitatem
2983 1017 3134 1089 apud
3167 1018 3343 1072 Indos

1789 1101 2113 1158 obtinuerit.
2196 1102 2628 1176 subjunguntur
2657 1104 2762 1177 alia
2783 1103 3039 1175 quaedam
3065 1105 3137 1159 ad
3167 1104 3343 1160 histo·

1787 1188 1926 1241 riam
1944 1189 2284 1259 pertinentia
2301 1189 2516 1260 (ao—2
2529 1187 2613 1260 7).
2637 1188 2854 1258 Quibus
2867 1189 3149 1259 absolutis,
3165 1191 3344 1246 tribus

1793 1273 2068 1328 Indorum
2092 1286 2301 1348 septem
2328 1286 2727 1330 enumerantur
2751 1274 3055 1352 (29—38).
3078 1280 3341 1351 Interpo-

1789 1363 1943 1415 nitur
1984 1362 2140 1416 locus
2172 1361 2244 1417 de
2286 1362 2592 1434 elephantis
2617 1359 2775 1436 ⁰(39).
2817 1365 3101 1419 Postremo
3127 1364 3200 1419 de
3225 1367 3344 1420 sin-

1787 1447 1928 1520 gulis
1946 1447 2220 1502 Indorum
2240 1448 2652 1521 magistratibus
2671 1465 2848 1521 pauca
2873 1448 3162 1503 delibavit.

1868 1536 1998 1589 Haec
2023 1538 2210 1591 omnia
2235 1537 2449 1609 optimo
2476 1535 2676 1590 ordine
2693 1535 3035 1608 procedunt,
3061 1538 3164 1591 nisi
3185 1536 3344 1608 quod

1788 1624 2168 1676 narrationem
2223 1623 2295 1677 de
2348 1624 2655 1695 elephantis
2696 1623 2763 1696 (§
2811 1622 2911 1696 39)
2965 1624 3344 1698 Megasthenes

1790 1704 1981 1784 (sicuti
2012 1708 2241 1785 Strabo)
2269 1709 2421 1765 haud
2445 1709 2616 1764 dubie
2640 1728 2709 1764 eo
2731 1710 2858 1764 loco
2884 1712 3098 1783 posuit,
3127 1728 3244 1782 quo
3268 1711 3341 1765 de

1789 1808 2117 1851 venatorum
2142 1797 2293 1852 tribu
2305 1815 2489 1852 sermo
2502 1808 2637 1865 erat;
2651 1797 2938 1852 Diodorus
2949 1808 3144 1852 contra
3159 1799 3338 1868 (sicuti

1789 1883 2085 1957 Arrianus)
2113 1901 2184 1937 ne
2206 1884 2437 1938 brevem
2476 1902 2630 1938 suam
2661 1882 2908 1938 tributim
2959 1886 3342 1940 recensionem

1793 1968 2262 2042 interrumperet,
2289 1971 2362 2026 ad
2385 1972 2594 2026 calcem
2614 1973 2810 2045 capitis
2831 1990 2950 2027 eam
2975 1972 3260 2046 relegavit.

1868 2055 2126 2110 Eundem
2171 2066 2341 2129 atque
2387 2058 2676 2113 Diodorus
2711 2060 3045 2112 narrationis
3084 2058 3344 2113 ordinem

1786 2143 2038 2214 sequitur
2063 2145 2362 2215 Arrianus,
2393 2147 2490 2217 qui
2515 2146 2575 2199 in
2606 2147 2865 2200 Historiae
2894 2146 3102 2200 Indicae
3129 2147 3340 2218 priori·

1786 2226 1892 2281 bus
1941 2229 2218 2301 capitibus
2257 2231 2502 2285 sedecim
2535 2249 2651 2303 prae
2684 2234 2882 2286 ceteris
2922 2234 3185 2305 expressit
3221 2235 3345 2288 Me-

1787 2316 2126 2388 gasthenem.
2153 2319 2338 2391 Igitur
2375 2319 2467 2373 hie
2491 2337 2722 2391 quoque
2759 2320 3006 2392 primum
3035 2319 3108 2374 de
3142 2322 3346 2393 populi

1785 2404 1896 2456 vita
1926 2404 2305 2475 antiquissima
2333 2414 2387 2458 et
2424 2404 2496 2458 de
2520 2406 2720 2460 Bacchi
2760 2416 2816 2459 et
2851 2406 3107 2460 Herculis
3130 2406 3343 2462 benefl-

1787 2489 1910 2558 ciis,
1941 2500 1996 2543 et
2018 2489 2223 2544 deinde
2251 2491 2482 2544 demum
2503 2490 2574 2544 de
2600 2491 2858 2545 tribubus
2879 2493 3130 2563 exponit.
3163 2495 3344 2563 Quem

1785 2587 2080 2631 auctorum
2101 2595 2430 2632 eonsensum
2451 2579 2496 2632 si
2503 2577 2755 2647 junxeris
2774 2578 3158 2633 adornationis
3175 2580 3339 2650 hujus

1783 2664 2147 2735 simplicitati,
2195 2663 2430 2718 dubium
2469 2682 2589 2717 non
2629 2675 2710 2717 est
2767 2666 2907 2736 quin
2950 2664 3238 2720 Diodorus
3286 2677 3344 2720 et

1786 2751 2053 2805 Arrianus
2079 2753 2276 2804 seriem
2306 2751 2640 2805 narrationis
2661 2751 3081 2824 Megasthenicae
3103 2750 3345 2806 fideliter

1785 2837 2159 2892 reddiderint.
2198 2840 2332 2908 Quae
2372 2856 2546 2910 quum
2587 2838 2662 2891 ita
2699 2839 2841 2906 sint,
2878 2838 3035 2897 locus
3084 2839 3175 2892 ille
3215 2840 3345 2893 libri

1784 2930 1974 2996 quat-ci
2018 2943 2086 2979 ex
2129 2925 2383 2979 Herculis
2427 2925 2656 2978 historia
2701 2924 3022 2998 desumptus
3074 2924 3341 2980 mendam

1787 3011 2012 3064 traxisse
2024 3011 2156 3064 mihi
2175 3010 2418 3064 videtur.
2441 3011 2547 3063 Pro
2564 3009 2615 3064 ἐν
2632 3005 2674 3065 δ’
2695 3009 2860 3064 fuerit
2878 3010 2932 3064 ὄν
2950 3008 3171 3087 δευτέρῳ
3190 3010 3343 3084 (quae

1786 3095 1935 3150 haud
1965 3096 2285 3168 infrequens
2315 3095 2572 3150 confusio
2587 3095 2723 3170 est).
2764 3097 2884 3152 Dici
2909 3100 3082 3170 po‘ssit
3119 3099 3349 3154 diversis

1786 3184 1923 3237 locis
1959 3181 2030 3237 de
2075 3183 2320 3238 Hercule
2362 3193 2418 3237 et
2459 3182 3017 3239 Nabuchodonosore
3061 3195 3349 3241 auctorem

1786 3270 1957 3324 verba
1987 3269 2193 3326 fecisse.
2225 3269 2335 3325 Sed
2361 3287 2546 3342 neque
2571 3271 2678 3325 hoc
2705 3271 3025 3343 probabile.
3061 3273 3201 3326 Nam
3229 3275 3336 3326 tri-

1788 3354 1970 3410 buum
1988 3368 2043 3410 et
2057 3359 2475 3430 magistratuum
2497 3356 2820 3431 descriptio,
2835 3369 2902 3411 ut
2918 3370 3248 3432 argumento
3271 3361 3348 3414 sic

1785 3442 1932 3497 libro
1965 3442 2263 3514 conjuncta
2282 3443 2482 3512 fuerit3
2507 3443 2683 3498 tribus
2704 3461 2838 3499 vero
2860 3457 3056 3499 auctor
3071 3448 3347 3501 recensuit

1785 3529 1933 3585 libro
1975 3532 2176 3598 terti03
2223 3541 2277 3585 et
2320 3541 2448 3603 post
2498 3533 2843 3605 magistratus
2880 3546 3347 3588 commemoratos

1786 3615 1952 3672 finem
1975 3617 2312 3689 excerpendi
2329 3618 2580 3672 fecerunt
2600 3630 2655 3672 et
2673 3618 2960 3673 Diodorus
2981 3630 3036 3674 et
3055 3622 3341 3676 Arrianus.

1785 3705 1985 3760 Omnia
2029 3706 2200 3778 igitur
2242 3705 2476 3759 suadent
2516 3707 2681 3760 etiam
2719 3703 3140 3780 inlilegasthene
3182 3719 3350 3780 caput
3443 3760 3454 3768 ,

1786 3791 1933 3846 istud
1959 3792 2030 3846 de
2069 3793 2477 3867 magistratibus
2500 3793 2756 3847 ultimum
2798 3793 2961 3849 fuisse
2986 3795 3199 3866 operis,
3241 3805 3350 3849 tres

1787 3879 2195 3936 tantumlibros
2214 3880 2511 3952 complexi.
2553 3882 2750 3951 Itaque
2787 3880 3092 3954 fragmenta
3119 3899 3242 3953 quae
3273 3882 3347 3937 ad

1786 3966 1986 4020 Bacchi
2013 3976 2068 4020 et
2099 3968 2353 4021 Herculis
2377 3967 2664 4022 historiam
2688 3969 3005 4040 pertinent,
3041 3967 3348 4023 vindicavi·

1785 4068 1912 4104 mus
1953 4051 2100 4104 libro
2141 4052 2409 4106 secundo.
2445 4053 2526 4106 De
2553 4053 2781 4124 reliquis
2802 4054 3053 4124 acquievi
3088 4050 3346 4106 adorna-

1788 4138 1977 4208 tione,
2022 4137 2242 4210 qualem
2290 4137 2756 4192 Schwanbeckius
2802 4137 2984 4206 dedit3
3026 4154 3144 4191 non
3187 4140 3344 4209 quod

1787 4223 2087 4296 genuinam
2108 4223 2371 4292 habeam,
2395 4222 2492 4277 sed
2535 4222 2694 4294 quod
2721 4224 3013 4279 meliorem
3052 4224 3188 4279 dare
3204 4266 3220 4293 ,
3243 4228 3347 4281 nisi

1787 4309 2075 4364 Strabonis
2095 4322 2355 4382 excerpta
2379 4311 2440 4363 in
2460 4311 2674 4365 minuta
2697 4310 2927 4366 frustula
2951 4311 3220 4367 dissecare
3245 4332 3346 4369 vo-

1787 4395 1985 4464 lueris,
2013 4397 2083 4449 sit
2108 4393 2519 4453 difficillimum.

1866 4483 1952 4535 De
2011 4481 2258 4537 dictione
2303 4483 2667 4557 Megasthenis
2721 4484 2861 4539 nihil
2903 4484 3168 4540 traditur.
3219 4488 3346 4561 Ipsa

1792 4567 1966 4621 verba
2013 4569 2383 4641 Megasthenis
2429 4572 2756 4642 paucissima
2804 4571 3111 4643 Abydenus
3157 4575 3347 4630 citavit

1792 4654 1895 4729 (sr.
1926 4654 2066 4730 28),
2094 4674 2212 4709 non
2239 4657 2455 4712 sincera
2500 4669 2703 4727 tamen,
2745 4658 2844 4714 sed
2889 4660 3086 4714 ionicis
3130 4659 3342 4730 formis,

1792 4759 1928 4814 quas
1947 4740 2020 4795 de
2042 4760 2145 4795 suo
2168 4742 2474 4815 Abydenus
2493 4744 2709 4815 intulit,
2731 4745 3063 4801 deformata.

1869 4828 2039 4898 Quod
2066 4826 2233 4883 fidem
2281 4840 2337 4883 et
2377 4832 2766 4885 auctoritatem
2800 4832 3088 4904 scriptoris
3113 4834 3341 4903 attinet,

1792 4915 1944 4987 apud
1990 4914 2184 4988 vulgus
2213 4916 2595 4988 Megasthenes
2630 4918 2775 4972 inter
2799 4919 3080 4990 principes
3107 4919 3347 4975 habetur

1792 5020 1991 5057 eorum
2007 5042 2024 5071 ‚
2048 5003 2145 5074 qui
2163 5004 2362 5076 ineptis
2385 5003 2688 5059 mendaciis
2704 5004 3084 5078 indulgentes,
3108 5004 3346 5060 anilibus

1792 5110 1983 5146 rerum
2011 5092 2467 5147 miraculosamm
2493 5093 2908 5147 narrationibus
2929 5094 3145 5150 animos
3173 5093 3345 5146 lecto·

1794 5196 1920 5232 rum
1946 5176 2264 5233 demulcere
2291 5180 2619 5235 studuerint.
2644 5179 2811 5250 Cujus
2840 5180 3119 5253 opinionis
3146 5198 3344 5252 parens
