3900 6042
1353 441 1453 499 DE
1495 440 1733 502 REBUS
1778 441 1870 501 PU
1880 442 2135 502 nucis.

3218 452 3331 511 205

128 563 501 647 βουλομένοις,
526 589 640 624 non
664 587 797 624 vero
825 570 957 623 solis
981 567 1263 636 Laciadis,
1287 579 1350 623 ut
1373 570 1694 624 Aristoteles
1785 569 1923 625 riam
1942 572 2246 645 fragmenta
2260 571 2376 625 haec
2392 571 2737 640 devenerint,
2751 582 2863 624 tum
2882 571 3108 626 demum
3123 572 3333 648 fingere

132 658 383 715 tradidit.
430 660 647 713 Verum
691 656 903 711 etiamsi
945 673 1017 709 ne
1070 673 1215 709 unus
1256 655 1485 727 quidem
1536 657 1693 710 locus
1782 656 2151 727 probabiliter
2187 659 2344 726 licet,
2391 659 2491 711 ubi
2529 658 2648 711 aliis
2678 657 2896 712 indiciis
2937 659 3010 715 ad
3045 660 3152 714 tale
3192 660 3332 733 quid

131 755 398 812 exstaret,
451 762 576 816 quo
619 743 889 798 dissensus
940 741 1250 797 Heraclidis
1290 752 1346 797 et
1384 744 1692 798 Aristotelis

131 832 501 903 probaretur,
546 840 715 903 atque
762 830 974 884 etiamsi
1018 847 1224 903 negare
1270 830 1440 884 velles
1465 842 1688 884 utrum-

129 935 232 989 que
271 935 345 972 ex
388 917 601 971 iisdem
630 916 878 971 fontibus
908 917 1178 983 hausisse,
1208 917 1296 971 vel
1339 917 1449 971 hoc
1476 935 1649 972 unum
1670 957 1686 985 ,

133 1003 280 1075 quod
320 1005 478 1058 inter
525 1005 710 1058 varios
752 1002 1075 1059 Heraclides
1119 1003 1343 1056 nonnisi
1388 1005 1683 1059 Ponticum

132 1091 539 1163 philosophum
559 1090 633 1145 de
652 1090 820 1145 rebus
843 1089 1087 1163 politicis
1105 1090 1383 1162 scripsisse
1408 1091 1684 1157 novimus,

134 1179 174 1231 is
188 1195 322 1232 vero
346 1178 672 1233 Aristotelis
699 1177 1002 1249 discipulus
1025 1176 1159 1244 fuit,
1185 1176 1297 1231 hoc
1325 1195 1499 1230 unum
1532 1175 1689 1230 suffi-

54 1256 57 1259 “
133 1275 273 1318 ceret
288 1305 304 1331 ,
329 1274 397 1318 ut
420 1282 729 1318 consensus
755 1265 853 1336 qui
876 1265 1024 1317 inter
1045 1263 1376 1318 Heraclidea
1401 1274 1456 1318 et
1474 1266 1685 1318 Aristo-

135 1352 253 1405 telia
277 1350 601 1425 fragmenta
623 1350 1083 1423 deprehenditur,
1114 1351 1539 1422 explicationem
1564 1350 1684 1404 ido-

134 1454 281 1490 neam
309 1437 662 1495 admitteret.
708 1437 904 1509 Neque
939 1436 1083 1491 hanc
1107 1437 1257 1490 viam
1296 1437 1685 1492 Schneidewi-

134 1542 229 1577 nus
260 1524 559 1578 obturasse
586 1521 869 1596 putandus
912 1534 994 1578 est
1024 1540 1094 1577 eo
1134 1523 1294 1595 quod
1331 1523 1684 1578 Heraclidem

136 1627 164 1662 e
210 1627 450 1664 numero
503 1608 914 1681 discipulorum
960 1609 1274 1663 Aristotelis
1325 1609 1684 1664 eximendum

134 1696 405 1768 opinatur,
427 1696 612 1769 idque
635 1706 833 1751 contra
855 1695 1057 1751 diserta
1077 1705 1327 1751 veterum
1349 1698 1681 1765 testimonia,

136 1782 328 1853 quibus
362 1782 700 1838 Heraclides
739 1792 868 1855 post
894 1783 1183 1839 Platonem
1211 1793 1267 1838 et
1302 1784 1677 1857 Speusippum

139 1871 289 1924 etiam
330 1870 698 1926 Aristotelem
738 1869 974 1926 audiisse
1004 1869 1260 1927 traditur.
1300 1872 1555 1942 Quorum
1601 1883 1679 1927 te·

140 1957 290 2010 stium
329 1957 749 2029 antiquissimus
791 1974 897 2011 nec
924 1957 1093 2031 longe
1120 1956 1192 2011 ab
1220 1958 1532 2013 Heraclidis
1562 1978 1680 2014 aevo

142 2042 328 2097 distans
360 2040 572 2098 Sotion
602 2054 685 2098 est
711 2042 763 2098 ἐν
805 2041 1086 2119 Διαδοχαῖς
1125 2041 1247 2117 (ap.
1275 2044 1445 2118 Diog.
1488 2048 1555 2101 L.
1604 2049 1678 2114 V,

145 2128 269 2203 86),
298 2133 395 2203 qui
418 2131 858 2186 Schneidewino
902 2149 1021 2184 non
1039 2131 1325 2185 historiam
1353 2131 1564 2186 referre
1590 2132 1680 2184 vi-

146 2214 309 2284 detur,
332 2218 431 2272 sed
459 2217 846 2290 conjecturam
871 2217 1074 2290 cepisse
1102 2233 1172 2271 ex
1198 2235 1294 2287 eo,
1323 2216 1481 2289 quod
1503 2219 1681 2291 persi-

144 2303 322 2357 miliin
356 2322 568 2378 genere
601 2305 888 2359 literarum
914 2313 1192 2358 versatum
1215 2314 1401 2358 nosset
1430 2305 1681 2359 Heracli-

148 2388 274 2444 dem.
300 2390 508 2464 quue,
540 2390 733 2445 nescio
761 2408 877 2463 quo
905 2389 1061 2461 jure,
1093 2390 1285 2465 colligi
1312 2408 1471 2463 posse
1495 2400 1680 2445 censet

147 2494 205 2531 ex
240 2474 505 2532 Cicerone
538 2477 757 2552 (Legg.
794 2477 908 2543 111,
940 2476 1006 2544 6,
1044 2483 1111 2540 14
1132 2476 1181 2551 ),
1226 2477 1325 2548 qui
1353 2478 1426 2531 ita
1452 2476 1621 2531 habet
1660 2496 1674 2531 :

150 2568 436 2621 Arismteles
450 2566 754 2621 illustravit
762 2582 977 2618 omnem
999 2563 1144 2617 hunc
1165 2566 1375 2617 civilem
1407 2568 1465 2617 in
1486 2563 1673 2636 dispu-

150 2653 300 2706 tando
336 2654 512 2707 locum
554 2652 989 2723 Heraclidesque
1021 2651 1278 2705 Ponticus
1287 2647 1572 2723 profectus
1598 2651 1672 2704 ab

152 2738 316 2792 eodem
350 2739 616 2803 Platone,
674 2736 1072 2810 Theophrastus
1108 2755 1244 2791 vero
1291 2740 1561 2791 institutus
1600 2737 1674 2790 ab

153 2824 416 2879 Aristotele
433 2824 712 2879 habitavit
730 2829 789 2877 in
814 2842 881 2879 eo
900 2840 1100 2897 genere
1127 2842 1327 2881 rerum.

217 2911 383 2985 Igitur
421 2911 585 2985 quod
631 2912 690 2965 in
730 2910 1050 2984 fragmentis
1092 2911 1365 2965 nonnulla
1392 2912 1672 2984 leguntur,

154 3012 259 3067 quae
282 2999 623 3055 verbotenus
659 2998 776 3054 fere
817 3016 887 3053 ex
914 2998 1211 3055 Aristotele
1251 2998 1566 3072 descripta,
1607 3017 1677 3053 ex

155 3099 211 3135 eo
234 3102 325 3157 per
348 3105 405 3143 se
434 3087 673 3140 minime
698 3085 951 3157 sequitur
973 3087 1189 3159 reliqua
1221 3085 1409 3140 omnia
1425 3125 1441 3152 ,
1471 3103 1596 3157 quae
1620 3086 1678 3138 in

155 3187 339 3227 summa
362 3191 421 3228 re
438 3192 561 3228 non
588 3171 922 3227 dissentiunt
939 3172 1011 3227 ab
1034 3172 1331 3227 Aristotele
1345 3211 1361 3239 ‚
1385 3181 1678 3244 totumque

156 3254 276 3311 adeo
298 3258 565 3329 lihellum,
585 3276 656 3314 ex
681 3258 977 3313 Aristotele
999 3276 1112 3314 esse
1139 3268 1424 3331 excerpta.
1454 3257 1677 3312 Adver-

158 3353 320 3399 santur
343 3358 527 3402 autem
554 3345 690 3401 huic
711 3345 993 3401 sententiae
1021 3355 1076 3400 et
1106 3344 1418 3401 Heraclidis
1436 3362 1643 3400 nomen
1659 3386 1675 3414 ,

158 3430 291 3499 quod
316 3432 536 3489 codices
576 3430 939 3507 profitentur,
970 3443 1026 3488 et
1069 3432 1287 3488 ordinis
1325 3431 1576 3488 desectus
1620 3434 1678 3486 in

159 3517 277 3572 serie
300 3518 625 3576 Politiarum
667 3521 1014 3593 conspicuus.
1049 3521 1184 3591 Quae
1213 3519 1493 3574 obstacula
1522 3538 1679 3592 quo-

160 3603 309 3659 modo
340 3607 798 3663 Schneidewinus
830 3608 998 3662 unico
1037 3626 1139 3663 suo
1184 3618 1515 3681 argumento
1550 3604 1680 3664 fisus

158 3694 457 3767 removerit,
500 3712 674 3769 supra
712 3694 975 3749 vidimus.
1026 3699 1107 3750 Ac
1157 3694 1406 3768 primum
1450 3693 1679 3766 quidem

164 3775 483 3837 Heraclidem
509 3800 633 3838 non
660 3782 959 3837 Ponticum
986 3781 1142 3835 illum
1171 3781 1519 3836 notissimum
1539 3821 1556 3854 ,
1595 3782 1677 3835 uti

162 3867 351 3919 tantum
404 3886 521 3923 nou
574 3885 770 3923 omnes
824 3872 1162 3937 statuerunt,
1207 3885 1319 3923 esse
1374 3868 1522 3935 vult,
1580 3867 1679 3923 sed

166 3946 386 4020 ignotum
418 3954 702 4027 quendam
743 3954 991 4026 ejusdem
1035 3956 1278 4010 nominis
1319 3956 1535 4023 virum,
1579 3954 1676 4027 qui

168 4036 479 4095 Aristotelem
503 4043 641 4096 olim
679 4042 1066 4115 excerpsisset,
1098 4060 1382 4116 quemque
1415 4041 1679 4113 deinceps

170 4118 285 4176 alius
313 4126 531 4197 quidam
556 4146 868 4201 anonymus
894 4129 956 4180 in
994 4128 1220 4183 brevius
1241 4127 1564 4202 redegisset.
1599 4159 1677 4171 --

170 4203 226 4258 ld
243 4225 365 4265 vero
385 4231 578 4285 parum
618 4214 914 4288 probabile
941 4232 1053 4269 esse
1081 4214 1219 4269 mihi
1235 4214 1479 4269 videtur.
1510 4214 1679 4269 Haud

171 4306 321 4360 1²³¹!oe
356 4300 579 4371 quidem
632 4302 893 4357 novimus
940 4302 1173 4356 nomina
1214 4312 1540 4370 auctorum,
1579 4303 1678 4374 qui

172 4381 435 4447 grandiora
474 4387 832 4444 historiarum
884 4405 1055 4460 opera
1101 4388 1162 4441 in
1206 4387 1528 4443 breviorem
1578 4388 1677 4444 sed

176 4469 457 4527 continuam
499 4486 683 4531 tamen
717 4476 1097 4531 narrationem
1134 4484 1567 4545 contraxerunt,
1598 4477 1676 4530 si-

174 4553 269 4605 ulfi
292 4556 519 4617 lustinus
540 4563 713 4636 Trogi
737 4561 995 4635 Pompeii
1017 4561 1303 4634 epitomen
1328 4560 1635 4616 elaboravit
1661 4581 1673 4615 ε

178 4637 404 4714 eclogarii
439 4658 620 4705 autem
636 4690 652 4717 ,
685 4650 785 4722 qui
821 4649 1070 4723 singulos
1100 4648 1373 4721 quosdam
1413 4648 1568 4702 locos
1610 4666 1679 4704 ex

180 4717 388 4784 historiis
408 4750 513 4804 pro
533 4736 700 4790 libitu
717 4744 949 4790 enotant
962 4775 979 4803 ‚
1005 4752 1124 4788 non
1144 4733 1324 4788 solent
1347 4733 1427 4786 illi
1450 4733 1677 4787 nomina

182 4821 261 4863 ⁸112
282 4816 653 4888 scriptionibus
689 4822 840 4877 hisce
867 4821 1140 4894 operariis
1173 4817 1485 4892 praefigere.
1514 4818 1679 4891 Ejus-

184 4895 313 4951 modi
342 4916 469 4959 vero
491 4918 751 4982 excerpta
780 4909 949 4964 etiam
973 4915 1166 4961 nostra
1189 4905 1496 4979 fragmenta
1520 4918 1675 4975 sunt,

184 4980 360 5040 etiamsi
380 4991 508 5048 olim
533 4997 593 5050 in
617 4994 1013 5070 integrioribus
1038 4992 1328 5048 codicibus
1349 4993 1541 5065 paullo
1569 4995 1681 5067 ple-

186 5065 319 5161 {1501'8
338 5072 548 5136 fuerint.
572 5083 751 5138 Series
768 5093 955 5138 autem
976 5079 1415 5135 infortuniorum
1433 5119 1451 5148 ,
1472 5098 1585 5152 qua
1606 5080 1678 5136 ab

187 5163 313 5217 3⁸³⁸ae
336 5162 577 5233 epitomae
602 5167 781 5224 forma
808 5167 880 5224 ad
905 5177 1232 5240 praesentem
1259 5166 1485 5222 demum
1507 5168 1676 5222 mise-

1779 743 2134 799 statuendum
2151 746 2429 818 cogimur.
2456 746 2677 815 Quanto
2695 745 2915 818 longius
2937 746 3106 821 igitur
3127 750 3334 820 petitus

1779 839 1858 883 est
1900 830 2222 886 Heraclides
2268 830 2498 903 quidam
2544 842 2862 903 excerptor,
2916 841 3069 885 tanto
3116 833 3333 889 facilius

1777 916 2058 988 plerisque
2073 933 2198 971 vsese
2242 916 2446 969 obtulit
2492 914 2815 970 Heraclides
2842 918 3133 985 Ponticus,
3162 938 3330 992 quem

1782 999 1913 1079 Περὶ
1931 999 2134 1075 νόμων,
2164 1000 2295 1079 Περὶ
2314 1001 2478 1078 ἀρχῆς
2501 998 2589 1057 καὶ
2616 998 2682 1056 τὰ
2715 1004 2937 1078 συγγενῆ
2967 1000 3160 1068 τούτοις
3193 1008 3329 1061 scri-

1777 1090 1945 1161 psisse
1969 1092 2303 1162 accepimus.
2333 1091 2660 1143 Politiarum
2684 1089 2914 1161 quidem
2943 1109 3084 1164 opus
3115 1091 3331 1148 disertis

1776 1176 1961 1231 verbis
2008 1195 2282 1249 nusquam
2331 1186 2702 1243 memoratur3
2753 1175 2814 1230 id
2861 1194 2997 1231 vero
3042 1196 3162 1232 rem
3211 1199 3331 1235 non

1777 1261 2004 1316 dirimit.
2033 1265 2180 1317 Num
2216 1263 2287 1317 de
2311 1262 2619 1317 Dicaearchi
2645 1263 2857 1318 Politiis
2893 1275 3197 1333 constaret,
3224 1269 3328 1323 nisi

1775 1349 1972 1403 Cicero
2000 1350 2178 1403 tribus
2206 1349 2393 1403 verbis
2420 1350 2764 1403 mentionem
2789 1366 2983 1405 earum
3018 1350 3329 1421 injecisset?

1774 1436 1915 1490 Num
1965 1437 2194 1491 Critiam
2241 1437 2467 1489 Politias
2524 1453 2693 1508 prosa
2744 1436 3001 1491 oratione
3048 1439 3327 1512 scripsisse

1774 1534 2126 1595 compertum
2148 1522 2510 1590 haberemus,
2536 1523 2641 1576 nisi
2669 1521 2922 1576 Athenaei
2941 1524 3079 1579 locis
3104 1524 3327 1581 duobus

1774 1608 2245 1662 admoneremur?
2283 1610 2562 1663 Nimirum
2603 1608 2746 1662 fama
2790 1611 2978 1682 operis
3019 1612 3327 1667 Aristotelii

1771 1695 2123 1768 reliquorum
2170 1697 2499 1749 memoriam
2552 1695 2890 1753 obscuravit.
2942 1698 3104 1752 Mitto
3162 1697 3324 1771 quod

1772 1799 1896 1853 quae
1940 1782 2268 1837 Plutarchus
2311 1799 2381 1835 ex
2430 1780 2725 1835 Heraclide
2766 1783 3002 1838 Pontico
3048 1783 3213 1839 affert
3252 1786 3325 1841 de

1771 1866 2006 1937 Solone,
2036 1868 2108 1922 de
2140 1869 2451 1937 Pisistrato,
2482 1868 2553 1922 de
2592 1869 2796 1939 proelio
2837 1870 3219 1940 Marathonio,
3251 1872 3324 1928 de

1772 1955 1983 2009 Pericle
2020 1952 2241 2028 (Solon.
2283 1973 2333 2009 c.
2376 1974 2423 2009 1.
2455 1972 2550 2008 αα.
2581 1954 2674 2008 31.
2716 1949 2812 2009 32.
2845 1956 3047 2013 Pericl.
3082 1976 3176 2027 ²7·
3225 1958 3318 2016 35.

1769 2040 1909 2096 Vide
1935 2039 2161 2116 supra),
2201 2059 2272 2096 ex
2299 2041 2718 2096 Atheniensium
2757 2042 2956 2097 Politia
2986 2042 3323 2120 deprompta

1771 2143 1883 2181 esse
1904 2140 2165 2200 possunt;
2188 2130 2354 2182 mitto
2385 2126 2632 2200 denique
2655 2128 2968 2183 Heraclidis
2987 2129 3176 2184 locum
3198 2130 3317 2210 (ap.

1769 2213 1943 2269 Cicer.
1975 2216 2059 2270 De
2083 2214 2257 2271 divin.
2283 2216 2339 2283 1,
2375 2210 2474 2289 53)
2501 2213 2572 2269 de
2594 2232 2753 2269 more
2778 2214 3025 2287 quodam
3048 2217 3287 2273 Ceorum
3303 2262 3320 2287 ,

1770 2301 1868 2370 qui
1897 2319 2027 2354 cum
2071 2303 2137 2354 iis
2163 2319 2287 2372 quae
2318 2302 2376 2355 in
2420 2300 2665 2356 Ceorum
2703 2301 2995 2373 republica
3019 2317 3321 2363 narrantur

1769 2386 2029 2441 cohaeret.
2065 2388 2136 2441 Et
2163 2405 2235 2440 ne
2274 2386 2426 2442 dicas
2465 2387 2822 2442 Heraclidem
2849 2406 2961 2443 esse
2988 2390 3147 2444 illum
3187 2395 3320 2464 qui*

1771 2472 1897 2527 dem
1959 2475 2285 2541 Ponticum,
2332 2473 2432 2527 sed
2477 2484 2683 2529 temere
2743 2476 3055 2531 Aristotelis
3102 2482 3321 2535 nomini

1767 2559 2126 2613 substitutum
2146 2558 2309 2613 fuisse
2333 2578 2346 2612 :
2369 2577 2497 2613 nam
2518 2561 2831 2615 contrarius
2847 2562 3014 2634 plane
3032 2581 3155 2616 mos
3173 2564 3322 2617 obti-

1768 2658 1893 2702 net:
1908 2648 2084 2702 multa
2105 2648 2431 2701 tribuuntur
2448 2649 2748 2717 Aristoteli,
2769 2667 2892 2721 quae
2909 2661 3038 2704 sunt
3052 2651 3320 2726 aliorum,

1767 2752 1887 2787 non
1909 2735 2032 2789 vice
2068 2751 2244 2791 versa.
2275 2735 2454 2807 Igitur
2480 2745 2691 2806 quanto
2718 2736 2968 2792 notiores
2994 2747 3153 2791 erant
3187 2739 3320 2792 Ari·

1766 2822 2001 2877 stoteliae
2015 2821 2227 2875 Politiae
2241 2861 2256 2890 ,
2275 2832 2330 2875 et
2348 2832 2561 2894 quanto
2583 2823 2841 2896 cupidius
2858 2824 3097 2879 aliorum
3115 2827 3323 2898 scripta

1767 2909 2135 2964 celeberrimo
2149 2908 2418 2982 Stagiritae
2431 2907 2858 2982 affingebantur,
2873 2919 3028 2964 tanto
3046 2911 3225 2982 major
3241 2924 3324 2968 est

1767 2994 2088 3050 Heraclidei
2102 2996 2345 3049 nominis
2357 3036 2373 3064 ,
2397 2995 2555 3068 quod
2573 2996 2896 3070 fragmentis
2913 2999 3118 3052 nostris
3134 2999 3322 3054 inscri-

1766 3082 1940 3150 bitur,
1964 3082 2284 3140 auctoritas.
2367 3088 2370 3091 ’

1844 3156 1970 3222 jam
1987 3169 2032 3223 si
2046 3168 2163 3223 haec
2183 3169 2242 3222 in
2257 3168 2628 3241 suspicionem
2648 3168 2864 3224 ducunt
2887 3170 3107 3225 subesse
3127 3182 3320 3227 nostro

1768 3253 1959 3307 libello
1992 3252 2228 3307 fundum
2276 3253 2556 3325 quendam
2587 3253 3028 3330 fragmentorum
3066 3260 3320 3313 Heracli-

1768 3340 2037 3411 deorum,
2065 3342 2270 3415 quibus
2295 3342 2616 3397 Aristotelia
2649 3360 2718 3397 ex
2751 3344 2872 3399 aliis
2903 3344 3110 3417 eclogis
3131 3347 3219 3400 vel
3251 3363 3322 3401 ex
3365 3342 3372 3349 ’

1766 3427 2135 3499 scriptoribus
2181 3428 2538 3482 Aristotelem
2577 3428 2780 3500 passim
2809 3430 3174 3485 excitantibus
3213 3432 3321 3486 ad-

1766 3514 1942 3568 mixta
1982 3514 2093 3568 sint
2119 3533 2132 3568 ε
2169 3514 2457 3569 videamus
2484 3514 2778 3587 deinceps,
2808 3534 2946 3570 num
2969 3518 3136 3571 series
3171 3517 3321 3593 frag-

1766 3610 2089 3656 mentorum
2111 3600 2291 3656 faveat
2314 3601 2447 3655 huic
2474 3604 2756 3657 sententiae
2784 3620 2857 3658 an
2879 3601 3209 3678 restagetur.
3241 3637 3322 3649 -—

1768 3688 1988 3742 Etenim
2008 3687 2488 3761 quemadmodum
2505 3690 2566 3742 in
2592 3689 2821 3763 singulis
2837 3688 3157 3764 fragmentis
3176 3693 3320 3748 ordo

1765 3791 1957 3830 rerum
1978 3774 2414 3850 percommodus
2447 3786 2557 3844 est,
2585 3776 2662 3830 sic
2690 3777 2856 3831 etiam
2893 3777 2954 3830 in
2983 3779 3124 3833 serie
3165 3780 3321 3833 Poli-

1769 3863 1970 3918 tiarum
1985 3905 2001 3932 ,
2023 3865 2070 3919 si
2090 3863 2320 3938 quidem
2339 3880 2516 3918 unum
2538 3863 2847 3919 Aristotelis
2868 3882 3010 3937 opus
3027 3878 3322 3942 excerptor

1767 3961 1894 4005 ante
1922 3951 2118 4006 oculos
2155 3951 2381 4019 habuit,
2423 3950 2721 4023 pristinum
2752 3949 3010 4005 ordinem
3043 3964 3319 4009 servatum

1767 4054 1880 4093 esse
1907 4048 2302 4111 exspectamus.
2330 4037 2512 4111 quue
2537 4037 2654 4110 ipse
2686 4036 3141 4093 Schneidewinus
3175 4059 3320 4095 con-

1768 4124 1946 4194 cedit3
1965 4143 2160 4180 verum
2179 4142 2355 4198 quum
2368 4125 2644 4179 rationem
2662 4122 2826 4193 hujus
2847 4121 3063 4178 ordinis
3078 4125 3319 4182 reddere

1766 4230 1885 4266 non
1923 4213 2125 4285 possit,
2165 4212 2278 4266 hoc
2318 4227 2387 4266 eo
2435 4228 2700 4267 excusare
2730 4208 2949 4277 studet,
2991 4210 3152 4283 quod
3179 4214 3319 4283 quid

1767 4299 2089 4353 Aristoteles
2113 4298 2174 4351 in
2199 4297 2303 4353 hac
2337 4313 2401 4351 re
2439 4306 2659 4351 secutus
2695 4297 2799 4366 sit,
2841 4312 3044 4369 parum
3085 4296 3313 4370 liqueat.

1767 4384 1894 4438 Hoc
1918 4402 2116 4439 verum
2135 4382 2366 4456 quidem
2395 4392 2507 4449 est;
2538 4392 2596 4436 at
2624 4380 2768 4435 illud
2786 4391 2972 4436 tamen
2996 4382 3176 4456 liquet
3201 4403 3319 4440 non

1770 4471 2219 4542 qualemcunque
2245 4468 2578 4523 Politiarmn
2602 4468 2804 4522 seriem
2830 4486 2955 4523 eam
2981 4486 3095 4524 esse
3125 4487 3314 4544 posse,

1768 4573 1936 4630 quam
1964 4554 2287 4612 Aristoteles
2307 4553 2681 4628 adoptaverit.
2716 4555 2919 4610 Nostra
2939 4564 3123 4611 autem
3151 4560 3319 4616 series

1768 4644 1892 4699 talis
1923 4653 2033 4711 est,
2063 4642 2241 4715 qualis
2262 4659 2296 4695 a
2329 4659 2471 4697 sanae
2499 4641 2702 4696 mentis
2726 4642 3002 4715 scriptore
3032 4642 3317 4716 proficisci

1768 4731 2001 4785 omnino
2059 4748 2179 4784 non
2222 4729 2428 4803 potuit.
2472 4730 2669 4801 Neque
2714 4727 3025 4801 quidquam
3082 4730 3316 4789 lucraris

1767 4826 2010 4872 statuens
2043 4816 2244 4871 multas
2285 4815 2512 4870 Politias
2555 4814 2862 4871 Aristotelis
2886 4815 2957 4869 ab
2988 4828 3317 4890 excerptore

1770 4906 1993 4960 omissas
2019 4921 2151 4962 esse.
2178 4904 2322 4959 Nam
2355 4903 2433 4957 sic
2458 4919 2690 4976 quoque
2717 4919 2785 4957 ex
2811 4904 3194 4974 superstitibus
3217 4907 3317 4960 Po·

1766 4993 1901 5047 litiis
1925 4991 2236 5063 conjunctae
2259 5007 2372 5045 esse
2399 4989 2610 5045 debent
2633 5007 2709 5044 eae
2739 5006 2863 5062 quae
2883 4989 3049 5043 simul
3077 5000 3316 5065 propter

1769 5080 2046 5155 originem
2082 5088 2140 5133 et
2176 5078 2414 5132 formam
2451 5075 2771 5148 reipublicae
2799 5084 2856 5130 et
2890 5075 3056 5129 situm
3081 5093 3317 5149 geogra—

1767 5168 1997 5241 phicum
2012 5207 2029 5235 ,
2046 5167 2160 5221 sive
2185 5173 2420 5239 propter
2441 5181 2504 5219 ea
2524 5163 2709 5217 omnia
2726 5203 2742 5234 ,
2768 5180 2892 5235 quae
2914 5162 2972 5216 in
2992 5162 3320 5219 ordinandis
