3900 6042
1048 533 1564 598 S'l'ESlMBROTl
1612 541 1864 601 TflAsu
1909 547 2406 610 FRAGMENTA.

141 657 558 729 nobilissimum,
578 663 767 735 pravis
781 655 1080 719 adversarii
1098 665 1343 723 artificiis
1358 688 1686 743 oppressum

138 764 241 801 esse
267 759 649 804 autumamnt.
676 755 857 822 Atque
883 751 993 806 hoc
1013 753 1214 825 ipsum,
1237 766 1401 827 puto,
1424 768 1504 812 est
1527 759 1688 831 quod

136 835 528 916 exponendum
577 837 976 897 Stesimbrotus
1009 841 1113 894 sibi
1154 857 1483 915 sumpserat.
1523 847 1685 903 Certe

134 921 256 976 inde
276 923 636 997 intelligitur,
667 942 770 984 cur
799 925 857 978 in
888 926 1053 980 titulo
1084 929 1269 1000 operis
1293 931 1446 987 nulla
1472 934 1683 987 mentio

131 1006 218 1064 fiat
257 1010 540 1085 Cimonis,
587 1029 911 1084 quanquam
949 1015 1228 1085 permulta
1275 1015 1346 1072 de
1383 1037 1452 1073 eo
1507 1022 1684 1077 relata

132 1106 293 1152 erant.
341 1097 547 1169 Neque
575 1101 763 1154 minus
800 1109 1018 1154 constat
1055 1102 1327 1174 sophistas
1354 1108 1519 1162 etiam
1549 1111 1683 1165 artis

131 1183 355 1255 politicae
377 1185 683 1258 magistros
705 1186 898 1259 egisse.
922 1188 1243 1261 Protagorae
1258 1210 1470 1248 nomen
1490 1196 1681 1252 citasse

129 1267 335 1326 sufficit.
367 1269 456 1326 cf.
511 1271 649 1326 Plat.
675 1272 995 1344 Eutbyphr.
1033 1291 1092 1346 p.
1126 1272 1272 1343 305,
1297 1276 1360 1344 C,
1402 1277 1502 1330 ubi
1539 1278 1681 1331 Pro-

129 1355 272 1410 dicus
285 1357 572 1430 sophistas
587 1360 746 1431 quasi
763 1359 984 1414 medios
998 1359 1136 1415 dicit
1149 1363 1297 1418 inter
1310 1364 1680 1437 philosophos

130 1442 520 1516 civitatumque
531 1444 1006 1502 administratores
1022 1444 1085 1522 (¹⁰)
1093 1488 1106 1501 .
1119 1449 1150 1502 J
1153 1467 1244 1502 am
1259 1451 1553 1523 quomodo
1565 1454 1680 1507 Ste-

128 1528 380 1585 simbroto
410 1549 510 1586 res
536 1533 779 1600 cesserit,
800 1534 1018 1587 auctori
1039 1536 1288 1607 pessimis
1315 1539 1679 1610 opinionibus

128 1628 518 1690 praeoccupato
545 1635 651 1673 nec
681 1619 801 1673 sine
828 1620 1018 1675 studio
1048 1631 1104 1676 et
1127 1623 1208 1677 ira
1233 1625 1528 1694 scribenti,
1560 1644 1677 1680 non

129 1713 198 1756 est
233 1704 388 1774 quod
417 1704 634 1774 dicam.
676 1706 942 1766 Ceterum
964 1703 1363 1784 Ὑπομνήματα
1407 1712 1522 1767 haec
1561 1732 1692 1784 non„

129 1799 224 1843 tam
247 1789 399 1861 jnstae
428 1802 492 1846 et
523 1793 801 1847 continuae
819 1795 1062 1850 historiae
1080 1799 1323 1869 speciem
1341 1799 1671 1870 habuerint,

129 1895 275 1947 quam
292 1876 754 1950 declamationis,
776 1882 1000 1953 qualem
1024 1882 1096 1938 de
1121 1886 1321 1956 quovis
1342 1898 1673 1960 argumento

128 1963 394 2019 elaborare
435 1966 707 2038 sophistae
745 1969 1001 2026 solebant
1027 1967 1147 2046 (⁹).
1177 1972 1259 2025 Ex
1293 1973 1399 2027 alia
1425 1972 1674 2043 ejusdem

127 2053 318 2123 generis
341 2054 659 2126 scriptione
699 2052 927 2111 fluxerit
961 2057 1132 2125 illud,
1178 2041 1337 2131 quod
1377 2059 1448 2114 de
1490 2072 1672 2117 morte

128 2137 406 2210 Polycratis
438 2141 678 2212 tyranni
720 2142 893 2197 habet
917 2144 1245 2218 Fulgentius
1275 2144 1379 2218 (sr.
1419 2144 1535 2222 12).
1563 2152 1671 2203 At-

131 2243 222 2297 que
269 2229 344 2282 sic
394 2227 640 2282 demum
693 2247 977 2303 assequor,
1045 2234 1339 2305 quomodo
1401 2235 1672 2291 Hadriani

129 2324 286 2382 atate,
315 2332 426 2387 qua
461 2315 599 2370 haec
641 2317 845 2372 veteris
875 2318 1202 2390 sophistices
1233 2320 1417 2378 studia
1456 2325 1672 2378 revivi-

129 2417 258 2455 scere
279 2413 610 2475 eruperant,
651 2403 860 2475 scripta
886 2404 1241 2460 Stesimbroti
1279 2408 1341 2462 in
1364 2409 1546 2463 lucem
1576 2429 1670 2465 re-

131 2487 410 2558 trahantur,
450 2507 642 2561 quum
683 2490 756 2543 ab
784 2492 1201 2564 antiquioribus
1232 2495 1508 2551 historicis
1533 2517 1669 2553 nus—

132 2591 271 2646 quam
290 2575 604 2631 laudentur
634 2574 777 2652 (Μ).

177 2723 230 2786 (¹)
251 2725 317 2773 ct.
339 2727 582 2775 Rosclier.
611 2728 679 2775 De
694 2727 933 2778 historicae
950 2727 1186 2780 doctrinm
1208 2731 1338 2794 apud
1361 2734 1559 2796 sophist.
1585 2750 1666 2786 an·

130 2793 200 2855 tiq.
218 2796 411 2858 vestigiis
429 2797 690 2858 (Gotting.
729 2800 894 2859 1838),
918 2793 968 2860 p.
1003 2805 1051 2849 8.

178 2864 253 2927 (st)
283 2884 306 2906 «ι
335 2866 528 2915 Mirum
551 2866 706 2916 videri
730 2868 905 2931 possit,
937 2869 1056 2931 quid
1087 2870 1150 2919 sit
1173 2884 1262 2920 cur
1279 2873 1483 2936 scriptor
1512 2879 1665 2926 Hero-

130 2933 223 2982 doto
251 2936 390 2997 atque
411 2934 712 2996 Thucydide
748 2939 893 2986 etate
931 2938 1010 2987 vel
1040 2952 1128 3001 par
1159 2942 1237 2989 vel
1273 2941 1393 2991 adeo
1433 2946 1666 3009 superior,

25 3015 26 3022 ¹
132 3003 280 3064 quique
298 3008 396 3053 tam
416 3005 621 3054 clarum
638 3009 974 3067 argumentum
992 3008 1081 3058 sibi
1104 3011 1410 3061 tractandum
1442 3027 1664 3077 sumpse·

25 3119 26 3132 2
130 3070 201 3130 rit,
219 3086 305 3122 non
334 3075 481 3125 modo
525 3075 748 3137 perierit,
777 3089 951 3126 verum
981 3078 1102 3128 adeo
1124 3080 1174 3128 in
1201 3082 1497 3134 oblivionem
1534 3086 1668 3136 abie-

25 3139 26 3186 5
131 3141 200 3202 rit,
221 3147 271 3192 ut
291 3144 615 3195 historiarum
633 3145 740 3206 ejus
755 3145 927 3196 titulus
945 3161 1044 3196 uno
1069 3151 1258 3199 tantum
1277 3152 1384 3200 loco
1400 3190 1415 3214 ,
1435 3158 1668 3207 memoria

25 3243 26 3250 ι
131 3212 198 3259 vix
211 3213 363 3263 decem
381 3217 583 3276 exstet,
610 3228 769 3277 neque
790 3219 875 3265 aut
892 3217 1017 3268 inter
1035 3222 1271 3271 sermonis
1290 3226 1517 3274 auctores
1538 3240 1568 3275 a
1587 3242 1666 3277 ve·

131 3282 283 3332 teribus
316 3285 610 3343 haberetur,
651 3288 738 3334 aut
771 3299 802 3335 a
839 3300 1084 3350 quoquam
1121 3295 1298 3352 praeter
1325 3293 1663 3361 Plutarchum,

129 3352 198 3412 qni
215 3353 396 3405 illorum
428 3358 730 3418 temporum
755 3369 834 3407 res
855 3360 1013 3418 gestas
1032 3360 1313 3422 tradiderit,
1352 3363 1401 3412 in
1420 3366 1663 3417 auxilium

130 3427 296 3474 voeatis
315 3426 406 3486 sit;
424 3424 572 3488 quod
597 3425 637 3474 si
659 3425 771 3487 quis
784 3427 958 3489 exigno
977 3428 1134 3491 operis
1149 3431 1256 3491 eius
1273 3433 1427 3494 pretio
1448 3436 1664 3487 tribuen-

129 3489 224 3542 dam
248 3498 462 3555 emeat,
486 3498 554 3545 at
578 3507 678 3543 nou
701 3498 836 3545 tanta
853 3499 960 3546 erat
976 3499 1239 3560 aequalium
1263 3502 1555 3563 scriptorum
1574 3519 1662 3556 co-

129 3562 282 3624 pia‚ut
311 3565 351 3615 si
372 3578 560 3615 revera
595 3565 854 3617 historicus
891 3568 1240 3620 Stesimbrotus
1277 3571 1468 3635 inisset,
1504 3576 1665 3628 minus

132 3631 217 3681 ideo
238 3635 353 3684 mira
384 3636 491 3697 eim
519 3636 761 3697 neglectio
785 3637 939 3687 videri
969 3642 1145 3701 posset.
1177 3642 1339 3691 Unum
1365 3647 1471 3695 erat
1504 3646 1664 3697 homi·

3254 574 3326 623 53

1779 674 1959 734 ΠΕΡΙ
1987 676 2636 743 ΘΒΜΙΣΤΟΚΛΕΟΥΣ
2669 684 2799 743 ΚΑΙ
2830 689 3326 754 θΟΥΚΥΔΙΔΟΥ

2207 782 2336 841 ΚΑΙ
2383 785 2893 848 ΠΕΡΙΚΛΕΟΥΣ.
3342 816 3346 821 ’

1849 1015 2131 1076 Plutarch.
2167 1023 2358 1078 Them.
2389 1045 2438 1083 c.
2464 1046 2496 1082 2
2532 1048 2545 1082 ε
2573 1028 2967 1107 Στησίμὸροτος
2988 1033 3327 1116 Ἀναξαγόρου

1770 1120 1829 1156 τε
1855 1100 2128 1161 διακοῦσαι
2151 1104 2239 1164 τὸν
2263 1113 2631 1185 Θεμιστοκλέα
2652 1117 2778 1193 φησὶ
2805 1118 2894 1175 καὶ
2915 1122 3033 1198 περὶ
3058 1124 3324 1185 Μέλισσον

1770 1187 2065 1246 σπουδάσαι
2086 1191 2173 1250 τὸν
2191 1196 2425 1272 φυσικὸν,
2457 1202 2551 1258 οὐκ
2574 1194 2635 1259 εὖ
2656 1207 2758 1260 τῶν
2781 1206 2981 1283 χρόνων
3013 1210 3325 1287 ἁπτόμενος·
3413 1268 3426 1281 ,

1772 1274 2021 1353 Περικλεῖ
2061 1279 2182 1357 γὰρ,
2222 1280 2276 1348 ὃς
2318 1284 2451 1343 πολὺ
2496 1287 2738 1368 νεώτερος
2778 1284 2842 1363 ἦν
2880 1295 3323 1372 Θεμιστοκλέους,

1769 1361 2030 1430 Μέλισσος
2045 1364 2138 1441 μὲν
2159 1369 2560 1448 ἀντεστρατήγει
2575 1379 2933 1459 πολιορκοῦντι
2951 1385 3183 1460 Σαμίους
3209 1391 3324 1466 (85,

1775 1469 1795 1503 1
1816 1450 1833 1523 )
1854 1492 1870 1519 ,
1904 1448 2246 1532 Ἀναξαγόρας
2269 1455 2322 1514 δὲ
2347 1459 2683 1541 συνδιέτριὸε.

1844 1585 2206 1658 Anaxagoras
2229 1599 2391 1645 natus
2416 1594 2505 1647 Ol.
2543 1614 2643 1664 70,
2674 1617 2694 1650 1
2725 1597 2867 1670 (500
2893 1621 2943 1659 a.
2967 1603 3062 1678 C.)
3094 1609 3324 1665 Athenis

1766 1668 1974 1725 docere
2003 1676 2174 1747 coepit
2216 1677 2307 1731 Ol.
2350 1677 2455 1747 75,
2516 1701 2537 1735 1
2589 1683 2761 1758 (480)
2811 1707 2920 1742 see.
2970 1693 3321 1752 Demetrium

1763 1757 2095 1815 Phalereum
2136 1774 2192 1817 et
2240 1767 2659 1838 Apollodorum
2698 1793 2788 1846 ap.
2820 1778 2988 1852 Diog.
3020 1782 3083 1834 L.
3136 1785 3224 1852 11,
3260 1806 3317 1855 7.

1763 1845 1962 1918 Itaque
1980 1866 2084 1920 per
2107 1867 2283 1906 annos
2301 1855 2518 1926 aliquot
2539 1855 2892 1939 (480—469)
2915 1872 3321 1928 consuetudine

1761 1933 2089 2008 philosophi
2137 1939 2532 1997 Themistocles
2572 1947 2654 1999 uti
2682 1951 2901 2021 potuit,
2934 1972 3119 2027 neque
3164 1960 3320 2022 aliud

1762 2021 2165 2079 Stesimbrotus
2211 2026 2439 2083 dixerit.
2481 2031 2757 2089 Melissum
2797 2039 3058 2110 quidem,
3091 2046 3187 2116 qui
3213 2066 3321 2120 per

1765 2113 1839 2172 4ο
1883 2127 2060 2165 annos
2107 2118 2443 2190 σοφιστεῦσαι
2495 2121 2758 2190 traditur,
2800 2129 3183 2198 Apollodorus
3224 2154 3315 2209 ap.

1764 2196 1936 2270 Diog.
1971 2198 2033 2253 L.
2066 2201 2185 2269 IX,
2216 2199 2289 2257 56
2321 2201 2571 2263 floruisse
2599 2211 2675 2264 ait
2701 2209 2791 2269 ol.
2823 2213 2892 2279 84
2929 2212 3315 2299 (444—441);

1760 2282 1856 2337 sed
1872 2283 2017 2338 hanc
2040 2288 2389 2357 potissimum
2411 2295 2601 2365 posuit
2619 2297 3010 2372 Olympiadem
3028 2345 3044 2372 ,
3070 2308 3229 2378 quod
3253 2330 3317 2368 ea

1760 2370 1962 2424 Melissi
1985 2372 2112 2426 vitae
2136 2376 2382 2447 epocha,
2415 2397 2525 2451 qua
2553 2382 2779 2439 Samum
2812 2399 3011 2446 contra
3044 2394 3316 2452 Periclem

1760 2456 2041 2527 defendit,
2083 2464 2336 2517 omnium
2360 2468 2643 2525 notissima
2671 2484 2817 2542 erat;
2862 2485 2983 2530 tum
3025 2497 3161 2535 vero
3197 2483 3306 2555 jam

1758 2558 2059 2617 provectus
2088 2558 2246 2603 aetate
2292 2553 2539 2608 Melissus
2580 2557 2745 2614 fuisse
2774 2561 3020 2633 videtur,
3062 2564 3205 2623 adeo
3251 2585 3316 2627 ut

1759 2631 1896 2685 nibil
1923 2633 2193 2706 impediat
2226 2639 2364 2709 quin
2388 2659 2517 2694 cum
2542 2661 2611 2697 eo
2639 2646 3033 2706 Themistocles
3062 2669 3310 2714 versatus

1756 2719 1843 2771 sit.
1871 2722 2060 2791 Atque
2083 2724 2315 2778 omnino
2346 2739 2506 2782 caute
2532 2731 2813 2802 agendum
2842 2747 2949 2806 est,
2971 2738 3070 2793 ubi
3093 2752 3316 2817 tempo-

1757 2822 1882 2858 rum
1913 2807 2129 2862 ratione
2171 2809 2360 2866 habita
2408 2818 2617 2870 erroris
2645 2819 2893 2893 aliquem
2929 2843 2960 2879 a
3004 2828 3310 2887 Plutarcho

1757 2893 2015 2947 cominci
2076 2894 2361 2967 videmus,
2418 2906 2727 2975 praesertim
2784 2911 3149 2984 scriptorem,
3213 2923 3312 2992 qui

1756 2984 2133 3050 quamtumvis
2159 2982 2437 3055 factiosus,
2474 3000 2664 3045 tamen
2694 3011 2916 3070 rernm,
2948 3017 3086 3070 quas
3111 3023 3309 3070 narrar

1755 3067 1863 3135 vit,
1905 3066 2021 3123 fere
2068 3090 2287 3126 coaevus
2311 3072 2436 3128 suit.
2488 3077 2630 3130 Nam
2658 3080 3022 3154 Plutarchus,
3054 3090 3310 3164 alioquin

1755 3153 2171 3230 chronologicae
2234 3158 2506 3216 doctrinae
2562 3177 2918 3243 contemptor
2978 3173 3070 3246 (v.
3129 3179 3307 3240 Solon

1754 3259 1801 3294 c.
1834 3240 1928 3315 25)
1952 3283 1968 3311 ,
1994 3244 2094 3298 ubi
2123 3263 2246 3300 eam
2282 3247 2342 3300 in
2370 3266 2489 3302 rem
2510 3268 2667 3305 suam
2689 3253 2949 3329 adhibet,
2975 3262 3311 3339 plerumque

1751 3329 1964 3400 pendet
1992 3348 2061 3385 ex
2101 3334 2441 3405 Apollodori
2474 3339 2825 3411 compendiis
2854 3344 3305 3425 chronologici33

1753 3434 1936 3488 neque
1960 3418 2078 3490 ipse
2102 3420 2373 3488 rationeS,
2402 3441 2504 3477 cur
2535 3424 2625 3479 hic
2652 3428 2737 3480 vel
2759 3429 2852 3484 ille
2867 3435 3108 3491 maxime
3132 3457 3310 3506 annus

1750 3502 1876 3556 viro
1905 3503 2071 3558 alicui
2095 3506 2417 3578 assignetur,
2437 3512 2735 3583 anquirere
2753 3517 2984 3574 studuit.

1831 3589 2027 3644 Paullo
2071 3601 2200 3664 post
2226 3594 2558 3652 Plutarchus
2601 3618 2671 3654 ex
2696 3603 2898 3657 eodem
2940 3607 3091 3663 haud
3135 3612 3308 3678 dubie

130 3713 225 3752 m
242 3718 414 3768 gama,
439 3705 583 3769 apud
607 3720 730 3768 qum
745 3707 847 3768 jam
865 3708 946 3757 ma
971 3711 1118 3759 mute
1140 3711 1380 3762 scribendi
1414 3718 1665 3768 methea
1750 3674 2152 3747 StesimbrotO,
2180 3681 2260 3734 uti
2278 3680 2421 3737 bene
2438 3694 2687 3741 statuunt
2703 3690 2976 3750 Wichers.
2996 3693 3100 3767 (De
3129 3698 3296 3760 sonu,

131 3771 228 3822 adeo
258 3775 512 3826 invaluisse
551 3775 761 3838 videtur,
787 3781 842 3825 ut
872 3790 970 3827 uua
991 3792 1160 3829 omnes
1183 3781 1424 3833 oblivione
1453 3788 1664 3848 sepultos

132 3853 212 3890 ese
240 3844 396 3893 mirari
426 3859 531 3895 non
570 3845 740 3906 liceat3
775 3848 1032 3909 sophista),
1068 3850 1153 3911 qui
1190 3853 1296 3900 tum
1325 3855 1553 3916 temporis
1579 3870 1664 3920 per

132 3911 298 3964 Grereiae
331 3916 478 3966 urbes
504 3916 808 3977 vagabantur
830 3931 986 3980 neque
1012 3919 1098 3968 uni
1132 3920 1273 3971 alicui
1306 3922 1560 3976 literarum
1582 3941 1663 3991 ge·

131 3984 439 4034 uoeiseduiam
468 3988 522 4035 et
555 3987 846 4047 peculiarem
875 4001 1076 4049 operam
1113 3991 1383 4054 navabant,
1424 3995 1506 4044 sed
1530 3997 1662 4060 inge·

132 4052 292 4102 ntorum
311 4054 557 4105 fertilitate
575 4056 684 4105 freti
697 4092 712 4115 ,
734 4056 974 4120 quidquid
991 4061 1178 4110 occasio
1193 4062 1404 4125 tulisset,
1423 4067 1526 4127 pari
1547 4080 1661 4117 cum

129 4118 294 4172 levitate
311 4129 459 4187 atque
481 4126 759 4188 arrogantia
781 4128 1085 4179 tractabant:
1113 4131 1288 4193 quibus
1308 4133 1348 4182 si
1371 4136 1657 4188 Stesimbro·

130 4191 217 4240 tum
233 4207 418 4256 qnoque
440 4208 851 4258 annumeramus,
876 4210 974 4246 non
1002 4198 1215 4249 multum
1242 4215 1272 4250 a
1294 4204 1501 4254 veritate
1517 4207 1659 4257 aber-

131 4263 364 4314 mrembis
393 4264 645 4314 videmur.
675 4286 700 4308 υ
725 4271 783 4316 c.
811 4270 1077 4318 neaman.
1116 4269 1166 4318 in
1199 4270 1303 4321 lnd.
1343 4273 1476 4324 lectt.
1503 4278 1656 4327 aestiv.

129 4329 340 4394 unnim„
367 4339 507 4395 issa,
531 4348 580 4396 p.
602 4338 736 4385 vm.

181 4399 282 4464 (Μ)
309 4407 492 4453 Praeter
511 4405 825 4455 Plutarchum
845 4407 996 4456 vitam
1015 4409 1208 4459 Periclis
1224 4411 1468 4473 scripsisse
1484 4413 1661 4465 dicitur

132 4468 321 4522 Sabinu
342 4473 536 4534 (schol.
565 4474 756 4525 Aristid.
780 4479 878 4538 111,
902 4491 950 4539 p.
974 4485 1067 4528 500
1100 4480 1261 4529 Dindt'.
1290 4500 1302 4530 z
1324 4483 1486 4532 Ταῦτα
1507 4485 1555 4534 δὲ
1577 4489 1658 4535 καὶ

133 4537 400 4605 [Ιλοῦταρχος
433 4545 519 4591 καὶ
541 4545 685 4594 Σαὸἴ
691 4561 784 4601 νος
802 4547 883 4593 καὶ
901 4546 1068 4605 πάντες
1087 4552 1131 4598 οἱ
1165 4551 1244 4599 τὸν
1265 4553 1536 4614 Περικλέους
1558 4557 1659 4618 βίον

357 4611 372 4668 )
387 4647 402 4669 ,
415 4625 572 4673 quem
585 4625 681 4661 non
694 4612 938 4663 divemum
951 4627 1054 4666 esse
1065 4620 1183 4678 puto
1196 4631 1226 4666 a
1242 4618 1436 4681 sabino,
1450 4629 1482 4670 Α
1488 4623 1657 4684 phtho-

131 4676 182 4725 ffl
212 4679 270 4741 t,
293 4683 512 4744 „phista
546 4685 632 4746 qni
656 4686 749 4734 sub
791 4684 1031 4734 Hadriano
1054 4687 1243 4750 floruit,
1285 4692 1337 4739 et
1371 4697 1544 4753 praeter
1564 4696 1659 4745 alia

130 4747 338 4809 misiae
360 4751 542 4802 dieitur
566 4756 630 4810 εἰς
654 4756 943 4813 Θουκυδίδην
965 4757 1047 4805 καὶ
1067 4757 1367 4809 Ἀκουσίλαον
1388 4764 1446 4822 (3’)
1470 4765 1550 4812 καὶ
1575 4765 1657 4813 ἅλ-

131 4815 215 4872 >aug
241 4822 569 4885 ὑπομνήματα.
611 4824 783 4874 suidas
822 4838 871 4874 v.
916 4827 1126 4883 Σωδῖνος.
1176 4830 1256 4878 cs.
1295 4833 1655 4884 westermann.

134 4885 281 4937 Gereli.
303 4890 355 4940 d.
376 4906 456 4954 qr.
473 4893 807 4944 Beredsamls.
825 4892 854 4957 ξ
871 4899 930 4945 94
945 4932 961 4957 ,
990 4900 1064 4946 14.

1750 3761 1976 3817 Cornel.
1999 3765 2143 3838 Nep.
2170 3785 2230 3840 p.
2268 3767 2407 3844 105)
2430 3782 2486 3825 et
2504 3774 2763 3830 Sintenis.
2785 3817 2801 3844 ,
2832 3782 2997 3851 ponit
3016 3782 3132 3840 haec
3161 3806 3175 3840 ε

1828 3843 1887 3905 Ἃ
1917 3845 1973 3905 δὲ
2011 3848 2209 3908 τούτων
2233 3850 2514 3932 ἐξαρτῶσιν
2557 3857 2680 3917 ἔνιοι
2717 3861 3019 3938 διηγήματα
3046 3870 3304 3938 πλάττον,

1747 3954 1856 4004 τις,
1902 3933 2215 4013 ἀποκήρυξιν
2260 3937 2361 3997 ὑπὸ
2404 3947 2493 3999 τοῦ
2528 3945 2723 4024 πατρὸς
2764 3950 2955 4022 αὐτοῦ,
3000 3955 3218 4017 θάνατον
3249 3960 3309 4027 δὲ,

1748 4024 1840 4089 τῆς
1869 4021 2063 4101 μητρὸς
2101 4024 2358 4099 ἑκούσιον,
2388 4028 2474 4085 ἐπὶ
2514 4036 2581 4109 τῇ
2610 4040 2698 4092 τοῦ
2728 4037 2907 4104 παιδὸς
2935 4042 3115 4122 ἀτιμίᾳ
3151 4069 3302 4124 περι-

1747 4105 1911 4164 λύπου
1941 4109 2239 4188 γενομένης,
2270 4113 2410 4172 δοκεῖ
2434 4121 2803 4199 κατεψεῦσθαι.
2832 4127 2915 4182 Cf.
2938 4133 3189 4190 Valerius
3220 4139 3298 4195 M.

1748 4198 1820 4252 vl
1838 4238 1853 4265 ‚
1877 4218 1940 4271 9,
1969 4219 2001 4254 α
2039 4220 2051 4254 :
2083 4202 2244 4274 Piget
2275 4204 2652 4264 Themistoclis
2677 4214 3102 4274 adolescentiam
3135 4230 3301 4278 attin-

1743 4384 1965 4443 gentem
1984 4387 2194 4443 notam,
2233 4384 2342 4432 sive
2364 4394 2595 4438 matrem
2617 4390 2908 4460 suspendio
2917 4392 3096 4463 finire
3124 4403 3300 4454 vitam

1739 4472 1971 4535 propter·
1989 4462 2111 4534 filii
2144 4468 2541 4537 turpitudinem
2579 4486 2843 4534 coactam.
2879 4474 3213 4556 Ἀποκήρυξιν
3251 4507 3294 4543 s.

1746 4546 2156 4604 abdicationem
2178 4567 2494 4610 memorant
2512 4559 2677 4613 etiam
2694 4563 2897 4618 AElian.
2920 4565 2985 4622 V.
3005 4570 3077 4622 H.
3100 4569 3176 4638 11,
3208 4592 3297 4642 ω,

1747 4641 1800 4686 et
1815 4632 2012 4688 Suidas
2025 4654 2079 4690 ν.
2108 4631 2346 4695 Ἀνεῖλεν.
2366 4641 2779 4702 Exheredatum
2795 4649 2988 4709 Them.
3012 4655 3149 4711 dicit
3168 4661 3301 4714 Cor·

1748 4720 1856 4775 nel.
1885 4722 2026 4794 Nep.
2055 4741 2106 4776 c.
2141 4741 2191 4777 1.
2222 4755 2301 4766 —
2343 4751 2365 4774 ιι
2401 4728 2536 4783 Jure
2566 4733 2927 4791 Plutarchum
2970 4739 3041 4795 de
3070 4744 3297 4801 abdica·

1745 4807 1900 4861 tione
1923 4807 2200 4866 dubitasse
2217 4813 2521 4870 ostendunt
2534 4860 2550 4889 ,
2570 4837 2693 4891 quae
2710 4820 2781 4876 de
2802 4841 2863 4877 re
2882 4824 3142 4884 familiari
3161 4832 3299 4887 The·

1744 4894 2012 4950 mistoclis
2035 4895 2301 4954 dicuntur
2324 4918 2447 4976 cap.
2483 4902 2555 4958 25
2576 4946 2590 4973 ,
2618 4908 2677 4961 in
2703 4909 3023 4984 Comparat.
3062 4918 3293 4973 Aristid.

1429 4977 1440 4990 1

1949 5058 1961 5070 Ο
2627 5069 2638 5081 D
2906 5074 2915 5086 0
3263 5082 3272 5092 Ο

269 5039 366 5095 DE
397 5041 904 5100 THEMISTOCLE
930 5046 1021 5101 ΕΤ
1055 5046 1484 5107 THUCYDIDE

665 5129 757 5183 ET
793 5131 1110 5188 PERICLE.

182 5227 217 5270 1.
243 5227 587 5277 stesimbrotus
609 5228 679 5280 ait
704 5230 1068 5285 Themistoclem
1095 5240 1427 5299 Anaxagoram
1442 5240 1647 5291 audiisse

1743 5136 1913 5183 contra
1948 5136 2204 5200 Periclem,
2241 5143 2425 5192 Samios
2456 5144 2698 5195 obsidione
2721 5149 3015 5214 cingentem,
3054 5157 3137 5217 qui
3169 5159 3296 5208 The-

1743 5210 1957 5260 mistocle
1988 5214 2141 5264 multo
2162 5215 2451 5280 suitjnnior3
2476 5226 2778 5285 Anaxagoras
2804 5232 2964 5285 autem
2989 5246 3100 5281 cum
3124 5235 3295 5287 eodem

129 5301 250 5360 atque
275 5303 673 5366 &¹⁸⁸⁰th
686 5319 875 5369 omn,
889 5309 1088 5374 ww,
1114 5314 1238 5364 male
1265 5314 1348 5368 me
1376 5316 1438 5366 ,d
1465 5319 1645 5380 tempo,
1743 5288 1922 5339 Pericle
1939 5297 2248 5345 conversatus
2265 5300 2351 5345 est.
