3900 6042
1277 465 1631 525 vlTARUM
1683 467 2180 527 FRAGMENTA.
2843 462 2851 467 ⁷
3199 482 3303 532 281

191 594 356 649 Idem
381 595 535 649 ibid.
561 597 752 669 paullo
779 606 904 668 post
939 613 952 651 :
982 591 1072 650 Ἐν
1105 590 1158 648 δὲ
1188 592 1290 658 τοῖς
1314 591 1434 671 περὶ
1455 592 1542 649 τὸν
1567 593 1673 671 βίον

114 678 179 735 τὰ
201 677 298 755 μὲν
325 679 472 737 ἄλλα
501 680 735 749 εὔκολον,
756 680 845 736 καὶ
874 686 1060 758 μικρᾶς
1083 678 1321 754 δεόμενον
1345 683 1678 757 παρασκευῆς

115 768 182 830 εἷς
207 765 275 823 τὰ
304 768 431 824 καθ’
461 767 663 844 ἡμέραν
684 771 1012 843 γεγενῆσθαι·
1041 765 1167 841 πρὸς
1190 764 1243 822 δὲ
1266 764 1359 835 τὴν
1396 770 1497 823 τῶν
1522 770 1678 846 ἀφρο·

115 852 287 911 δισίων
325 856 530 932 χρῆσιν
564 848 903 934 σφοδρότερον
948 852 1042 927 μὲν
1085 843 1242 921 εἶναι,
1287 851 1489 909 ἀδικίαν
1517 850 1570 910 δὲ
1600 851 1674 929 μὴ

111 943 382 1017 προσεῖναι
402 963 416 975 ·
442 938 482 1009 ἦ
502 938 603 1018 γὰρ
629 948 740 1004 ταῖς
765 939 1015 1020 γαμεταῖς
1046 937 1081 1006 ἢ
1100 947 1213 1004 ταῖς
1236 939 1427 1005 κοιναῖς
1450 943 1675 1018 χρῆσθαι

118 1048 309 1095 μοναις.

849 1158 943 1213 29.

193 1251 488 1305 Plutarch.
524 1249 755 1305 Aristid.
785 1269 835 1307 e.
871 1268 941 1318 27
975 1269 989 1303 z
1022 1246 1319 1324 Δημήτριος
1347 1249 1375 1305 6
1396 1247 1676 1326 Φαληρεὺς

123 1337 203 1393 καὶ
235 1331 558 1413 Ἱερώνυμος
597 1339 625 1392 6
667 1332 865 1399 Ῥόδιος
909 1334 1000 1392 καὶ
1043 1333 1379 1413 Ἀριστόξενος
1423 1339 1452 1392 6
1492 1357 1674 1409 μουσι·

125 1423 202 1489 κὸς
241 1422 329 1482 καὶ
353 1421 721 1501 Ἀριστοτέλης
744 1423 820 1497 (εἰ
848 1423 911 1491 δὴ
951 1422 1009 1480 τὸ
1039 1420 1173 1500 Περὶ
1191 1421 1446 1497 εὐγενείας
1476 1421 1673 1498 βιὸλίον

126 1510 172 1564 ἐν
189 1509 289 1571 τοῖς
310 1506 549 1583 γνησίοις
571 1507 951 1587 Ἀριστοτέλους
974 1509 1176 1586 θετέον)
1197 1509 1458 1585 ἱστοροῦσι
1477 1507 1674 1587 Μυρτὼ

125 1595 427 1672 θυγατριδῆν
447 1593 766 1673 Ἀριστείδου
787 1592 1056 1674 Σωκράτει
1075 1598 1150 1673 τῷ
1175 1597 1320 1674 σοφῷ
1342 1599 1672 1667 συνοικῆσαι,

127 1687 333 1753 γυναῖκα
369 1678 470 1756 μὲν
496 1679 679 1759 ἑτέραν
707 1680 906 1760 ἔχοντι,
935 1679 1129 1752 ταύτην
1155 1678 1200 1738 δ’
1228 1679 1542 1739 ἀναλαὸόντι
1570 1703 1670 1758 χη-

128 1765 367 1842 ρεύουσαν
407 1766 500 1824 διὰ
529 1766 712 1826 πενίαν
748 1767 838 1825 καὶ
882 1771 983 1825 τῶν
1027 1767 1323 1845 ἀναγκαίων
1352 1767 1673 1844 ἐνδεομένην.

131 1852 259 1928 Πρὸς
286 1850 381 1928 μὲν
406 1843 497 1910 οὖν
521 1852 735 1920 τούτους
762 1857 951 1921 ἱκανῶς
975 1857 1003 1912 6
1027 1854 1307 1920 Παναίτιος
1337 1856 1392 1913 ἒν
1424 1858 1528 1921 τοῖς
1554 1855 1674 1935 περὶ

131 1941 430 2019 Σωκράτους
456 1939 778 2021 ἀντείρηκεν.

863 2046 959 2104 3ο.

205 2154 495 2211 Athenaeus
525 2157 703 2223 XIII,
729 2175 787 2229 p.
832 2155 944 2212 555
963 2199 979 2229 .‚
1004 2159 1055 2212 D
1090 2176 1103 2210 :
1144 2153 1241 2214 Ἐκ
1267 2152 1460 2211 τούτων
1486 2143 1573 2211 οὗν
1601 2177 1678 2221 τις

1844 621 1866 644 σι
1897 597 2244 652 Monendum
2259 607 2338 652 est
2350 598 2677 653 Athenaeum
2692 617 2788 653 sua
2805 618 2834 653 e
2852 598 3150 655 Plutarcho
3173 603 3315 655 haii-

1763 685 1889 739 sisse
1903 726 1918 752 ‚
1941 703 2109 757 quem
2129 702 2536 757 nonnunquam
2557 704 2850 758 suppresso
2866 688 3094 742 nomine
3108 680 3339 741 descri·“

1763 770 1874 838 bit,
1895 771 2051 842 cujus
2076 774 2155 827 rei
2175 773 2283 826 hoe
2313 788 2545 843 quoque
2574 773 2703 825 loco
2722 772 2994 827 habemus
3020 774 3286 829 indicium
3303 820 3315 839 ‚

1765 857 1922 928 quod
1960 856 2032 910 de
2072 877 2133 912 re
2166 860 2345 912 aliena
2383 859 2717 914 Plutarchus
2758 859 2795 915 l.
2840 878 2888 914 c.
2930 861 3313 915 Callisthenem

1766 943 1870 1015 (fr.
1910 942 2010 1016 16)
2044 944 2259 1012 laudat;
2287 944 2443 1016 cujus
2464 964 2673 999 nomen
2701 946 2997 1001 Athenaeus
3024 965 3054 1001 e
3083 949 3315 1019 propin-

1764 1048 1878 1102 quo
1900 1032 2140 1103 arripuit
2153 1073 2170 1101 ,
2192 1042 2396 1087 etcum
2416 1034 2703 1088 Demetrio
2722 1034 2990 1089 Phalereo
3011 1035 3316 1111 ceterisqug¹

1763 1116 2075 1188 conjunxit.
2113 1142 2138 1167 υ
2157 1121 2383 1175 Manna.
2406 1120 2582 1175 —Cf.
2613 1122 2778 1193 Diog.
2802 1123 2868 1175 L.
2890 1122 2943 1175 11
2959 1162 2974 1187 ,
3003 1121 3076 1175 26
3098 1132 3151 1175 et
3174 1123 3317 1175 Por-

1761 1205 1929 1276 phyr.
1961 1205 1999 1258 l.
2034 1207 2068 1260 1.
2114 1207 2397 1279 Diogenes
2446 1208 2635 1278 Myrto
2681 1206 2850 1261 filiam
2893 1206 3150 1261 Aristidis
3176 1209 3313 1261 Justi

1764 1289 1929 1364 dicit,
1966 1293 2068 1346 nisi
2097 1293 2244 1346 forte
2282 1292 2487 1347 menda
2531 1304 2611 1347 est
2652 1294 3032 1350 librariorum.
3077 1296 3313 1350 Omnem

1761 1374 1911 1432 hunc
1959 1379 2147 1432 locum
2193 1380 2478 1434 uberrime
2525 1389 2727 1434 tractat
2764 1382 3033 1437 Lucazius
3064 1383 3126 1435 iu
3161 1382 3311 1436 libro

1761 1465 1846 1518 De
1877 1464 2120 1539 bigamia
2146 1466 2388 1522 Socratis
2408 1485 2468 1539 p.
2499 1464 2568 1530 54
2595 1485 2717 1540 sqq.
3198 1452 3206 1460 ⁶

2456 1594 2548 1651 31.

1840 1724 2038 1779 Enseb.
2082 1726 2171 1780 Pr.
2206 1727 2306 1780 Ev.
2352 1727 2472 1798 XI,
2510 1725 2579 1793 3,
2614 1744 2682 1779 ex
2711 1726 2997 1781 Aristoclis
3032 1745 3204 1809 opere
3242 1728 3315 1780 de

1761 1812 1962 1884 philos.
1988 1813 2271 1867 Platonica
2299 1831 2313 1866 τ
2336 1814 2451 1867 Nisi
2481 1812 2690 1881 divina,
2723 1815 2820 1882 ait,
2842 1815 2999 1886 prius
3025 1824 3315 1886 perspecta

1762 1907 1818 1951 et
1849 1899 2073 1971 cognita
2112 1899 2440 1965 habeamus,
2470 1898 2766 1971 praevideri
2811 1917 2843 1953 a
2882 1900 3049 1953 nobis
3075 1901 3314 1954 humana

1763 2001 1880 2038 non
1903 1996 2154 2057 possunt.
2182 1983 2333 2053 Φησὶ
2357 1984 2402 2040 δ’
2433 1980 2776 2060 Ἀριστόξενος
2798 1986 2825 2039 6
2867 1984 3108 2059 μουσικὸς
3135 1983 3313 2043 Ἰνδῶν

1763 2058 1894 2124 εἶναι
1919 2067 2005 2126 τὸν
2031 2069 2182 2146 λόγον
2211 2075 2389 2127 τοῦτον
2407 2093 2421 2107 ·
2448 2069 2688 2141 Ἀθήνησι
2712 2068 2811 2148 γὰρ
2832 2073 3062 2149 ἐντυχεῖν
3090 2072 3313 2148 Σωκρά-

1764 2177 1839 2213 τει
1865 2159 1967 2213 τῶν
1992 2158 2190 2235 ἀνδρῶν
2212 2155 2421 2215 ἐκείνων
2462 2158 2552 2215 ἕνα
2583 2158 2729 2233 τινὰ,
2750 2157 2973 2216 κᾶπειτα
3000 2161 3155 2216 αὐτοῦ
3184 2182 3311 2216 πυν-

142 2237 422 2315 δρμώμενος
438 2239 698 2319 μέμψαιτ’
717 2241 780 2298 ἂν
798 2240 916 2307 τοὺς
933 2242 1282 2321 περιτιθέντας
1300 2243 1571 2321 Σωκράτει
1586 2243 1677 2301 δύο
1764 2240 2006 2300 θάνεσθαι
2024 2289 2038 2315 ,
2071 2243 2122 2300 τί
2166 2247 2328 2301 ποιῶν
2375 2244 2676 2324 φιλοσοφοίη
2694 2267 2707 2281 ·
2744 2250 2833 2303 τοῦ
2864 2246 2907 2302 δ’
2952 2245 3208 2317 εἰπόντος,
3235 2246 3316 2304 ὅτι

136 2325 349 2400 γαμετὰς
396 2328 678 2401 γυναῖκας,
729 2328 1043 2399 Ξανθίππην
1092 2329 1181 2387 καὶ
1225 2328 1319 2399 τὴν
1361 2328 1673 2409 Ἀριστείδου
1713 2370 1721 2417 ¹
1761 2332 1929 2397 ζητῶν
1952 2330 2070 2408 περὶ
2093 2335 2183 2388 τοῦ
2210 2330 2530 2409 ἀνθρωπίνου
2552 2329 2693 2409 βίου,
2720 2321 3080 2409 καταγελάσαι
3100 2334 3187 2390 τὸν
3213 2332 3314 2391 Ἰν-

141 2411 347 2492 Μυρτὼ,
376 2416 434 2471 οὗ
465 2420 561 2473 τοῦ
594 2414 809 2474 Δικαίου
843 2415 1164 2491 καλουμένου
1188 2418 1262 2489 (οἳ
1288 2413 1390 2492 γὰρ
1412 2415 1589 2494 χρόνοι
1616 2417 1674 2473 οὗ
1714 2420 1720 2450 ¹
1762 2413 1874 2487 δὸν,
1907 2414 2125 2492 λε’γοντα
2155 2414 2229 2493 μὴ
2261 2416 2510 2476 δύνασθαί
2531 2440 2646 2476 τινα
2669 2416 2735 2474 τὰ
2762 2420 3056 2496 ἀνθρώπινα
3086 2420 3312 2478 κατιδεῖν

141 2507 474 2579 συγχωροῦσιν
493 2504 513 2579 )
531 2547 548 2573 ,
579 2501 717 2559 ἀλλὰ
754 2507 843 2560 τοῦ
883 2502 1056 2581 τρίτου
1098 2503 1188 2560 ἀπ’
1213 2502 1434 2561 ἐκείνου·
1475 2503 1576 2561 εἶσὶ
1620 2502 1673 2561 δὲ

143 2586 507 2661 Καλλισθένης,
531 2588 832 2669 Δημήτριος
859 2592 887 2647 6
914 2588 1218 2668 Φαληρεὺς,
1249 2588 1482 2671 Σάτυρος
1508 2594 1536 2647 6
1567 2593 1674 2650 Πε-

146 2675 473 2748 ριπατητικὸς,
490 2674 852 2752 Ἀριστόξενος·
870 2668 943 2742 οἶς
957 2676 1015 2735 τὸ
1035 2676 1300 2753 ἐνδόσιμον
1321 2676 1675 2755 Ἀριστοτέλης

146 2757 344 2832 ἔδωκεν,
373 2764 602 2840 ἱστορῶν
633 2770 782 2823 τοῦτο
820 2767 873 2821 ἐν
901 2767 976 2842 τῷ
1027 2765 1157 2846 Περὶ
1189 2763 1471 2841 εὐγενείας·
1504 2766 1549 2822 εἰ
1594 2762 1668 2840 μὴ

148 2843 236 2924 ἄρα
253 2848 715 2928 συγκεχωρημένον
739 2853 875 2909 κατὰ
894 2850 1141 2932 ψήφισμα
1165 2857 1314 2910 τοῦτο
1335 2851 1537 2929 ἐγένετο
1558 2851 1674 2910 τότε

147 2929 219 2986 διὰ
258 2934 435 2992 σπάνιν
468 2934 784 3013 ἀνθρώπων,
811 2934 934 2994 ὥστ’
959 2937 1142 3003 ἐξεῖναι
1173 2935 1265 2994 καὶ
1296 2935 1387 2994 δύο
1413 2935 1550 3015 ἔχειν
1576 2961 1672 3014 γυ-

149 3018 305 3085 ναῖκας
341 3019 426 3078 τὸν
469 3022 814 3100 βουλόμενον·
860 3021 971 3081 ὅθεν
995 3023 1084 3080 καὶ
1125 3020 1240 3089 τοὺς
1278 3026 1370 3093 τῆς
1395 3023 1672 3102 κωμῳδίας

149 3104 341 3175 ποιητὰς
367 3108 741 3179 ἀποσιωπῆσαι
776 3113 954 3181 τοῦτο,
979 3110 1230 3177 πολλάκις
1251 3115 1340 3168 τοῦ
1365 3109 1673 3187 Σωκράτους

154 3190 565 3267 μνημονεύοντας·
610 3194 861 3273 παρέθετο
887 3196 940 3254 δὲ
969 3196 1088 3276 περὶ
1126 3201 1228 3255 τῶν
1270 3200 1526 3273 γυναικῶν
1569 3197 1672 3278 ψή·

151 3294 294 3352 φισμα
331 3278 639 3358 Ἱερώνυμος
668 3285 696 3338 6
726 3279 949 3348 Ῥόδιος·
987 3284 1194 3340 ἀντεῖπε
1233 3282 1288 3340 δὲ
1328 3284 1434 3349 τοῖς
1467 3282 1674 3358 λέγουσι

153 3364 367 3442 περὶτῶν
392 3369 709 3448 Σωκράτους
733 3372 989 3447 γυναικῶν
1017 3370 1299 3438 Παναίτιος
1325 3374 1354 3428 6
1378 3369 1591 3437 Ῥόδιος.

154 3529 222 3578 sed
246 3531 331 3582 hoc
353 3536 532 3586 affectu
551 3548 837 3586 succensum
855 3536 1042 3586 nullum
1069 3536 1264 3586 omnino
1289 3550 1501 3586 servasse
1519 3537 1663 3587 deco-

159 3618 241 3655 rem
256 3645 271 3669 ,
295 3624 376 3659 nec
393 3612 454 3661 ab
480 3613 584 3661 ulla
601 3614 707 3661 tum
727 3626 846 3663 voce
864 3614 941 3663 vel
963 3614 1089 3662 sacto
1112 3613 1408 3662 abstinuisse.

209 3688 256 3734 in
274 3689 448 3751 reliqua
472 3692 610 3741 omni
629 3691 726 3740 vita
756 3704 869 3740 eum
899 3692 1021 3753 frugi
1045 3691 1186 3741 tuisse
1211 3704 1302 3740 nec
1328 3704 1500 3753 magno
1527 3705 1672 3753 appa·

160 3764 249 3811 ratu
270 3765 314 3814 in
336 3767 457 3818 diem
491 3769 695 3828 vixisse;
732 3769 781 3818 in
817 3769 958 3817 rebus
982 3773 1144 3819 autem
1175 3771 1388 3818 venereis
1420 3770 1664 3819 vehemen-

160 3838 304 3890 tiorem
324 3844 511 3905 quidem
540 3846 685 3895 fuisse
703 3882 718 3906 ,
749 3845 1030 3894 abstinuisse
1055 3848 1218 3895 tamen
1242 3845 1304 3894 ab
1321 3846 1451 3895 omni
1471 3847 1642 3908 injuria
1659 3883 1675 3908 ,

160 3917 268 3975 quod
285 3921 354 3969 vel
380 3924 611 3973 uxoribus
633 3923 707 3972 vel
728 3923 993 3985 prostitutis
1009 3925 1199 3972 tantum
1226 3925 1458 3973 uteretur.

855 4013 942 4064 29.

212 4100 458 4151 Demetrius
489 4103 746 4151 Phalereus
762 4138 775 4162 ,
810 4102 1127 4164 Hieronymus
1164 4102 1375 4152 Rhodius
1389 4139 1403 4164 ,
1439 4102 1674 4152 Aristoxe-

165 4183 239 4221 nus
255 4179 449 4228 musicus
465 4183 513 4229 et
533 4178 807 4230 Aristoteles
830 4180 885 4239 (si
901 4179 1045 4229 modo
1063 4180 1183 4229 liber
1202 4184 1271 4229 De
1291 4180 1538 4229 nobilitate
1555 4180 1677 4228 inter

164 4261 382 4308 &manos
402 4258 472 4305 est
490 4254 754 4306 Aristotelis
772 4255 919 4304 libros
937 4256 1280 4316 recensendus)
1303 4258 1461 4317 myrto
1479 4255 1676 4304 tradunt

168 4326 353 4378 Aristidis
366 4343 424 4378 ex
441 4331 536 4381 iilia
555 4331 736 4394 neptim
755 4345 785 4379 a
799 4334 1000 4381 Socrate
1030 4332 1113 4381 ilio
1140 4332 1349 4394 sapiente
1367 4332 1565 4380 domum
1590 4344 1673 4379 ac-

168 4407 351 4465 ceptam
367 4406 581 4459 habuisse
604 4408 800 4471 quidem
820 4408 956 4458 illum
973 4409 1118 4458 aliam
1136 4422 1358 4466 uxorem,
1377 4422 1545 4457 verum
1564 4422 1676 4457 eum

169 4478 271 4529 lianc
285 4483 343 4533 ob
367 4486 567 4548 inopiam
596 4487 793 4536 viduam
814 4491 864 4537 et
885 4488 1102 4538 omnium
1130 4501 1290 4536 rerum
1323 4501 1517 4550 egenam
1542 4500 1676 4538 rece-

172 4558 286 4617 l‘ffsse.
311 4566 519 4615 ceterum
541 4566 713 4616 refellit
739 4567 842 4617 baec
863 4566 1054 4617 abunde
1081 4567 1318 4617 Panaetius
1334 4567 1386 4616 in
1408 4566 1538 4615 tibris
1555 4578 1678 4628 quos

171 4635 221 4683 de
241 4642 413 4692 socrate
437 4646 632 4710 scripsit.

123 4798 130 4807 “
226 4803 298 4853 ΗΒ
308 4810 457 4867 positis
469 4826 560 4862 non
575 4813 744 4874 injuria
755 4813 991 4875 quispiam
1004 4815 1170 4875 arguat
1182 4826 1264 4863 eos
1277 4814 1360 4874 qui
1373 4825 1549 4861 uxores
1557 4812 1678 4860 duas

176 4877 385 4932 &statem
419 4886 634 4938 babuisse
668 4888 1005 4951 prodiderunt,
1039 4887 1340 4950 Xanthippen
1371 4887 1598 4936 nimirum
1628 4889 1678 4936 et

177 4951 331 5018 Uim),
349 4961 575 5025 Aristidis,
602 4977 698 5017 non
724 4968 1038 5026 cognomento
1060 4964 1185 5013 Justi
1213 4964 1360 5013 tiliam
1383 4966 1678 5026 (repugnant

1762 2500 2046 2577 ἀγνοοῦντά
2068 2526 2126 2580 γε
2150 2503 2216 2561 τὰ
2244 2504 2376 2566 θεῖα.

2462 2627 2528 2683 31
2563 2647 2612 2684 a.

1838 2763 2024 2821 Schol.
2068 2765 2125 2818 in
2164 2765 2382 2823 Platon.
2425 2766 2671 2839 Apolog.
2700 2783 2759 2838 p.
2796 2764 2908 2819 330
2955 2765 3051 2826 ed.
3092 2765 3306 2822 Belum

1760 2839 1925 2913 Οἷτος
1953 2851 1980 2905 6
2006 2845 2215 2914 Ἄνυτος
2240 2848 2571 2925 Ἀνθεμίωνος
2604 2841 2667 2922 ἦν
2698 2850 2829 2921 υἱὸς,
2858 2849 3117 2921 Ἀθηναῖος
3135 2850 3276 2925 γένος
3295 2897 3311 2926 ,

1761 2934 2091 2995 Ἀλκιὸιάδου
2121 2936 2371 3014 ἐραστὴς,
2402 2936 2645 3003 πλούσιος
2683 2936 2734 3004 ἐξ
2773 2938 3174 3016 βυρσοδεψικῆς·
3199 2935 3312 2994 ὅθεν

1758 3022 1849 3080 καὶ
1873 3024 2240 3099 σκωπτόμενος
2263 3024 2365 3082 ὑπὸ
2396 3024 2709 3102 Σωκράτους
2736 3024 2821 3081 διὰ
2854 3029 3003 3082 τοῦτο
3010 3068 3109 3083 .....
3137 3023 3311 3082 ἔπεισε

1759 3114 1929 3189 μισθῷ
1960 3110 2203 3182 Μέλητον
2230 3110 2468 3178 ἀσεὸείας
2493 3110 2699 3191 γραφὴν
2720 3114 2893 3170 δοῦναι
2920 3111 3055 3169 κατὰ
3092 3113 3311 3191 Σωκρά-

1756 3220 1889 3263 τους.
1933 3197 2215 3274 Μέμνηται
2256 3197 2456 3265 Λυσίας
2483 3201 2535 3257 ἐν
2566 3199 2877 3278 Σωκράτους
2919 3197 3175 3278 ἀπολογίᾳ
3216 3200 3305 3257 καὶ

1759 3286 2006 3363 Ξενοφῶν
2055 3285 2243 3362 ὁμοίως
2310 3284 2399 3343 καὶ
2461 3284 2801 3365 Ἀριστόξενος
2854 3288 2907 3343 ἐν
2959 3289 3034 3362 τῷ
3094 3286 3309 3371 Σωκρά-

1758 3393 1877 3437 τους
1916 3372 2032 3451 βίῳ.

1764 3538 1896 3587 dedit
1920 3539 2221 3600 Aristoteles,
2251 3541 2334 3602 qui
2354 3539 2477 3587 libro
2507 3543 2575 3589 De
2596 3538 2845 3589 nobilitate
2868 3539 3016 3587 literis
3041 3539 3088 3587 id
3119 3538 3315 3587 manda·

1761 3618 1831 3666 vit
1850 3638 1861 3666 :
1883 3618 1972 3666 nisi
1995 3619 2190 3666 fortasse
2216 3617 2460 3680 plebiscito
2475 3618 2615 3666 fuerit
2633 3619 2736 3666 tum
2751 3630 3028 3665 concessum
3045 3616 3109 3665 ob
3131 3616 3308 3665 civium

1769 3697 2014 3745 raritatem
2037 3732 2051 3755 ,
2068 3695 2339 3744 volentibus
2353 3708 2529 3744 uxores
2551 3695 2726 3745 habere
2756 3694 2876 3744 duas
2895 3699 2950 3743 ut
2968 3694 3130 3743 liceret
3147 3710 3161 3753 ;
3180 3693 3313 3742 ideo·

1761 3788 1857 3836 que
1881 3775 2252 3837 praetermissum
2286 3774 2333 3823 id
2366 3788 2396 3823 a
2427 3774 2625 3824 comicis
2658 3774 2799 3822 fuisse
2819 3812 2832 3833 ,
2868 3773 3086 3835 quamvis
3108 3775 3315 3823 Socratis

1761 3853 1929 3902 crebro
1946 3850 2263 3904 meminerint.
2284 3858 2356 3904 De
2386 3854 2616 3903 uxoribus
2644 3854 2959 3915 Hieronymus
2976 3852 3185 3900 Rhodius
3203 3853 3307 3914 ple·

1764 3930 1984 3981 biscitum
2019 3932 2251 3994 ascripsit.
2294 3933 2358 3982 lis
2405 3933 2488 3995 qui
2519 3932 2580 3981 de
2615 3931 2801 3980 duabus
2836 3932 3045 3980 Socratis
3082 3930 3313 3979 uxoribus

1761 4010 2078 4071 scripserunt,
2099 4010 2388 4060 contradixit
2406 4010 2642 4059 Panaetius
2660 4009 2891 4059 Rhodius.

1824 4180 1957 4226 Hanc
1975 4179 2199 4227 indorum
2223 4192 2325 4228 esse
2340 4179 2574 4228 rationem
2605 4179 2911 4228 Aristoxenus
2934 4176 3145 4224 musicus
3162 4177 3307 4224 testa-

1761 4256 1856 4302 tur.
1879 4255 2066 4316 Quippe
2094 4268 2247 4303 unum
2271 4268 2333 4304 ex
2355 4268 2413 4303 ea
2436 4255 2629 4304 natione
2645 4254 2853 4315 aliquem
2886 4252 3080 4302 Athenis
3100 4264 3310 4313 congres-

1762 4344 1867 4379 sum
1899 4344 2003 4379 esse
2022 4345 2135 4380 cum
2159 4334 2381 4393 Socrate,
2409 4344 2472 4380 ex
2496 4342 2652 4391 eoque
2673 4329 2965 4378 sciscitatum
2984 4364 2998 4387 ,
3022 4339 3229 4388 quanam
3262 4329 3309 4376 in

1761 4410 1946 4456 actione
1974 4407 2267 4469 philosophia
2298 4407 2400 4467 ejus
2438 4410 2724 4455 versaretur.
2754 4409 2864 4461 Quo
2901 4403 3309 4466 respondente,jn

1764 4484 1987 4532 humanae
2012 4484 2124 4532 vitoe
2152 4482 2416 4532 rationibus
2446 4481 2756 4544 exquirendis
2782 4494 2887 4530 eam
2922 4479 3145 4541 occupari
3172 4482 3309 4528 :tum

1763 4574 1880 4612 vero
1916 4562 2073 4612 risisse
2106 4562 2306 4621 indum,
2347 4574 2503 4623 quum
2546 4563 2733 4621 negaret
2776 4561 2985 4607 bumana
3019 4571 3309 4620 quemquam

1764 4639 2024 4701 praevidere
2046 4652 2205 4700 posse,
2224 4639 2309 4700 qui
2331 4638 2600 4687 divinorum
2624 4636 2914 4699 ignoratione
2937 4634 3187 4684 laboraret.

2463 4721 2521 4769 31
2558 4730 2607 4769 a.

1826 4806 2008 4865 Anytus
2030 4802 2108 4851 bic
2124 4800 2451 4852 Anthemionis
2472 4804 2571 4849 erat
2609 4800 2761 4858 filius,
2786 4811 2955 4859 genere
2988 4797 3282 4846 Atheniensis
3296 4834 3309 4855 ‚

1767 4880 2018 4931 Alcibiadis
2034 4879 2270 4938 amasiuS,
2293 4891 2354 4927 ex
2382 4877 2621 4926 ooriorum
2649 4876 2957 4925 fabricatione
2977 4873 3127 4921 dives.
3154 4877 3310 4931 Quam

1762 4959 1826 5006 ob
1845 4971 1946 5007 rem
1967 4969 2118 5018 quum
2137 4958 2354 5005 socrates
2374 4953 2602 5003 cavillans
2618 4953 2660 5001 ei
2682 4950 2924 5010 irrisisset,
2957 4949 3175 4998 mercede
3205 4951 3307 4997 Me-

178 5028 284 5079 fflim
306 5037 502 5099 tempora
522 5040 660 5101 )‚sed
690 5040 792 5102 ejus
810 5042 896 5103 qui
929 5041 992 5091 ab
1021 5040 1124 5102 ipso
1143 5040 1313 5090 tertius
1334 5044 1420 5090 est.
1447 5042 1678 5089 Auctores
1765 5036 1913 5084 letum
1950 5032 2184 5093 adduxit,
2224 5036 2279 5081 ut
2313 5030 2569 5092 impietatis
2590 5029 2827 5078 actionem
2860 5028 3025 5074 contra
3061 5027 3308 5075 Socratem

181 5104 267 5163 eius
296 5112 356 5159 rei
382 5119 484 5165 sunt
505 5117 844 5178 Callisthenes,
877 5116 1145 5166 Demetrius
1172 5117 1458 5175 Phalereus,
1479 5119 1677 5177 Satyrus
1766 5112 2051 5162 institueret.
2082 5109 2300 5159 Meminit
2342 5107 2484 5168 hujus
2520 5107 2684 5168 Lysias
2720 5105 2769 5153 in
2807 5102 3016 5153 Socratis
3056 5102 3301 5162 Apologia,

183 5181 491 5254 Peripateticus,
511 5192 843 5243 Aristoxenus:
863 5193 1039 5256 quibus
1053 5193 1110 5241 ad
1131 5193 1178 5242 id
1193 5193 1497 5242 scribendum
1512 5205 1675 5241 ansam
1762 5190 1900 5239 siculi
1921 5189 2065 5238 etiam
2086 5187 2347 5249 Xenophon
2361 5223 2376 5248 ,
2398 5190 2445 5235 et
2466 5185 2513 5234 in
2533 5187 2645 5233 Vita
2663 5181 2871 5233 Socratis
2890 5180 3214 5230 Aristoxenus.
