3900 6042
462 396 473 405 ’
523 420 670 461 xxiv

519 532 721 588 δεῖπνον
743 528 828 587 τὸν
850 527 1163 607 Σερτώριον,
1186 527 1275 587 καὶ
1294 530 1409 595 τοὺς
1422 529 1721 610 συνίστορας
1740 532 2076 612 συμπαρέλα-

520 618 608 675 6εν
632 620 718 676 ἐπὶ
746 616 841 687 τὴν
871 616 1122 675 ἑστίασιν.
1213 617 1648 686 Καταντήσαντος
1674 619 1728 676 δὲ
1752 625 1839 676 τοῦ
1863 622 2070 699 Σερτω-

519 706 628 783 ρίου
648 750 665 779 ,
690 704 780 762 καὶ
808 707 909 761 τῶν
938 704 1414 782 κοινοπραγούντων
1443 706 1869 780 συνεπιθεμένων,
1896 711 1924 763 6
1948 710 2072 786 Σερ·

515 793 697 870 τώριος
725 790 1014 856 ἀνακλιθεὶς
1046 789 1304 867 ἆναμέσον
1337 790 1628 869 Ταρκυνίου
1658 792 1747 850 καὶ
1777 791 2067 872 Ἀντωνίου,

516 878 618 934 ὑπὸ
641 876 835 936 τούτων
854 876 1082 955 ἐσφάγη.

594 966 866 1025 ΧΧΧΙΙΙ.
906 963 1035 1024 “Oti
1057 967 1085 1022 6
1112 962 1434 1042 Μιθριδάτης
1457 962 1509 1032 ἐξ
1532 963 1811 1035 ἐπιδουλῆς
1829 966 1954 1045 παρ’
1971 966 2071 1024 ὀλί-

495 1074 603 1125 ·γον
639 1051 986 1110 ἐκινδύνευσεν
1028 1051 1317 1129 ὖποχείριος
1344 1049 1580 1128 γενέσθαι
1607 1053 1711 1117 τοῖς
1743 1056 2066 1127 Κυζικηνοῖς.
2097 1103 2106 1111 ,

515 1138 997 1218 Συναγωνιζόμενος
1025 1137 1123 1217 γάρ
1143 1160 1218 1204 τις
1246 1139 1299 1194 ἐν
1319 1146 1432 1204 ταῖς
1461 1138 1789 1214 μεταλλείαις
1805 1140 2070 1215 Ῥωμαῖος
2095 1158 2102 1167 ·

513 1227 899 1306 ἑκατοντάρχης
927 1224 1212 1282 ἐπεὸάλετο
1239 1228 1391 1283 τοῦτο
1412 1224 1641 1283 τελέσαι.
1725 1225 1826 1285 Διὰ
1854 1226 1956 1307 γὰρ
1977 1227 2069 1294 τὰς

512 1319 637 1393 παρ’
649 1313 955 1390 ἀμφοτέροις
974 1311 1283 1388 μεταλλείας
1298 1315 1523 1389 συνεχῶς
1536 1311 1818 1390 γινομένων
1840 1317 2069 1390 συμπλο-

511 1404 617 1458 κῶν
647 1400 737 1458 καὶ
773 1400 1060 1475 συλλόγων,
1088 1401 1161 1464 εἷς
1186 1402 1374 1474 γνῶσιν
1397 1392 1522 1469 ἦλθε
1557 1401 1661 1464 τοῖς
1692 1404 1781 1455 τοῦ
1814 1399 2069 1477 βασιλέως

511 1488 597 1545 διὰ
635 1488 727 1554 τὰς
755 1488 986 1566 συνεχεῖς
1024 1485 1153 1564 πρὸς
1197 1484 1381 1552 αὐτοὺς
1419 1484 1643 1562 ὁμιλίας.
1726 1486 1989 1553 Μονωθεὶς
2013 1486 2068 1544 δέ

509 1599 634 1633 ποτε
654 1574 789 1633 κατὰ
816 1574 911 1645 τὴν
935 1577 986 1633 ἐν
1014 1575 1119 1640 τοῖς
1148 1571 1408 1652 ὀρύγμασι
1432 1572 1669 1654 φυλακὴν
1692 1574 1781 1632 καὶ
1805 1574 1909 1632 ὑπό
1933 1597 2068 1641 τινος

507 1667 609 1721 τῶν
640 1660 1050 1721 ἐπιστατούντων
1085 1663 1139 1719 ἐν
1175 1665 1281 1727 τοῖς
1307 1659 1472 1737 ἔργοις
1508 1660 1907 1739 καταπειραθεὶς
1944 1662 2066 1742 περὶ

508 1748 820 1827 προδοσίας,
866 1746 1215 1827 προσεδέξατο
1256 1748 1372 1814 τοὺς
1398 1748 1578 1824 λόγους
1621 1753 2059 1825 προσποιητικῶς.

508 1838 727 1917 Ἄπενεχ
728 1837 894 1902 θέντος
912 1834 967 1893 δὲ
983 1841 1074 1893 τοῦ
1093 1835 1401 1913 πράγματος
1419 1836 1547 1913 πρὸς
1558 1834 1644 1892 τὸν
1664 1836 1904 1913 βασιλέα,
1926 1839 2065 1894 ἐκεῖ·

505 1946 586 1990 νος
602 1922 697 1995 μὲν
726 1926 988 1999 ἐπιθυμῶν
1013 1927 1280 1999 κυριεῦσαι
1307 1925 1400 1993 τῆς
1420 1920 1642 1996 πόλεως,
1664 1920 1869 2001 ’δωρεὰς
1891 1925 2061 2001 ἐπηγ-

504 2010 750 2088 γείλατο,
778 2011 867 2068 καὶ
906 2008 1143 2068 συνέθετο
1173 2008 1371 2085 καιρὸν,
1396 2010 1450 2065 ἐν
1476 1997 1522 2088 ᾧ
1562 2008 1649 2066 τὸν
1677 2008 1926 2086 σύλλογον
1961 2011 2063 2069 ἔδει

504 2098 761 2175 γενέσθαι.
843 2100 954 2177 Τοῦ
998 2096 1052 2153 δὲ
1086 2095 1359 2168 Ῥωμαίου
1391 2095 1591 2161 πίστεις
1608 2098 1710 2153 τῶν
1738 2098 2061 2173 ἐπαγγελιῶν

505 2190 797 2262 ζητοῦντος,
819 2184 1073 2243 ἀπέλυσεν
1099 2189 1128 2241 6
1154 2181 1395 2261 βασιλεὺς
1409 2182 1523 2248 τοὺς
1542 2182 1673 2262 ὑπὲρ
1697 2186 1856 2242 αὐτοῦ
1878 2189 2062 2256 συνθη-

504 2272 772 2349 σομένους.
859 2271 929 2332 Ὅ
967 2273 1021 2329 δὲ
1072 2273 1164 2329 οὐκ
1197 2269 1385 2349 ἔφησεν
1422 2270 1485 2351 (1)
1526 2270 1695 2336 ἄλλως
1740 2269 2056 2341 πιστεύσειν,

479 2358 593 2417 ·ε’ὰν
614 2358 689 2435 μὴ
712 2358 858 2439 παρὰ
894 2364 983 2416 τοῦ
1021 2356 1274 2435 βασιλέως
1303 2355 1441 2433 λάὸῃ
1482 2356 1597 2423 τοὺς
1624 2358 1823 2437 ὅρκους.
1908 2356 1978 2417 ‘O
2006 2357 2059 2415 δὲ

486 2442 601 2526 ὀὐχ
630 2448 810 2523 ἡγεῖτο
836 2447 1113 2525 βασιλικῆς
1141 2441 1287 2511 ἀξίας
1323 2448 1509 2502 οἰκεῖον
1547 2435 1677 2501 εἶναι
1701 2444 2052 2521 συγκαταόαί·

499 2559 602 2593 νειν
624 2538 693 2602 εἰς
709 2534 774 2591 τὰ
799 2532 1091 2612 ὀρύγματα.
1180 2532 1334 2592 Ἐπεὶ
1355 2531 1411 2590 δὲ
1438 2537 1465 2589 6
1484 2533 1740 2613 προδότης
1758 2535 1851 2590 οὒκ
1871 2531 2058 2612 ἔφησεν

501 2622 672 2687 ἄλλως
734 2624 1115 2691 ὑπακούεσθαι,
1164 2623 1196 2690 ἡ
1260 2617 1313 2676 δὲ
1368 2618 1592 2684 ἐπίθεσις
1643 2624 1734 2676 τοῦ
1789 2625 2056 2697 κυριεῦσαι

497 2715 588 2779 τῆς
624 2707 823 2774 πόλεως
864 2712 1118 2786 συνεῖχεν,
1158 2706 1462 2784 ἠναγκάσθη
1514 2704 1928 2783 συγκαταθέσθαι
1956 2711 2060 2771 τοῖς

498 2796 813 2872 ἀξιουμένοις
859 2797 886 2851 6
916 2794 1257 2874 Μιθριδάτης.
1347 2794 1453 2852 Καὶ
1494 2793 1684 2864 συνὲὃη
1721 2791 1806 2851 τὸν
1837 2792 2057 2870 βασιλέα

496 2884 734 2961 γενέσθαι
774 2883 1094 2961 ὑποχείριον,
1127 2883 1172 2938 εἶ
1210 2879 1284 2955 μὴ
1324 2882 1428 2936 τῶν
1475 2880 1637 2958 φίλων
1675 2901 1751 2943 τις
1798 2878 2059 2956 εὐστόχως

496 2970 1057 3047 καταμαντευσάμενος
1085 2967 1177 3037 τὴν
1208 2963 1511 3035 ἐπιδουλὴν,
1535 2962 1889 3023 κατεσκεύασε
1930 2964 2057 3041 σύμ-

496 3079 687 3135 μετρον
732 3052 976 3133 μηχανὴν
1020 3050 1309 3128 δυναμένην
1352 3050 1505 3118 ὀξέως
1534 3049 1827 3126 ἀνοίγεσθαί
1863 3073 1919 3108 τε
1965 3052 2057 3110 καὶ

496 3143 781 3202 κλείεσθαι·
812 3140 903 3200 καὶ
940 3140 1134 3210 ταύτης
1174 3142 1244 3205 εἷς
1272 3140 1331 3197 τὸ
1366 3138 1570 3217 ὄρυγμα
1597 3137 1825 3209 τεθείσης
1851 3137 1942 3196 καὶ
1967 3144 2054 3197 τοῦ

498 3229 825 3310 Μιθριδάτου
861 3227 994 3303 μετὰ
1022 3231 1124 3285 τῶν
1153 3226 1314 3306 φίλων
1350 3224 1741 3301 συνεμίῗάντων,
1773 3228 1801 3282 6
1827 3227 2056 3283 ἑκατον-

495 3317 699 3397 τάρχης
720 3318 792 3395 (2)
815 3315 932 3381 τοὺς
961 3314 1242 3391 μέλλοντας
1268 3313 1380 3388 μεθ’
1408 3315 1592 3371 ἑαυτοῦ
1619 3315 1696 3392 τῷ
1724 3313 1929 3391 βασιλεῖ
1962 3312 2053 3380 τὰς

495 3413 675 3484 χεῖρας
697 3403 1005 3483 προσφέρειν
1033 3402 1096 3480 (a)
1121 3402 1228 3479 [εἷς
1251 3400 1342 3468 τὰς
1365 3408 1544 3479 χεῖρας
1563 3396 1585 3480 ]
1604 3398 1663 3457 τὸ
1683 3399 1820 3480 ξίφος
1843 3399 2056 3458 σπασά-

495 3516 650 3569 μενος
665 3491 910 3571 ὥρμησεν
932 3490 1019 3548 int
1039 3490 1125 3549 τὸν
1144 3488 1364 3568 βασιλέα
1378 3510 1391 3524 ·
1415 3492 1442 3545 6
1462 3488 1516 3546 δὲ
1540 3488 1738 3569 φθάσας
1760 3488 2053 3547 συνέκλεισε

492 3579 587 3650 τὴν
612 3580 792 3658 θύραν,
824 3577 915 3636 καὶ
938 3578 1023 3636 τὸν
1054 3578 1284 3635 κίνδυνον
1313 3575 1571 3657 ἐξέφυγεν.
1944 3652 1952 3656 -

573 3671 841 3731 XXXIV.
881 3667 1011 3728 υΟτι
1032 3672 1132 3726 τῶν
1159 3667 1459 3746 Ἀντιοχέων
1478 3665 1609 3732 τινὲς
1626 3666 2053 3746 καταφρονήσαν-

494 3780 575 3823 τες
603 3755 867 3835 Ἀντιόχου
892 3761 982 3813 τοῦ
1011 3754 1268 3833 βασιλέως
1289 3754 1375 3812 διὰ
1401 3752 1493 3823 τὴν
1519 3745 1704 3827 ἧτταν,
1731 3753 1956 3811 οἷνέσειον
1983 3756 2051 3812 τὰ

492 3841 666 3915 πλήθη
688 3842 778 3900 καὶ
799 3842 1163 3900 συνεόούλευον
1188 3844 1246 3898 ἐκ
1262 3846 1353 3912 τῆς
1373 3841 1572 3906 πόλεως
1601 3840 2047 3916 μεταστήσασθαι.

494 3930 780 4006 Γενομένης
809 3930 862 3988 δὲ
894 3929 1126 3993 στάσεως
1149 3929 1382 4005 μεγάλης
1408 3929 1499 3986 καὶ
1525 3933 1613 3985 τοῦ
1652 3927 1905 4006 βασιλέως
1930 3931 2049 3987 ἐπι-

491 4016 865 4096 κρατήσαντος,
917 4020 964 4075 οἱ
1008 4015 1162 4075 αἴτιοι
1197 4022 1290 4087 τῆς
1326 4015 1556 4081 στάσεως
1585 4013 1888 4095 (ροὸηθέντες
1928 4015 2051 4096 ἔτρυ-

490 4130 578 4183 γον
618 4107 678 4164 ἐκ
704 4109 798 4174 τῆς
834 4103 1048 4184 Συρίας,
1098 4104 1189 4163 καὶ
1225 4103 1642 4173 καταντήσαντες
1685 4105 1756 4168 εἰς
1803 4105 2048 4163 Κιλικίαν

491 4192 807 4250 ἐπεὸάλοντο
850 4190 1098 4269 κατάγειν
1126 4190 1417 4260 Φίλιππον,
1455 4190 1508 4256 ὃς
1545 4180 1609 4262 ἦν
1650 4190 1756 4256 υἱὸς
1777 4189 2049 4248 Φιλίππου

489 4285 577 4338 τοῦ
599 4278 863 4358 γεγονότος
886 4278 938 4347 ἐξ
960 4277 1224 4358 Ἀντιόχου
1250 4282 1338 4336 τοῦ
1364 4280 1591 4357 Γρυποῦ.
1679 4276 2049 4336 ’Υπακούσαν-

489 4391 575 4433 τος
602 4366 656 4426 δὲ
695 4372 784 4425 τοῦ
826 4366 1102 4427 Φιλίππου
1130 4366 1223 4425 καὶ
1255 4365 1673 4435 καταντήσαντος
1696 4364 1819 4442 πρὸς
1849 4361 2049 4433 Ἄζιζον

488 4456 575 4513 τὸν
593 4451 650 4513 'A
659 4455 817 4533 ραὸα,
836 4454 1071 4530 ἀσμένως
1092 4459 1273 4512 τοῦτον
1293 4452 1700 4531 προσδεξάμενος
1716 4450 1773 4511 Ἄ
1783 4455 1935 4528 ζιζος,
1958 4452 2049 4511 καὶ

489 4542 709 4621 περιθεὶς
734 4541 967 4616 διάδημα
996 4541 1081 4599 ἐπὶ
1101 4540 1197 4610 τὴν
1224 4540 1494 4619 βασιλείαν
1513 4540 1828 4617 κατήγαγεν.
1845 4538 2049 4600 -”Οτι

493 4632 558 4706 (ι)
589 4626 682 4695 τὰς
723 4629 845 4695 ὅλας
883 4629 1095 4695 ἐλπίδας
1135 4628 1269 4707 ἔχων
1299 4630 1352 4686 ἐν
1391 4632 1458 4708 τῇ
1505 4633 1594 4686 τοῦ
1633 4627 2048 4707 Σαμψιγεράμου

1287 400 1385 460 ΕΚ
1429 403 1582 462 ΤΗΣ
1623 403 1987 465 ΙΣΤΟΡΙΑΣ
2023 407 2408 471 ΔΙΟΔΩΡΟΥ
2451 413 2936 476 ΣΙΚΕΛΙΩΤΟΥ.

2159 551 2249 596 est.
2272 551 2317 598 is
2346 549 2490 612 igitur
2507 551 2568 600 ad
2586 553 2862 602 convivium
2881 555 3021 603 vocat
3040 556 3306 606 Sertorium
3319 592 3336 619 ,
3352 557 3590 621 simulque
3605 574 3714 610 con·

2159 656 2282 707 scios
2302 658 2773 710 adcomessationem
2791 662 2998 712 adhibet.
3029 664 3119 713 Ubi
3155 664 3417 716 advenerat
3452 670 3713 730 Sertorius,

2159 767 2394 827 conjurati
2412 769 2555 818 simul
2573 771 2726 820 adorti
2752 784 2868 821 eum
2889 772 3013 822 inter
3035 775 3351 837 Tarquinhim
3367 780 3422 828 et
3456 778 3714 829 Antonium

2158 871 2525 922 decumbentem
2552 875 2849 925 confodiunt.

2220 977 2441 1026 xxxiii.
2477 981 2656 1027 Parum
2675 978 2829 1029 abfuit
2855 981 2972 1041 quin
3003 981 3306 1032 Mithridates
3345 983 3529 1034 insidiis
3544 989 3715 1047 captus

2159 1078 2208 1125 in
2256 1080 2602 1140 Cyzicenorum
2638 1083 2844 1132 venisset
2869 1086 3172 1144 potestatem.
3219 1089 3335 1134 Rem
3376 1101 3619 1149 aggressus
3646 1094 3716 1139 est

2157 1185 2376 1233 centurio
2403 1188 2673 1248 Romanus,
2692 1188 2775 1248 qui
2807 1189 2857 1236 in
2884 1190 3121 1239 cuniculis
3142 1191 3335 1252 agendis
3356 1206 3550 1255 operam
3573 1196 3712 1256 cyzi-

2156 1284 2285 1334 cenis
2305 1287 2579 1348 praestabat.
2614 1289 2806 1339 Scilicet
2845 1304 2996 1353 quum
3023 1292 3085 1340 ab
3121 1294 3338 1357 utrisque
3359 1297 3569 1345 cuniculi
3604 1310 3712 1360 age·

2158 1390 2324 1437 rentur
2342 1391 2391 1438 et
2415 1390 2629 1440 continui
2658 1395 2818 1442 essent
2847 1406 3127 1456 congressus
3147 1399 3198 1446 et
3225 1373 3496 1459 colloquia,
3530 1399 3713 1450 factum

2156 1493 2228 1540 est
2254 1494 2310 1540 ut
2339 1495 2584 1543 Romanus
2613 1494 2694 1545 ille
2714 1497 2858 1545 notus
2888 1496 3025 1547 tieret
3059 1500 3293 1550 militibus
3317 1501 3626 1557 Mithridatis.
3653 1505 3714 1551 Et

2156 1594 2398 1656 quondam
2417 1596 2534 1645 dum
2551 1599 2756 1647 sohxsad
2772 1599 3038 1649 emtodiam
3055 1601 3389 1651 cuniculorum
3410 1602 3609 1653 reliana
3624 1607 3713 1664 est,

2147 1694 2184 1745 'a
2225 1697 2547 1747 Mithridatico
2581 1697 2794 1761 quodam
2835 1699 3065 1762 operibus
3094 1703 3319 1763 prefecto
3349 1702 3412 1753 de
3445 1704 3714 1766 proditione

2153 1800 2485 1862 compellatur.
2511 1804 2754 1851 Romanus
2778 1801 3032 1853 admittere
3052 1817 3105 1853 se
3121 1806 3364 1867 proposita
3389 1803 3605 1857 simulat'.
3645 1813 3715 1860 Re

2153 1904 2216 1952 ad
2234 1918 2392 1967 regem
2410 1905 2570 1954 delata
2585 1943 2600 1968 ,
2617 1907 2657 1955 is
2677 1906 2920 1968 potiundae
2954 1906 3088 1957 urbis
3109 1909 3444 1972 cupidissimus
3459 1911 3588 1960 dona
3617 1913 3712 1974 pol·

2155 2007 2340 2069 licetur,
2366 2010 2648 2071 tempusque
2683 2009 2957 2071 constituit,
2994 2023 3092 2073 quo
3127 2012 3190 2060 ad
3216 2011 3513 2075 colloquium
3540 2028 3712 2065 conve-

2152 2109 2287 2160 niant
2299 2148 2314 2173 ,
2330 2115 2378 2161 et
2395 2115 2612 2162 Romano
2634 2112 2776 2161 iidem
2795 2113 3137 2176 promissorum
3156 2116 3426 2176 postulante
3438 2154 3452 2176 ,
3473 2117 3610 2167 misit
3630 2119 3713 2180 qui

2153 2215 2300 2277 ipsius
2319 2216 2423 2265 loco
2441 2216 2805 2280 paciscerentur.
2832 2220 2897 2268 At
2914 2219 3138 2268 centurio
3160 2219 3290 2268 haud
3326 2234 3379 2270 se
3401 2221 3544 2270 fidem
3571 2222 3714 2272 habi·

2150 2321 2314 2368 turum
2330 2333 2430 2370 esse
2442 2321 2632 2370 dicebat
2649 2323 2739 2371 nisi
2750 2322 2813 2371 ab
2832 2322 2933 2384 ipso
2953 2336 3061 2384 rege
3076 2323 3412 2386 jusjurandum
3430 2328 3711 2389 accepisset.

2150 2425 2250 2471 Rex
2278 2436 2392 2472 vero
2412 2424 2682 2474 :estimabat
2696 2425 2824 2475 haud
2843 2439 2948 2475 esse
2968 2426 3208 2489 dignitatis
3221 2428 3364 2490 regiae
3386 2430 3434 2477 in
3460 2431 3714 2481 cuniculos

2149 2528 2462 2589 descendam
2485 2533 2699 2580 attamen
2719 2533 2946 2594 quoniam
2979 2533 3193 2595 proditor
3223 2534 3341 2583 alias
3376 2534 3714 2598 obtunper-‹ire

2149 2632 2342 2682 nolebat
2359 2638 2408 2682 et
2427 2634 2670 2697 capiendae
2696 2635 2827 2685 urbis
2856 2636 3135 2685 stimulabat
3164 2636 3481 2699 desiderium,
3505 2643 3710 2690 coactns

2149 2736 2447 2786 Mithridates
2481 2738 2582 2799 est,
2606 2740 2662 2787 ut
2680 2740 2933 2801 postulatis
2952 2740 3343 2802 adstipularetur.
3376 2744 3474 2791 Nec
3487 2742 3592 2802 iam
3623 2744 3712 2792 du-

2149 2838 2282 2888 bium
2312 2842 2415 2890 erat
2449 2841 2567 2903 quin
2597 2842 2648 2890 in
2673 2854 2844 2892 manus
2875 2842 3091 2894 hostibus
3123 2857 3210 2905 rex
3236 2844 3470 2906 venisset,
3508 2846 3608 2895 nisi
3643 2862 3704 2896 ex

2147 2944 2313 2992 amicis
2330 2944 2525 3006 quidam
2547 2944 2738 2994 insidias
2758 2946 2953 2995 subesse
2967 2946 3165 2996 feliciter
3180 2947 3456 2997 divinasset.
3485 2952 3537 2998 Is
3563 2951 3712 3013 igitur

2142 3046 2285 3106 iustae
2312 3047 2653 3109 magnitudinis
2688 3049 2959 3097 machinam
2990 3051 3287 3111 construxit,
3311 3065 3424 3113 quae
3443 3066 3594 3115 quam
3633 3068 3712 3104 ce—

2146 3151 2339 3200 lerrime
2353 3155 2402 3201 et
2418 3151 2593 3212 aperiri
2610 3154 2660 3200 et
2686 3151 2845 3201 claudi
2868 3154 3073 3215 poterat.
3104 3156 3203 3203 Hac
3233 3154 3282 3203 in
3309 3157 3534 3205 cuniculo
3562 3159 3711 3207 collo·

2146 3259 2251 3306 cata
2265 3293 2281 3317 ,
2301 3256 2348 3305 in
2375 3270 2578 3318 eamque
2595 3256 2805 3319 ingresso
2833 3270 2945 3307 cum
2967 3259 3133 3307 amicis
3157 3259 3460 3322 Mithridate,
3482 3263 3709 3311 centurio

2143 3359 2347 3409 adduxit
2359 3360 2444 3423 qui
2464 3373 2560 3408 una
2578 3372 2744 3410 secum
2763 3374 2962 3410 manum
2982 3362 3079 3423 regi
3102 3362 3322 3424 injecturi
3340 3366 3495 3425 erant,
3514 3365 3708 3416 stricto·

2143 3482 2239 3531 que
2259 3470 2418 3532 gladio
2436 3470 2488 3518 in
2506 3470 2828 3520 Mithridatem
2848 3471 3005 3521 irruit.
3022 3473 3083 3521 At
3097 3474 3402 3522 antevertens
3424 3472 3504 3522 ille
3523 3473 3710 3523 claudit

2143 3573 2328 3633 portam
2348 3572 2709 3634 periculumque
2735 3570 2917 3633 effugit.

2203 3671 2423 3716 XXXIV.
2449 3667 2790 3716 Antiochenses
2805 3666 3001 3729 quidam
3017 3668 3308 3718 Antiochum
3329 3682 3487 3729 regem
3508 3675 3708 3733 propter

2141 3777 2325 3826 cladem
2347 3778 2593 3837 acceptam
2617 3778 3014 3837 contemnentes,
3034 3777 3396 3826 multitudinem
3426 3780 3708 3831 excitabant

2138 3890 2284 3950 atque
2303 3887 2420 3935 urbe
2442 3898 2599 3948 regem
2636 3885 2812 3948 pellere
2844 3885 3183 3935 moliebantur.
3221 3890 3407 3936 Verum
3437 3900 3589 3949 quum
3636 3890 3705 3938 in·

2138 4001 2356 4061 gentem,
2388 4010 2499 4058 quae
2544 3997 2817 4058 exarserat,
2854 3996 3138 4046 seditionem
3180 4011 3268 4047 rex
3303 3999 3705 4063 compescuisset,

2139 4110 2361 4156 auctores
2387 4107 2492 4168 ejus
2512 4106 2750 4168 perterriti
2776 4120 2804 4155 e
2827 4106 2963 4168 Syria
2988 4106 3306 4168 aufugerunt,
3334 4109 3385 4156 et
3403 4107 3451 4155 in
3481 4107 3702 4158 Ciliciam

2138 4217 2337 4278 profecti
2363 4217 2631 4279 Philippum
2648 4254 2664 4278 ,
2686 4216 2770 4279 qui
2793 4216 2994 4279 Philippi
3013 4217 3247 4266 Antiocho
3270 4221 3435 4281 Grypo
3458 4220 3557 4268 nati
3577 4219 3706 4268 filius

2138 4324 2257 4382 erat,
2275 4323 2322 4370 in
2335 4335 2536 4383 regnum
2555 4321 2781 4370 reducere
2793 4321 3070 4371 voluerunt.
3090 4322 3440 4384 obtemperans
3453 4294 3702 4386 Philippus

2138 4424 2199 4474 ad
2236 4425 2431 4475 Azizum
2458 4424 2664 4475 Arahem
2699 4437 2802 4474 sese
2837 4424 3069 4485 eontulit,
3109 4424 3193 4486 qui
3222 4423 3352 4473 haud
3379 4424 3561 4475 invitus
3583 4440 3699 4476 eum

2138 4530 2325 4593 excepit
2339 4567 2353 4588 .
2368 4529 2639 4580 diademate
2654 4528 2845 4578 ornavit
2868 4529 2982 4578 etin
3003 4541 3200 4590 regnum
3217 4528 3446 4579 reducere
3462 4529 3696 4579 instituit.

2140 4635 2405 4687 Antiochus
2423 4636 2585 4684 autem
2604 4647 2893 4697 omnesspes
2919 4633 2970 4682 in
2988 4633 3353 4696 Sampsigerami
3373 4635 3604 4685 societate
3616 4651 3698 4685 re-

549 4796 770 4843 xxxlll.
797 4795 904 4844 Fol.
934 4801 1046 4857 186,
1075 4800 1130 4845 27
1150 4807 1195 4844 r.
1216 4801 1410 4857 —186,
1427 4802 1485 4844 22
1508 4808 1609 4844 vso.
1626 4799 1699 4845 De
1725 4795 1996 4844 Mithridate
2014 4796 2245 4856 Cyzicum
2260 4795 2503 4845 obsidente
2523 4796 2542 4856 (
2555 4809 2635 4845 an.
2657 4797 2744 4857 73)
2763 4795 2874 4845 vide
2893 4794 3092 4857 Appian.
3116 4794 3231 4844 Bell.
3257 4795 3389 4844 Mith.
3407 4808 3450 4843 c.
3473 4801 3530 4843 72
3551 4809 3691 4860 sqq.;

487 4866 733 4914 Memnon.
758 4864 882 4913 Hist.
908 4865 1102 4914 Hei-acl.
1134 4877 1237 4926 cap.
1266 4868 1344 4913 40.
1376 4867 1446 4913 De
1468 4877 1522 4913 re
1546 4866 1709 4913 nostro
1733 4865 1791 4912 fr.
1822 4868 2013 4913 narrata
2029 4865 2221 4914 aliunde
2243 4879 2338 4914 non
2362 4868 2564 4915 constat.
2594 4868 2818 4914 Ceterum
2838 4878 2896 4914 ex
2920 4865 3131 4927 Appiano
3149 4878 3192 4913 c.
3225 4869 3285 4913 75
3308 4870 3358 4914 et
3378 4868 3438 4914 76
3460 4865 3692 4915 discimus

488 4933 812 4989 Mithridatem
830 4936 1064 4984 cuniculis
1089 4936 1266 4984 moenia
1286 4934 1417 4983 urbis
1438 4934 1713 4992 suffodisse,
1738 4933 1997 4995 Cyzicenos
2015 4947 2128 4983 vero
2149 4935 2398 4984 suffodisse
2420 4948 2610 4998 aggeres
2627 4936 2822 4984 hostiles
2843 4956 2854 4984 ς
2881 4937 3155 4998 Μιθριδάτης
3170 4935 3244 4982 ἐπὶ
3267 4935 3321 4983 τὸ
3344 4935 3570 4997 Δίνδυμον
3587 4937 3694 4999 ὅρος

488 5004 812 5066 ὑπερκείμενον
830 5004 977 5066 ἀνῄει,
993 5006 1073 5054 καὶ
1089 5010 1233 5068 χῶμα
1252 5005 1331 5053 ἀπ’
1352 5005 1495 5053 αὐτοῦ
1518 5005 1563 5059 ἐς
1580 5006 1663 5061 τήν
1682 5004 1816 5053 πόλιν
1834 5004 1946 5064 ἔχου
1958 5040 1973 5064 ,
1992 5005 2191 5067 πύργους
2208 5021 2259 5052 τε
2277 5005 2437 5062 ἐφίστη
2450 5040 2466 5064 ,
2485 5007 2564 5053 καὶ
2584 5006 2832 5066 ὑπονόμοις
2852 5008 2903 5054 τὸ
2922 5011 3073 5068 τεῖχος
3092 5006 3368 5068 ἀνεκρήμνη.
3397 5009 3456 5054 Et
3473 5020 3579 5068 cap.
3598 5011 3659 5056 76
3675 5026 3689 5055 z

491 5075 779 5136 Διεκαρτέρει
793 5074 835 5123 δ’
849 5076 975 5137 ὅμως
991 5078 1264 5138 Μιθριδάτης
1280 5077 1473 5132 ἐλπίζων
1492 5076 1557 5124 ἔτι
1576 5076 1658 5132 τὴν
1674 5075 1870 5131 Κύζικον
1882 5076 2088 5135 αἱρήσειν
2107 5081 2200 5131 τοῖς
2220 5076 2410 5138 χώμασι
2424 5080 2517 5130 τοῖς
2536 5075 2628 5123 ἀπὸ
2641 5081 2725 5123 τοῦ
2744 5076 2987 5137 Δινδύμου.
3006 5077 3084 5130 Ὠς
3103 5077 3150 5124 δὲ
3170 5078 3249 5123 καὶ
3264 5074 3393 5124 ταῦτ’
3408 5078 3692 5139 ὑπεσύροντο

488 5145 533 5191 οἱ
559 5144 829 5202 Κυζικηνοὶ,
853 5146 1057 5205 δρασμὸν
1085 5147 1111 5192 6
1133 5148 1199 5194 M.
1226 5146 1451 5194 ἐδούλευε.
1477 5172 1539 5185 -
1563 5152 1602 5193 i.
1626 5146 1829 5205 ἔφυσεν
1848 5142 2002 5193 codex
2026 5146 2072 5194 h.
2102 5146 2132 5193 Ι.
2160 5148 2210 5193 et
2231 5159 2342 5192 mox
2367 5145 2558 5193 iterum.
2589 5174 2646 5185 —-
2674 5152 2720 5194 2.
2737 5146 3068 5208 ἑκατόνταρχος
3090 5146 3120 5193 li
3166 5147 3198 5194 l.
3225 5145 3332 5193 cod.
3356 5172 3421 5182 —
3445 5153 3492 5195 3.
3519 5149 3583 5201 εἷς
3604 5147 3687 5201 τὰς

488 5213 643 5273 χεῖρας
667 5225 726 5259 ex
745 5215 929 5261 antece.
953 5214 1078 5264 male
1098 5214 1313 5276 repetita.
1341 5217 1558 5263 Fortasse
1575 5213 1753 5262 excidit
1772 5210 2072 5276 participium
2090 5251 2102 5273 ,
2127 5216 2393 5276 εἰσαγαγὼν
2414 5215 2713 5279 [εἰσκαθίσας
2735 5217 2863 5277 conj,
2888 5217 3165 5275 Dilhnerus3
3205 5215 3438 5278 egregie}

551 5281 766 5330 xxxiv.
786 5282 893 5333 Fol.
921 5288 1027 5342 1¹36,
1040 5289 1097 5331 22
1114 5296 1157 5332 υ.
1177 5287 1349 5344 -187,
1362 5290 1414 5332 ιο
1431 5296 1473 5332 r.
1488 5310 1547 5323 —
1566 5288 1604 5331 ι.
1621 5284 1744 5331 ’Ότι
1765 5284 1831 5332 τὰ
1846 5299 1867 5338 ς
1883 5286 1908 5333 ὃ
1925 5286 2022 5341 λας
2037 5283 2056 5347 ]
2073 5297 2169 5334 vox
2185 5286 2293 5335 Ὅτι
2315 5288 2426 5335 novi
2445 5287 2685 5349 excerpti,
2700 5286 2750 5334 in
2765 5286 2934 5336 eadem
2948 5301 2997 5336 re
3015 5286 3695 5347 versantis,initiumindicare
