3900 6042
1428 454 1914 518 FRAGMENTA.

236 600 292 660 3.
342 596 481 677 Περὶ
512 596 926 670 αὐλητῶνωο).

239 698 295 754 4.
338 682 615 761 Ἱστορικὰ
634 685 725 752 τῆς
751 681 1033 759 ἁρμονικῆς
1058 679 1138 752 (v,
1169 679 1237 733 fr.
1273 685 1341 743 4⁴²
1361 678 1402 752 ).

93 812 178 868 lv.
219 808 642 864 Miscmun.

247 942 296 979 1.
339 914 764 991 ‘Ymuwipnrm

317 1024 376 1065 a.
419 998 821 1077 “Υπομνήματα
842 996 1076 1075 ἱστορικά
1106 995 1207 1070 (83
1231 994 1409 1071 sqq.),

320 1094 374 1150 b.
421 1087 588 1149 Κατὰ
618 1083 787 1164 βραχὺ
812 1083 1165 1159 ὑπομνήματα
1185 1082 1323 1157 (85).

322 1197 374 1237 c.
419 1173 714 1249 Σύμματα
737 1174 1091 1246 ὑπομνήματα
1122 1169 1226 1245 (86
1253 1169 1430 1242 sqq.).

317 1266 374 1319 d.
413 1261 507 1320 Τὰ
537 1257 807 1336 σποράδην
832 1258 970 1334 (89).

247 1369 298 1405 α.
340 1345 656 1424 Συγκρίσεις
684 1341 824 1422 (60).

248 1438 304 1495 3.
349 1434 645 1510 Σύμματα
667 1430 962 1507 συμποτικά
999 1426 1142 1506 (9ο).

111 1563 166 1615 V.
205 1563 554 1613 Axonam-rr
597 1573 845 1613 lacurn.

251 1672 692 1754 Πραξιδαμοὶντια
729 1675 818 1750 (fr.
856 1668 1003 1748 5ὶ.).

252 1765 588 1840 Epimethea
613 1761 715 1839 (fr.
746 1758 871 1838 92).

183 1896 543 1967 Fragmenta,
594 1900 737 1964 quot
793 1900 1121 1964 supersunt,
1169 1889 1374 1961 partim
1414 1906 1446 1943 e
1491 1888 1646 1942 libris

119 1979 271 2035 modo
296 1979 614 2046 recensitis,
642 1979 850 2051 partim
876 1994 1012 2032 vero
1037 1975 1191 2031 haud
1229 1975 1401 2031 dubie
1424 1993 1492 2029 ex
1529 1975 1648 2029 aliis

123 2067 360 2138 operibus
425 2083 683 2138 quorum
744 2065 937 2119 titulos
1001 2064 1326 2137 ignoramus
1377 2062 1642 2134 repetita,

121 2153 446 2207 exhibuimus
474 2152 672 2206 omnia
710 2160 914 2223 praeter
945 2167 1008 2204 ea
1050 2167 1173 2221 quae
1216 2147 1290 2202 ad
1330 2147 1646 2202 doctrinam

125 2239 423 2310 rythmicam
464 2247 522 2291 et
565 2237 642 2292 ad
667 2246 874 2291 ceteras
898 2236 1118 2290 musicae
1153 2245 1337 2308 partes
1372 2233 1649 2288 technicas

125 2326 430 2395 pertinentia
450 2326 639 2397 aptius
653 2322 1061 2398 subjungentur
1081 2321 1240 2395 operi
1259 2320 1533 2394 superstiti
1563 2322 1647 2373 De

129 2412 382 2466 elementis
401 2410 765 2465 harmonicis.

193 2499 333 2551 Inter
350 2497 618 2551 historica
648 2494 962 2550 Aristoxeni
991 2511 1163 2567 opera
1180 2535 1196 2561 ,
1217 2498 1340 2565 quae
1364 2493 1550 2546 omnia
1575 2491 1647 2546 ad

131 2574 495 2658 philosophiae,
521 2584 761 2637 musices
786 2592 842 2636 et
877 2599 1108 2653 poeseos
1146 2580 1436 2634 historiam
1466 2582 1645 2653 perti-

131 2681 270 2737 nent,
305 2673 550 2743 primum
599 2670 788 2723 locum
831 2667 1091 2721 obtinent
1129 2667 1258 2719 libri
1304 2662 1417 2725 Βίοι
1447 2663 1646 2743 ἀνδρῶν

134 2757 349 2829 inscripti
366 2798 379 2824 ,
403 2775 548 2829 quos
576 2773 709 2811 cum
740 2754 862 2808 aliis
887 2753 1156 2808 similibus
1179 2754 1471 2826 componit
1515 2755 1649 2807 flie-

136 2861 366 2914 ronymus
393 2845 533 2898 nist.
567 2842 723 2897 Eccl.
749 2840 910 2896 Praef.
947 2858 960 2893 ς
992 2840 1240 2894 Hortaris
1269 2851 1329 2893 ut
1360 2840 1641 2912 Tranquil-

137 2930 228 2982 lum
250 2948 465 3003 sequens
485 2929 878 2983 ecclesiasticos
894 2930 1184 3000 scriptores
1207 2930 1265 2979 in
1287 2926 1533 2979 ordinem
1560 2927 1670 2985 cli—,

138 3031 297 3080 geram
313 3058 331 3082 ,
352 3027 408 3069 et
422 3014 575 3089 quod
597 3014 695 3067 ille
721 3017 776 3066 in
803 3012 1186 3066 enumerandis
1207 3014 1499 3084 gentilium
1530 3013 1646 3066 lite-

138 3118 295 3154 rarum
345 3108 470 3156 viris
505 3096 666 3171 fecit
707 3099 1031 3165 illustribus,
1096 3100 1160 3152 icl
1208 3117 1313 3170 ego
1347 3104 1403 3152 in
1453 3105 1652 3153 nostris

141 3180 338 3241 faciam.
353 3229 391 3243 ..
422 3189 694 3242 Fecerunt
709 3186 927 3258 quidem
955 3184 1059 3239 hoe·
1087 3186 1243 3257 apud
1267 3186 1485 3239 Groecos
1506 3185 1647 3239 Her-

144 3277 327 3343 mippus
336 3277 747 3348 peripateticus,
773 3274 1080 3343 Antigonus·
1098 3271 1398 3343 Carystius,
1423 3271 1653 3342 Satyrus

144 3357 303 3411 doctus
315 3365 417 3427 vir,
440 3373 494 3415 et
508 3352 751 3415 omilium
770 3359 928 3433 longe
943 3359 1282 3413 doctissimus
1301 3362 1654 3413 Aristoxenus

148 3449 372 3510 musicus,
428 3458 534 3502 etc.
587 3446 689 3501 His
730 3443 877 3500 adde
925 3444 1286 3499 Plutarchum
1338 3445 1396 3498 in
1443 3445 1646 3502 Moral.

147 3544 195 3597 p.
249 3530 412 3603 1093,
462 3534 505 3588 B
554 3550 571 3587 z
632 3526 806 3590 ‘'O-rav
867 3527 921 3586 δὲ
962 3527 1122 3604 μηδὲν
1171 3527 1364 3607 ἔχουσα
1422 3528 1651 3607 λυπηρὸν

149 3609 176 3678 ἢ
203 3613 434 3692 βλαὸερὸν
469 3613 672 3693 ῖσὼρία
702 3614 792 3672 καὶ
830 3613 1064 3693 διήγησις
1096 3614 1183 3673 ἐπὶ
1215 3613 1431 3695 πράξεσι
1459 3617 1648 3681 καλαῖς

148 3697 222 3752 καὶ
244 3700 475 3777 μεγάλαις
500 3699 778 3781 προσλάὸῃ
802 3701 950 3778 λόγον
975 3705 1164 3781 ἔχοντα
1192 3700 1408 3777 δύναμιν
1431 3702 1520 3760 καὶ
1552 3703 1648 3780 χᾶ-

154 3802 241 3857 ριν,
257 3787 319 3851 ὡς
337 3787 420 3844 τὸν
442 3786 725 3866 Ἡροδότου
748 3788 813 3846 τὰ
836 3786 1155 3860 Ἑλληνικὰ,
1183 3788 1273 3846 καὶ
1305 3786 1543 3869 Περσικὰ
1568 3788 1653 3847 τὸν

157 3868 448 3946 Ξενοφῶντος
462 3896 476 3911 ·
501 3873 636 3933 ὅσσα
655 3873 711 3932 δὲ
722 3871 963 3952 Ὄμηρος
981 3870 1218 3932 ἐθέσπισε
1238 3872 1457 3932 θέσκελα
1475 3872 1652 3951 εἰδὼς,

159 3950 288 4027 istic
330 3960 602 4037 Περιόδους
646 3958 898 4036 Εὔδοξος,
933 3959 970 4029 ἢ
1015 3958 1221 4025 Κτίσεις
1261 3958 1352 4017 καὶ
1394 3960 1658 4028 πολιτείας

156 4035 493 4118 Ἀριστοτέλης,
529 4045 566 4116 ἢ
597 4046 749 4112 Βίους
789 4047 987 4123 ἀνδρῶν
1027 4044 1363 4124 Ἀριστόξενος
1402 4045 1655 4128 ἔγραψεν,

157 4124 203 4179 0²3
226 4125 359 4200 μόνον
380 4130 508 4210 μέγα
529 4133 623 4191 καὶ
641 4132 774 4191 πολὺ
795 4131 854 4191 τὸ
876 4133 1169 4213 εὐφραῖνον,
1193 4134 1330 4191 ἀλλὰ
1365 4133 1455 4191 καὶ
1487 4141 1658 4193 καθα-

162 4209 231 4285 ρὸν
254 4214 334 4273 καὶ
362 4219 750 4297 ἀμεταμέλητόν
775 4222 930 4280 ἱστιν.

176 4334 181 4338 -
224 4302 522 4365 Laudentur
547 4311 688 4365 Vitae
725 4311 1052 4384 Pythagorae
1089 4309 1319 4383 ejusque
1350 4309 1659 4383 discipulo-

163 4400 266 4438 rum
282 4428 298 4459 ,
320 4402 372 4444 et
392 4396 641 4468 Archytoe
658 4437 675 4468 ,
706 4396 947 4451 Socratis
962 4436 979 4464 ,
1010 4397 1283 4464 Platonis,
1314 4407 1368 4451 et
1387 4415 1456 4452 ex
1477 4400 1662 4470 poetis

163 4468 371 4531 Telestis.
403 4483 480 4535 Ae
498 4483 731 4538 omnino
754 4483 814 4536 in
833 4483 1302 4557 philosophorum
1319 4525 1335 4554 ,
1358 4494 1659 4557 poetarum

125 4604 131 4609 .
166 4564 213 4607 et
225 4556 425 4620 sortasse
443 4569 786 4624 musicorum
813 4567 1169 4641 quorundam
1188 4571 1314 4625 vitis
1338 4570 1659 4627 describen-

168 4640 237 4696 dis
258 4652 564 4710 continuisse
590 4673 647 4711 se
670 4656 1032 4712 Aristoxenus
1056 4655 1301 4715 videtur.
1322 4660 1465 4713 Nam
1501 4658 1661 4733 quod

171 4723 229 4780 de
257 4732 491 4812 Lycurgo
514 4759 582 4796 ex
603 4742 959 4809 „Aristoxeno
986 4742 1090 4818 (fr.
1132 4738 1237 4817 37)
1274 4743 1536 4813 traditur,
1568 4747 1662 4800 vix

171 4812 369 4889 sufficit,
395 4835 455 4877 ut
485 4827 616 4883 huic
659 4846 889 4901 quoque
923 4847 1083 4884 suum
1124 4829 1181 4884 in
1209 4831 1460 4886 vitarum
1489 4850 1662 4904 opere

171 4893 329 4956 locum
376 4907 526 4967 fuisse
583 4913 943 4973 affirmemus.
1000 4915 1308 4989 Relegandi
1360 4917 1525 4971 etiam
1570 4919 1662 4971 vi-

175 4979 349 5042 dentur
384 5008 553 5065 poetae
607 5002 832 5075 tragici,
885 5001 1090 5073 quibus
1138 5003 1420 5075 peculiare
1463 5005 1665 5058 Noster

176 5083 292 5137 ”9¹1⁵
314 5088 660 5154 consecravit,
682 5088 742 5141 in
764 5087 901 5142 duas
916 5127 932 5156 ,
956 5099 1022 5142 ut
1039 5087 1281 5155 videtur,
1305 5088 1661 5143 distributum

179 5168 357 5233 partes,
379 5184 599 5237 quarum
627 5176 788 5246 prior
814 5174 887 5229 de
913 5175 1353 5248 antiquioribus,
1381 5175 1453 5230 de
1474 5175 1660 5245 junio·

3150 463 3254 514 2⁷1

1728 592 1882 645 ribus
1909 591 2023 664 egit
2050 591 2242 647 altera.
2272 589 2487 645 Citatur
2512 589 2680 643 semel
2710 598 2920 642 tantum
2951 589 3101 660 apud
3130 592 3266 644 Am—

1726 680 1983 733 monium
2023 675 2121 751 (fr.
2157 677 2261 751 40)
2295 675 2368 731 de
2394 674 2797 749 significatione
2829 693 3031 729 vocum
3058 672 3267 752 ῥύεσθαι

1727 775 1784 820 et
1805 762 2063 841 ἐρύεσθαι.
2088 763 2257 820 Unde
2283 763 2528 837 colligis,
2566 762 2625 817 id
2656 761 2815 834 quod
2841 761 3078 816 aliorum
3104 765 3270 817 etiam

1727 852 1996 925 exemplis
2031 850 2326 923 probabile
2351 847 2416 904 fit
2432 888 2448 919 ,
2476 867 2596 903 non
2616 857 2829 903 tantum
2859 846 2930 903 de
2952 850 3064 904 vita
3095 851 3271 923 tragi-

1729 955 1947 1006 corum,
1968 936 2039 992 de
2058 937 2371 992 fabularum
2390 936 2628 1003 ratione,
2652 952 2911 1003 numer0,
2928 935 3068 989 serie
3083 975 3099 1002 ,
3125 945 3272 989 tem-

1730 1024 1983 1096 poribus,
2003 1042 2273 1094 successu,
2299 1021 2715 1079 recensionibus
2736 1030 3023 1075 auctorem
3046 1020 3271 1090 dixisse,

1729 1109 1825 1164 sed
1855 1112 2021 1166 etiam
2051 1110 2301 1166 indolem
2339 1109 2642 1176 orationis,
2677 1125 2748 1162 ne
2793 1107 3020 1161 minutis
3041 1108 3274 1179 quidem

1730 1197 2102 1268 grammaticae
2150 1197 2427 1270 capitibus
2456 1194 2860 1269 praetermissis,
2896 1194 2956 1246 in
2995 1211 3275 1248 commen·

1733 1284 1885 1337 tariis
1910 1284 2211 1355 exegeticis
2237 1293 2293 1338 et
2320 1282 2524 1337 criticis
2554 1282 2867 1336 illustrasse.
2910 1280 3059 1333 Num
3098 1282 3277 1335 simile

1734 1368 1872 1441 quid
1891 1370 2144 1424 Homero
2170 1369 2365 1424 feeerit
2384 1367 2457 1423 de
2484 1366 2785 1432 industria,
2812 1384 2881 1420 an
2912 1383 3017 1438 pro
3047 1385 3109 1421 re
3141 1378 3270 1422 nata

1733 1453 1806 1508 de
1824 1472 1939 1508 uno
1959 1456 2206 1509 alterove
2230 1454 2459 1509 Homeri
2486 1452 2616 1507 loco
2635 1451 2952 1506 disseruerit
2965 1494 2981 1519 ,
3002 1453 3277 1507 incertum

1733 1551 1815 1594 est
1835 1538 1937 1615 (V.
1967 1550 2089 1597 not.
2117 1539 2191 1594 ad
2216 1539 2287 1596 fr.
2331 1535 2454 1613 4ο).
2497 1539 2839 1593 peculiarem
2876 1556 3014 1594 vero
3046 1557 3278 1612 operam

1733 1643 1958 1681 navaoee
1997 1625 2064 1680 iis
2100 1642 2332 1699 poeseos
2366 1636 2421 1680 et
2464 1626 2596 1679 artis
2637 1624 2954 1679 dramaticae
2995 1626 3274 1696 partibus,

1734 1730 1858 1784 quae
1876 1731 2004 1767 cum
2028 1715 2237 1768 musica
2255 1711 2565 1784 conjunctae
2588 1722 2768 1784 erant,
2790 1729 2965 1782 quum
2987 1730 3092 1784 per
3106 1729 3163 1766 se
3192 1714 3273 1765 in·

1737 1799 2022 1874 telligitur,
2060 1809 2181 1853 tum
2221 1795 2561 1854 documento
2598 1809 2679 1853 est
2700 1797 2845 1851 liber
2869 1800 2955 1851 De
2983 1798 3276 1854 saltatione

1735 1889 1967 1961 tragica.
2039 1886 2090 1943 T
2093 1883 2127 1941 ὰ
2189 1883 2538 1960 ὑπομνήματα
2597 1902 2854 1958 maguam
2914 1895 3125 1957 partem
3189 1886 3279 1940 vel

1732 1977 2121 2047 promptuaria
2133 1974 2222 2028 vel
2235 1975 2619 2047 supplementa
2632 1971 2837 2027 fuerint
2850 1989 3063 2041 eorum,
3078 1989 3200 2043 quae
3221 1974 3235 2025 i
3241 1992 3281 2026 n

1734 2059 2042 2131 majoribus
2069 2055 2338 2134 operibus'
2370 2068 2718 2115 tractaverat.
2741 2059 2832 2113 Sic
2864 2077 2988 2131 quae
3014 2076 3081 2113 ex
3108 2054 3278 2114 Ὑπο-

1737 2143 1978 2219 μνήμασι
2019 2144 2292 2221 ἱστορικοῖς
2337 2145 2438 2219 (fr.
2487 2145 2594 2219 83)
2638 2143 2950 2199 afferuntur
2993 2144 3066 2199 ad
3110 2146 3281 2199 vitam

1736 2232 1986 2287 Platonis
2012 2234 2322 2305 pertinent3
2343 2250 2467 2305 quae
2490 2234 2549 2286 in
2568 2236 2673 2295 τοῖς
2694 2227 2830 2286 κατὰ
2856 2227 3025 2307 βραχὺ
3051 2229 3281 2303 ὑπομνή·

1739 2338 1873 2389 μασι
1900 2319 1972 2375 de
2000 2319 2311 2393 Harpalyce
2339 2320 2611 2373 cantilena
2639 2318 2971 2372 exhibentur
3001 2316 3100 2391 (fr.
3132 2317 3239 2391 85)
3261 2361 3278 2391 ,

1731 2404 2019 2480 jungenda
2040 2418 2169 2461 sunt
2188 2407 2254 2460 iis
2274 2423 2401 2478 quae
2429 2405 2503 2459 de
2525 2403 2722 2459 eadem
2740 2406 2882 2458 rein
2909 2404 3057 2458 libro
3078 2416 3282 2477 quarto

1737 2494 1822 2546 De
1848 2494 2057 2547 musica
2081 2502 2323 2559 exstant3
2355 2490 2598 2562 denique
2626 2508 2749 2562 quae
2773 2508 2840 2544 ex
2886 2496 2991 2552 τοῖς
3019 2487 3283 2567 σποράδην

1742 2579 1846 2652 (fr.
1879 2575 1987 2653 89)
2022 2579 2097 2634 de
2121 2581 2353 2651 Mysone
2389 2579 2637 2650 sapiente
2668 2577 2844 2648 petita
2882 2587 3040 2648 sunt,
3068 2578 3279 2650 proba·

1737 2666 1926 2721 biliter
1960 2667 2127 2721 etiam
2151 2668 2213 2720 in
2254 2662 2420 2735 Βίοις,
2460 2665 2559 2719 ubi
2601 2674 2811 2737 septem
2850 2665 3122 2736 sapientes
3163 2682 3282 2717 non

1740 2755 1989 2808 omiserit
2014 2765 2231 2821 auctor,
2256 2753 2346 2807 vel
2373 2752 2702 2826 legebantur
2723 2751 2812 2804 vel
2855 2751 2961 2823 legi
2995 2762 3277 2823 poterant.

1738 2841 1997 2895 Ceterum
2026 2841 2294 2913 quaeritur
2318 2858 2391 2895 an
2414 2838 2644 2893 diversis
2676 2837 2789 2892 istis
2817 2837 3281 2892 Commentariu-

1739 2945 1865 2981 rum
1901 2927 2073 2981 titulis
2116 2925 2332 2980 diversa
2359 2926 2523 2979 etiam
2554 2941 2726 2996 opera
2754 2925 3171 2997 contineantur,
3210 2944 3283 2979 an

1739 3031 1856 3066 non
1883 3013 2001 3067 haec
2041 3012 2466 3084 inscriptionum
2504 3008 2751 3081 ejusdem
2793 3008 2925 3062 libri
2963 3009 3198 3064 varietas
3225 3011 3283 3063 in

1741 3117 1903 3153 causa
1943 3098 2139 3167 fuerit,
2185 3108 2250 3153 ut
2289 3098 2503 3171 ingenti
2530 3096 2627 3149 illo
2673 3095 2949 3149 librorum
2987 3113 3223 3149 numero
3252 3115 3285 3152 a

1742 3185 1913 3240 Suida
1939 3186 2029 3240 vel
2070 3185 2187 3257 ejus
2214 3194 2443 3239 auctore
2485 3182 2757 3237 memoria
2788 3182 3105 3236 Aristoxeni
3142 3200 3285 3237 one-

1741 3282 1862 3327 rata
1899 3273 1987 3327 sit.

1824 3360 2123 3413 Maximam
2174 3357 2335 3412 fuisse
2381 3355 2697 3412 Aristoxeni
2743 3353 2815 3409 de
2858 3353 3025 3409 rebus
3066 3356 3291 3410 musicis

1742 3447 2131 3503 auctoritatem
2158 3463 2277 3498 non
2300 3455 2381 3498 est
2420 3462 2522 3497 cur
2548 3442 2805 3516 pluribus
2848 3440 2957 3495 hoc
2985 3440 3112 3495 loco
3146 3459 3286 3513 pro·

1741 3532 1955 3590 bemus.
1997 3532 2275 3602 Quantum
2303 3532 2626 3585 Aristoxeni
2664 3532 2944 3602 ingenium
2984 3531 3042 3580 in
3067 3533 3291 3582 musicis

1742 3629 2113 3692 consumptum
2131 3618 2409 3673 videmus!
2421 3616 2615 3672 Cicero
2635 3617 2711 3669 ait
2725 3618 2808 3669 De
2823 3612 2921 3668 fin.
2938 3617 3002 3678 V,
3025 3633 3114 3688 ¹9·
3128 3613 3287 3669 Idem

1743 3707 1828 3760 De
1847 3715 1989 3761 orat.
2009 3707 2121 3774 111,
2140 3705 2210 3769 34
2236 3721 2251 3760 ε
2276 3707 2363 3760 An
2391 3715 2448 3758 tu
2468 3708 2778 3769 existimas,
2807 3720 2970 3775 quum
2989 3714 3129 3756 esset
3145 3703 3290 3775 Hip-

1737 3804 1993 3865 pocrates
2037 3795 2134 3847 ille
2163 3793 2336 3860 Cous,
2371 3787 2550 3861 fuisse
2582 3802 2695 3844 tum
2730 3791 2876 3843 alios
2919 3791 3158 3844 medicos
3195 3795 3292 3863 qui

1745 3880 1967 3947 morbis,
2002 3881 2146 3933 alios
2182 3884 2278 3953 qui
2298 3878 2645 3947 vulneribus,
2673 3879 2816 3931 alios
2834 3881 2932 3948 qui
2953 3877 3128 3930 oculis
3166 3895 3289 3930 me-

1745 3966 2043 4020 derentur?
2060 3967 2208 4021 Num
2229 3970 2586 4039 geomeo-iam
2604 3964 2838 4019 Euclide
2858 3974 2916 4016 et
2932 3962 3280 4029 Archimede,

1746 4070 1876 4107 num
1907 4057 2173 4107 musicam
2216 4053 2470 4107 Damone
2494 4063 2554 4105 et
2575 4053 2932 4114 Aristoxeno,
2969 4066 3099 4101 num
3137 4053 3291 4120 ipsas

1751 4138 1940 4192 literas
1964 4137 2341 4211 Aristophane
2367 4148 2425 4192 et
2460 4136 2810 4192 Callimacho
2836 4144 3126 4200 tractante,
3173 4145 3290 4187 tam

1747 4220 2273 4296 elfscerptasfuisse,
2318 4233 2383 4276 ut
2414 4241 2575 4276 nemo
2609 4240 2784 4293 genus
2806 4225 3106 4274 universum
3143 4237 3291 4273 com-

1742 4311 2085 4382 plecteretur,
2127 4320 2293 4383 atque
2312 4320 2373 4363 ut
2387 4311 2535 4363 alius
2554 4310 2732 4363 aliam
2755 4314 2924 4362 etiam
2945 4306 3052 4359 sibi
3063 4317 3291 4379 partem

1749 4402 1805 4450 in
1827 4416 1940 4470 qua
1966 4398 2298 4463 elaboraret,
2348 4406 2633 4470 sepone-ret
2651 4397 2682 4447 ι’
2703 4396 2829 4467 Quo
2872 4402 3058 4448 autem
3103 4394 3291 4447 animo

1749 4484 2012 4537 musicam
2024 4484 2342 4538 tractaverit
2352 4483 2715 4537 Aristoxenus
2726 4490 2780 4534 et
2795 4478 2933 4552 quid
2943 4479 3290 4551 potissimum

1751 4571 1816 4627 iis
1840 4571 2076 4625 annixus
2118 4570 2204 4638 sit,
2235 4568 2405 4624 docet
2449 4568 2782 4623 Themistius
2820 4568 2977 4622 Orat.
3002 4566 3311 4639 XXXIII,-

1747 4675 1807 4729 p.
1841 4655 1953 4722 364
1996 4656 2089 4713 ed.
2136 4655 2313 4713 Hard.
2354 4674 2367 4708 :
2412 4650 2753 4729 Ἀριστόξενος
2779 4654 2807 4707 ὁ
2843 4647 3084 4726 μουσικὸς
3130 4650 3290 4720 θηλυ-

1749 4739 1969 4817 νομένην
2017 4739 2120 4810 ἤδη
2162 4738 2258 4810 τὴν
2300 4738 2553 4816 μουσικὴν
2591 4740 2832 4818 ἐπειρᾶτο
2878 4736 3292 4815 ἀναρρωννύναι,

1751 4827 1903 4893 αὐτός
1929 4850 1988 4884 τε
2007 4830 2225 4903 ἀγαπῶν
2247 4825 2312 4884 τὰ
2341 4824 2688 4905 ἀνδρικώτερα
2707 4827 2809 4883 τῶν
2835 4823 3142 4900 κρουμάτων
3160 4867 3178 4897 ,
3202 4822 3292 4880 καὶ

1750 4917 1856 4979 τοῖς
1901 4917 2160 4987 μαθηταῖς
2208 4912 2520 4971 ἐπικελεύων
2561 4917 2652 4970 τοῦ
2697 4913 2969 4987 μαλθακοῦ
3013 4906 3294 4988 ἀφεμένους

1751 5001 2011 5079 φιλεργεῖν
2025 4999 2084 5058 τὸ
2106 4998 2401 5080 ἀρρενωπὸν
2421 5002 2472 5058 ἐν
2488 5002 2594 5065 τοῖς
2616 4997 2844 5074 μέλεσιν.
2867 4994 3083 5065 Ἐπειδὴ
3108 4985 3195 5052 οὗν
3218 5018 3297 5061 τις

1752 5086 1907 5164 ἤρετο
1928 5085 2082 5144 αὐτὸν
2103 5091 2206 5144 τῶν
2233 5086 2496 5156 συνήθων·
2535 5086 2604 5146 Τί
2632 5086 2677 5143 δ’
2704 5083 2767 5142 ἄν
2792 5106 2880 5159 μοι
2901 5082 3097 5161 γένοιτο
3137 5079 3293 5140 πλέον

1755 5172 2045 5254 ὑπεριδόντι
2091 5172 2185 5251 μὲν
2218 5178 2310 5244 τῆς
2349 5173 2462 5241 νέας
2498 5173 2587 5232 καὶ
2628 5174 2928 5252 ἐπιτερποῦς
2967 5169 3169 5239 ἀοιδῆς,
3200 5168 3295 5239 τὴν
