3900 6042
577 496 684 548 188
1644 480 2133 542 ARlSTOTELlS
2171 478 2660 539 FRAGMENTA.

560 630 654 674 τας
668 605 849 670 αὐτοὺς
863 602 1093 683 Δρύοπος
1108 608 1194 662 τοῦ
1215 603 1455 682 Ἀρκάδος
1468 602 1852 670 κατοικίσαντος
1865 608 2103 675 ἐνταῦθα,
2193 625 2373 669 σαντες
2399 603 2519 681 περὶ
2552 602 2644 673 τὴν
2675 604 2726 660 ἐν
2758 600 3047 678 Μαντινείᾳ
3077 600 3258 679 μάχην
3295 600 3390 671 τὴν
3420 602 3551 680 πρὸς
3574 605 3777 662 Λακε-

561 698 632 758 ὥς
655 690 1007 769 Ἀριστοτέλης
1042 691 1225 769 φησὶν,
1264 689 1299 764 ἢ
1342 688 1658 770 Ἡρακλέους
1679 692 1739 747 ἐκ
1763 695 1855 761 τῆς
1874 691 1994 769 περὶ
2018 689 2104 748 τὸν

563 777 874 858 Παρνασσὸν
897 776 1123 855 Δωρίδος
1145 776 1480 843 ἐξελάσαντος
1504 776 1706 844 αὐτούς.

640 869 921 939 Loquitur
938 866 1138 921 Strabo
1164 866 1235 921 de
1263 868 1425 921 Asine
1453 866 1732 941 Argolidis
1756 885 1938 940 prope
1965 870 2107 923 Her·

562 953 787 1008 mionen
824 953 955 1019 sita,
984 951 1137 1006 unde
1164 953 1308 1025 pulsi
1336 952 1407 1007 ab
1437 955 1656 1026 Argivis
1695 956 1953 1027 Dryopes
1973 955 2109 1008 alte·

565 1057 682 1093 ram
728 1036 1108 1092 condiderunt
1155 1038 1362 1091 Asinen
1406 1055 1588 1111 prope
1643 1039 2013 1110 Cardamylen
2053 1040 2113 1091 in

563 1127 846 1183 Messenia.
869 1126 1100 1180 Pausan.
1132 1126 1236 1192 IV,
1271 1124 1338 1179 34
1357 1165 1374 1193 ‚
1402 1125 1456 1182 6.
1482 1123 1761 1199 (Δρυόπων
1782 1123 1835 1181 δὲ
1860 1121 2112 1203 Ἑρμιόνη

562 1209 724 1266 τεκαὶ
738 1207 912 1279 Ἀσίνη
932 1213 965 1278 ἣ
991 1209 1116 1287 πρὸς
1139 1208 1469 1288 Καρδαμύλῃ
1498 1213 1563 1288 τῇ
1590 1212 1893 1286 Λακωνικῇ.
1922 1215 2113 1267 Hero-

565 1299 689 1356 dot.
728 1301 895 1368 VIII,
928 1299 1037 1368 73,
1084 1299 1184 1352 ubi
1213 1311 1429 1354 ceteros
1469 1309 1603 1354 vett.
1648 1302 1802 1355 locos
1842 1301 2118 1372 congessit

560 1384 772 1462 Baehr.)
796 1387 881 1444 Cf.
912 1385 1136 1441 Miiller.
1156 1388 1291 1441 Dor.
1320 1388 1375 1454 1,
1409 1385 1514 1456 84,
1549 1386 1686 1460 1553
1714 1389 1790 1454 11,
1828 1386 1957 1451 436.
1986 1384 2113 1440 455.

561 1474 913 1547 Theopomp.
929 1474 998 1531 fr.
1033 1493 1134 1547 191
1150 1515 1161 1527 .
1188 1504 1264 1516 —
1284 1474 1369 1530 De
1392 1473 1662 1529 Arcadica
1679 1476 1981 1548 Dryopum
1999 1474 2117 1527 ori-

564 1562 693 1634 gine
734 1579 861 1615 cum
895 1561 1192 1616 Aristotele
1231 1560 1363 1615 facit
1405 1560 1578 1615 schol.
1607 1561 1794 1633 Apoll.
1819 1559 2009 1616 Rhod.
2057 1560 2113 1626 1,

573 1666 594 1700 1
606 1646 738 1716 283,
751 1647 849 1702 ubi
867 1648 1189 1721 genealogia
1198 1648 1316 1701 haec
1327 1656 1412 1700 est
1427 1662 1442 1702 ε
1461 1648 1709 1719 Lycaon,
1722 1646 1850 1713 Dia,
1870 1648 2112 1718 DryopS.

565 1735 712 1788 Hinc
729 1752 824 1788 sua
851 1736 1069 1787 Tzetzes
1093 1733 1379 1805 Lycophr.
1406 1731 1542 1797 480.
1573 1734 1756 1805 Etym.
1787 1733 1868 1789 M.
1894 1751 1953 1804 p.
1974 1730 2112 1798 288,

568 1816 663 1872 32.
695 1821 1088 1892 Antiquiorem
1122 1817 1482 1872 traditionem
1516 1818 1688 1872 habes
1713 1816 1864 1890 apud
1907 1817 2114 1871 Phere-

567 1904 764 1976 cydem
792 1905 861 1963 sr.
892 1905 983 1962 33.
1008 1903 1090 1960 Cf.
1118 1905 1337 1959 Miiller.
1367 1905 1498 1958 Dor.
1530 1904 1556 1956 1
1574 1944 1590 1972 ‚
1620 1922 1679 1976 p.
1714 1910 1806 1967 41.

1170 2047 1515 2106 ΑΡΓΕΙΩΝ.

1292 2199 1389 2254 99·

648 2302 851 2357 Pollux
878 2302 986 2357 On.
1010 2301 1097 2369 X,
1137 2318 1245 2374 179
1276 2321 1289 2355 ε
1323 2297 1426 2369 Era
1455 2299 1501 2356 δ’
1525 2297 1588 2357 ἂν
1618 2299 1706 2358 καὶ
1730 2300 1916 2381 φείδων
1941 2323 1993 2359 τι
2016 2304 2115 2380 οἰγ-

568 2387 704 2464 γεῗον
731 2387 877 2455 έλαιη
914 2384 968 2442 ὸν
997 2383 1101 2442 ἀπὸ
1126 2388 1230 2443 τῶν
1253 2384 1553 2446 Φειδωνίων
1584 2386 1789 2467 μέτρων
1807 2388 2114 2465 ὠνομασμέ-

569 2495 656 2530 νον
672 2516 689 2545 ,
715 2470 842 2550 ὑπὲρ
907 2494 933 2527 ν
966 2473 1018 2529 έν
1049 2470 1290 2551 Ἀργείων
1314 2471 1549 2552 πολιτεία
1574 2473 1936 2551 Ἀριστοτέλης
1953 2476 2112 2554 λέγει.

568 2564 655 2617 De
676 2563 902 2617 vasculo
930 2562 1031 2617 illo
1067 2562 1294 2618 aliunde
1322 2581 1440 2618 non
1472 2573 1706 2621 constat.
1745 2566 1831 2619 De
1861 2565 2118 2621 Phidone

570 2667 622 2704 v.
654 2667 794 2722 quos
821 2649 1165 2704 laudavimus
1190 2649 1263 2705 ad
1286 2651 1483 2706 Marm.
1507 2652 1633 2705 Par.
1666 2668 1755 2723 ep.
1781 2650 1877 2708 30.

1244 2753 1344 2829 [99
1372 2752 1448 2829 a·]

655 2859 854 2925 [Arist.
880 2860 1003 2915 Pol.
1024 2862 1070 2914 V
1087 2899 1103 2926 ‚
1128 2859 1194 2925 8,
1219 2864 1249 2921 4
1283 2878 1296 2911 :
1329 2854 1538 2915 Φείδων
1569 2856 1665 2930 μὲν
1692 2856 1813 2934 περὶ
1830 2854 2013 2936 Ἄργος
2031 2859 2120 2918 καὶ

574 2933 738 3011 ἕτεροι
761 2932 996 3010 τύραννοι
1015 2933 1362 3003 κατέστησαν,
1395 2933 1659 3009 βασιλείας
1685 2936 2038 3013 ὑπαρχούσης.

656 3023 776 3076 Pol.
805 3025 882 3089 V,
918 3040 977 3091 2,
1009 3020 1043 3075 8
1079 3037 1095 3074 2
1123 3018 1218 3078 Ἐν
1240 3016 1425 3095 ΙἈργει
1462 3022 1565 3076 τῶν
1592 3022 1644 3077 ἐν
1668 3023 1732 3098 τῇ
1764 3020 1962 3101 ἑὸδόμῃ
1986 3026 2118 3081 ἄπο-

576 3103 806 3180 λομένων
834 3105 936 3162 ὑπὸ
972 3104 1294 3180 Κλεομένους
1317 3110 1406 3163 τοῦ
1445 3105 1692 3172 Λάκωνος
1717 3110 2121 3184 ἠναγκάσθησαν

575 3188 964 3270 παραδέξασθαι
1004 3193 1106 3248 τῶν
1147 3189 1421 3268 περιοίκων
1449 3188 1611 3257 τινάς.
1638 3194 1723 3249 cf.
1750 3197 1956 3252 Miiller
1984 3199 2115 3252 Dor.

576 3281 656 3347 ΙΙ,
678 3277 766 3334 56.
789 3279 1061 3334 Niebuhr.
1084 3281 1151 3333 R.
1183 3280 1250 3334 G.
1272 3281 1331 3347 1,
1357 3298 1417 3353 p.
1452 3299 1579 3350 127,
1603 3292 1721 3339 not.
1750 3282 1883 3348 243.

655 3367 778 3420 Pol.
819 3368 866 3420 V
885 3407 901 3435 ‚
934 3385 991 3424 α.
1033 3371 1065 3430 4
1098 3361 1230 3422 εΔιὸ
1271 3366 1475 3442 ἐνιαχοῦ
1507 3364 1742 3423 εἰώθασιν
1771 3367 2121 3446 ὀστρακίζειν,

578 3442 682 3508 οἶον
713 3451 766 3506 ἐν
789 3448 966 3529 Ἄργει
990 3450 1080 3509 καὶ
1105 3448 1396 3521 Ἀθήνησιν.

2198 689 2488 766 δαιμονίους
2511 689 2851 767 ἐπεχείρησαν
2876 686 3154 746 καταλύειν
3176 688 3264 746 τὸν
3292 690 3512 766 δῆμοι]

2750 834 3182 894 ΑΙΓΙΝΗΤΩΝ.

2914 999 3044 1039 100.

2288 1103 2578 1161 Athenaeus
2605 1102 2709 1170 Vl,
2732 1120 2789 1173 p.
2808 1119 2942 1170 272,
2970 1104 3022 1157 D
3053 1117 3068 1157 ε
3100 1096 3466 1178 Ἀριστοτέλης
3499 1096 3550 1155 δ’
3568 1101 3626 1156 ἐν
3661 1101 3773 1156 Αἷ-

2202 1189 2423 1264 γινητῶν
2442 1183 2679 1262 πολιτείᾳ
2711 1183 2800 1241 καὶ
2822 1183 2966 1263 παρὰ
2991 1182 3186 1251 τούτοις
3203 1184 3331 1264 φησὶ
3362 1185 3608 1261 γενέσθαι
3636 1183 3779 1242 ἑπτὰ

2205 1272 2293 1331 καὶ
2319 1271 2705 1350 τεσσαράκοντα
2730 1269 2986 1348 μυριάδας
3014 1270 3232 1329 δούλων.

2282 1361 2473 1416 Schol.
2499 1359 2663 1413 Pind.
2690 1361 2779 1415 01.
2808 1361 2969 1427 vm,
2999 1358 3070 1413 30
3103 1378 3118 1416 ε
3151 1356 3311 1417 Οὕτω
3334 1355 3438 1435 γὰρ
3468 1357 3777 1428 ἔπλήθυναν

2205 1447 2272 1503 οἱν
2292 1446 2587 1517 Αἰγινῆται,
2617 1446 2686 1509 ὡς
2712 1441 3098 1520 τεσσαράκοντα
3119 1441 3251 1502 ἑπτὰ
3269 1444 3527 1524 μυριάδας
3552 1446 3780 1502 οἰκετῶν

2206 1529 2514 1599 κτήσασθαι.

2284 1619 2576 1674 Clintonus
2597 1620 2655 1672 in
2673 1620 2737 1675 F.
2761 1619 2910 1673 Hell.
2930 1627 3068 1674 tom.
3087 1620 3165 1686 11,
3186 1637 3247 1691 p.
3284 1619 3421 1687 423,
3454 1619 3777 1674 delendum

2207 1713 2392 1758 censet
2433 1721 2628 1757 vocem
2667 1699 3056 1779 τεσσαράκοντα
3085 1714 3140 1757 et
3168 1704 3278 1759 hoc
3315 1705 3446 1759 loco
3476 1718 3534 1760 et
3578 1707 3645 1759 in
3675 1708 3777 1772 iis,

2206 1807 2330 1861 quae
2358 1788 2694 1843 antecedunt
2720 1789 2873 1862 apud
2895 1790 3226 1844 Athenaeum
3253 1788 3324 1844 de
3348 1793 3525 1845 servis
3552 1793 3781 1847 Corin-

2205 1860 2455 1929 thiorum
2476 1873 2493 1948 (
2515 1893 2584 1930 ex
2610 1877 2816 1931 Timaeo
2841 1876 2909 1931 fr.
2937 1875 3067 1942 48).

2854 2003 2996 2079 [100
3025 2009 3103 2073 a.]

2285 2132 2490 2210 [Arist.
2509 2133 2632 2190 Pol.
2657 2135 2734 2202 V,
2768 2132 2801 2188 5
2817 2176 2835 2207 ,
2858 2133 2896 2188 6
2929 2150 2943 2190 :
2968 2134 3298 2208 Oligarchiae
3329 2153 3476 2209 saepe
3501 2148 3779 2192 evertun-

2207 2230 2300 2276 tur
2327 2221 2399 2275 ab
2435 2221 2752 2294 oligarchiS‚
2789 2222 2887 2293 qui
2911 2239 3087 2293 quum
3111 2222 3227 2275 vita
3266 2222 3557 2278 luxuriosa
3586 2226 3779 2296 patri·

2205 2296 2460 2362 monium
2482 2306 2864 2380 perdiderint,
2899 2309 3061 2362 novis
3087 2308 3257 2362 rebus
3276 2309 3526 2364 student.
3572 2308 3687 2368 Καὶ
3722 2310 3776 2365 ἓν

2210 2391 2392 2470 Αἰγίνῃ
2421 2396 2449 2450 ὁ
2474 2389 2566 2461 τὴν
2593 2389 2777 2469 πρᾶξιν
2804 2389 2899 2461 τὴν
2926 2389 3054 2470 πρὸς
3078 2390 3303 2468 Χάρητα
3338 2391 3547 2470 πράξας
3570 2393 3776 2473 ἐνεχεί-

2209 2500 2333 2557 ρησε
2381 2476 2694 2553 μεταὸαλεῖν
2723 2477 2817 2546 τὴν
2862 2476 3124 2534 πολιτείαν
3167 2477 3254 2533 διὰ
3295 2477 3548 2550 τοιαύτην
3578 2481 3773 2538 αἰτίαν.

2207 2566 2293 2622 Cf.
2320 2566 2520 2622 Miiller
2548 2568 2787 2642 AEginet.
2809 2584 2869 2638 p.
2902 2585 2921 2619 ι
2942 2565 3040 2634 153
3073 2567 3198 2621 Dor.
3229 2568 3309 2634 ll,
3328 2585 3390 2640 p.
3427 2569 3566 2633 146.

2287 2653 2410 2709 Pol.
2454 2654 2557 2720 lv,
2587 2660 2615 2717 4
2639 2694 2654 2719 ,
2694 2672 2715 2706 ι
2757 2671 2769 2704 :
2796 2649 2876 2709 Τὸ
2900 2648 3178 2727 ἐμπορικὸν
3219 2651 3272 2707 ἐν
3312 2649 3507 2727 Αἰγίνῃ
3536 2653 3633 2710 καὶ
3660 2653 3777 2731 Χίῳ

2213 2734 2537 2815 (πολύοχλᾶν
2557 2738 2691 2795 ἐστιν
2711 2737 2790 2814 ).]

2764 2868 2883 2926 ΣΙΚ
2897 2866 3201 2925 ΥΩΝΙΩΝ.

2921 3015 3049 3050 101.

2290 3124 2488 3179 Pollux
2514 3125 2632 3196 lx,
2662 3142 2732 3193 77
2776 3141 2788 3176 ε
2817 3119 2896 3179 Τὸ
2935 3119 3113 3194 μέντοι
3139 3120 3476 3179 τῶνώὅολῶν
3516 3121 3695 3199 ὄνομα
3726 3127 3773 3182 ol

2213 3205 2308 3283 μὲν
2346 3205 2424 3263 ὅτι
2468 3206 2635 3263 πάλαι
2683 3205 2950 3284 βουπόροις
2990 3203 3189 3271 attexat<
3225 3208 3457 3284 ἐχρῶντο
3508 3209 3643 3288 πρὸς
3686 3210 3775 3275 τὰς

2213 3292 2465 3367 ἀμοιὸὰς,
2495 3284 2567 3350 ὧν
2590 3294 2650 3351 τὸ
2678 3292 2777 3350 ὑπὸ
2803 3298 2867 3370 τῇ
2894 3292 3046 3371 δρακὶ
3074 3293 3269 3364 πλῆθος
3290 3293 3461 3352 ἐδόκει
3489 3297 3771 3355 καλεῖσθαι

2217 3372 2458 3448 δραχμή·
2489 3372 2555 3429 τὰ
2593 3373 2647 3431 δὲ
2687 3374 2916 3451 ὀνόματα
2945 3375 3034 3434 καὶ
3061 3382 3149 3434 τοῦ
3187 3375 3509 3454 νομίσματος
3538 3405 3773 3457 μεταπε·

2217 3457 2390 3525 σόντος
2416 3461 2466 3524 ἐς
2492 3458 2586 3529 τὴν
2613 3466 2702 3518 νῦν
2732 3461 2911 3539 χρείαν
2952 3460 3205 3538 ἐνέμεινεν
3234 3466 3294 3521 ἐκ
3322 3469 3417 3535 τῆς
3442 3468 3663 3544 μνήμης
3691 3474 3776 3539 τῆς

658 3540 782 3595 Pol.
820 3543 866 3596 V
884 3580 901 3608 ‚
934 3540 965 3595 3
982 3582 998 3608 ,
1031 3539 1063 3595 5
1104 3557 1119 3597 ε
1150 3537 1244 3596 Ἐν
1266 3532 1323 3596 Ἄ
1334 3559 1442 3615 ργει
1478 3541 1524 3596 οἱ
1552 3538 1801 3617 γνώριμοι
1833 3541 2114 3617 εὖδοκιμή-
2213 3547 2461 3609 παλαιᾶς.
2491 3544 2846 3623 Ἀριστοτέλης
2867 3549 3053 3607 ταύτὸν
3080 3549 3248 3628 λέγων
3277 3552 3329 3608 ἐν
3351 3553 3662 3614 Σικυωνίων
3690 3579 3776 3614 πο-

580 3700 858 3762 deduxerit‚
888 3704 944 3749 ut
969 3702 1245 3751 Aristoteles
1268 3701 1443 3763 tradit,
1466 3705 1553 3752 aut
1582 3717 1705 3764 quos
1733 3717 1761 3754 e
1795 3705 1973 3754 Doride
2004 3706 2131 3755 circa

583 3779 867 3825 Parnassum
891 3778 1017 3826 terra
1041 3778 1271 3827 Hercules
1289 3777 1498 3838 ejecerit.

1111 3883 1597 3944 ARGIVORUM.

1299 4008 1392 4058 99.

645 4101 806 4151 Fuerit
824 4101 967 4151 etiam
985 4101 1165 4163 phidon
1183 4114 1269 4152 vas
1284 4104 1527 4165 quoddam
1550 4106 1642 4155 olei
1660 4107 1839 4156 certam
1858 4119 2129 4157 mensuram

582 4180 856 4240 continens,
874 4193 902 4227 a
931 4180 1178 4229 Phidoniis
1202 4182 1436 4232 mensuris
1457 4183 1815 4234 denominatum
1830 4223 1843 4246 ‚
1875 4186 1936 4236 de
1958 4186 2134 4248 quibus

586 4257 634 4306 in
656 4259 940 4320 Argivorum
965 4257 1226 4320 Remulo·
1251 4261 1449 4322 exponit
1469 4262 1762 4312 Aristoteles.

1252 4335 1269 4404 Ι
1282 4341 1351 4392 99
1374 4340 1449 4406 a.]

644 4420 857 4482 [Phidon
884 4422 1042 4483 Argis,
1070 4424 1119 4470 ex
1141 4422 1221 4471 alii
1248 4421 1392 4485 alibi,
1417 4438 1617 4487 regnum
1642 4426 1770 4489 quod
1784 4427 1916 4489 prius
1946 4430 2050 4477 erat
2078 4429 2125 4476 in

583 4499 884 4561 tyrannidem
900 4502 1287 4564 ‹uomet-terunt]

648 4574 835 4636 [An-gis,
853 4587 1007 4636 quum
1025 4575 1056 4624 ii
1077 4576 1161 4637 qni
1182 4580 1317 4626 erant
1335 4579 1383 4627 in
1398 4579 1643 4628 Hebdoma
1671 4616 1686 4641 ,
1715 4594 1744 4629 a
1764 4581 2022 4632 Cleomene
2042 4584 2131 4631 La-

584 4651 878 4701 cedaemonio
900 4652 1335 4713 essentintersecti,
1359 4656 1513 4705 eoacti
1547 4659 1661 4706 sunt
1690 4659 1845 4720 Argivi
1881 4660 2135 4709 nonnullos

584 4743 646 4777 ex
664 4727 830 4777 vicinis
851 4728 1052 4789 imperio
1073 4741 1162 4778 suo
1178 4730 1405 4791 subditis,
1433 4745 1555 4795 quos
1587 4733 1821 4783 Ρετίωοοε
1853 4736 2103 4784 nominant
2118 4771 2131 4794 ,

587 4807 635 4853 in
655 4805 899 4854 civilatem
926 4806 1220 4868 assumere]

646 4871 908 4945 [Quocirca
930 4885 976 4934 in
997 4886 1235 4936 nonnullis
1266 4887 1382 4936 locis
1398 4887 1551 4936 solent
1576 4887 1592 4948 (
1604 4888 1952 4948 praestantiores
1976 4889 2131 4950 viros)

582 4962 860 5011 ‹istracismo
877 4963 938 5012 ad
952 4965 1135 5012 certum
1153 4966 1341 5026 tempus
1359 4966 1581 5025 relegare,
1597 4968 1654 5013 ut
1670 4965 1800 5027 Argis
1824 4969 1874 5015 et
1895 4968 2134 5031 Athenis]

646 5038 807 5099 [Argis
823 5041 1092 5100 optimam,
1113 5054 1282 5102 magna
1303 5040 1352 5089 in
1387 5040 1554 5101 [)τωὶἰο
1589 5039 1817 5089 adversus
1836 5042 2133 5091 Lacedaemo·

589 5119 693 5162 nius
710 5116 768 5165 ad
795 5117 1082 5166 Mantineam
1105 5119 1359 5168 commisso
1384 5121 1517 5180 parta
1545 5118 1718 5180 gloria,
1741 5120 1897 5168 conati
1923 5124 2035 5170 sunt
2051 5121 2132 5170 do·

586 5192 859 5241 moen-aliam
878 5192 937 5242 de
955 5193 1109 5243 medio
1134 5194 1344 5257 tollere]

2714 3712 3261 3775 AEfflNETARUM.

2278 3903 2552 3953 Aristoteles
2584 3905 2633 3953 iu
2672 3831 3303 3971 AEginetaruligoltepubliea
3338 3911 3487 3962 etiam
3523 3915 3656 3978 apud
3692 3918 3775 3967 hos
3894 3959 3896 3984 ;

2217 3979 2558 4042 quadringenta
2573 3983 2754 4042 septem
2774 3982 2923 4034 millia
2939 3997 3189 4035 servorum
3210 3987 3355 4037 sitisse
3374 3987 3512 4038 dicit.
3894 3995 3896 4020 ²

2282 4141 2465 4204 [Etiam
2494 4143 2544 4191 in
2559 4144 2725 4206 AEgina
2738 4146 2778 4195 is
2796 4060 3142 4209 quilrligptaiu'm
3157 4149 3417 4211 prodenda
3432 4113 3567 4204 urbss
3580 4156 3773 4207 obn-eu

2217 4222 2409 4344 ρεξτὲι,
2428 4223 2628 4357 lpropter
2648 4222 2796 4271 talem
2814 4235 3009 4273 causam
3033 4226 3379 4288 rempublicam
3400 4233 3598 4283 mulam
3628 4247 3773 4284 onna-

2278 4372 2477 4434 [κομι
2500 4374 3138 4429 turhnoetmemtoenmin
3164 4382 3405 4468 AEginaet
3428 4385 3605 4450 mio]

2702 4468 3265 4535 leYoNlORUM.

2931 4590 2951 4638 l
3038 4628 3050 4640 .
3894 4623 3896 4630 ·

2281 4666 2419 4722 Quod
2455 4679 2628 4715 nomen
2667 4667 2919 4719 obolorum
2951 4590 3151 4732 eminet,
3193 4675 3413 4725 nonnulli
3452 4675 3625 4728 dicunt
3664 4656 3777 4730 oliui
3894 4711 3896 4724 ·

2218 4742 2370 4805 longis
2388 4744 2539 4794 obolis
2559 4747 2577 4798 (
2585 4746 2719 4806 quasi
2739 4748 2949 4797 verubus
2969 4748 3146 4811 quibus
3159 4751 3373 4813 figuntur
3397 4754 3553 4804 frusta
3572 4756 3776 4816 bubula)
3894 4741 3896 4748 ⁵

2220 4835 2331 4870 usos
2352 4835 2453 4870 esse
2477 4821 2527 4872 in
2559 4825 3014 4887 permutationibus3
3036 4841 3205 4878 eorum
3220 4830 3476 4881 obolomm
3506 4835 3774 4885 multitudi-

2219 4912 2331 4948 nem
2366 4903 2547 4962 quanta
2573 4901 2746 4963 pugillo
2770 4905 2959 4966 (δρακὶ)
2991 4908 3331 4969 comprehendi
3355 4913 3541 4971 posset,
3566 4913 3776 4976 δραχμὴν
3894 4923 3896 4986 J

2221 4975 2503 5037 appellatam
2523 4990 2650 5037 esse3
2674 4978 2769 5054 ista
2801 4992 2917 5030 vero
2940 4983 3136 5032 nomina
3158 4985 3444 5035 etiamtum
3459 5023 3474 5046 ,
3497 5001 3659 5049 quum
3685 5005 3773 5040 nu·
3894 5019 3896 5040 ἰ

2222 5054 2391 5100 misma
2407 5052 2453 5100 id
2478 5055 2524 5101 in
2545 5057 2826 5114 praesentem
2851 5070 2991 5106 usum
3010 5060 3387 5110 transmutatum
3408 5066 3566 5126 esset,
3590 5079 3652 5114 ex
3680 5069 3775 5131 pri·
3894 5071 3896 5118 ἓ

2221 5129 2344 5176 stina
2370 5129 2598 5177 memoria
2631 5132 2926 5181 remansisse.
2960 5135 3237 5185 Aristoleles
3267 5150 3385 5187 vero
3404 5139 3579 5189 eadem
3617 5142 3778 5193 dicem
3894 5121 3896 5188 ἶ

2226 5202 2271 5251 in
2298 5204 2550 5265 Republica
2586 5205 2943 5269 Sicyoniorum,
2971 5211 3185 5260 nonnihil
3211 5214 3372 5262 tamen
3395 5213 3630 5277 innovat,
3663 5217 3779 5268 dum
