3900 6042
583 457 693 510 126

1659 446 2148 507 ARlSTOTELlS
2190 445 2679 507 FRAGMENTA.

575 582 843 661 κληρωταί
874 604 929 639 τε
955 572 1090 652 ἦσαν
1130 581 1189 638 ἐκ
1217 580 1444 636 παλαιοῦ
1488 577 1579 636 καὶ
1620 579 1681 637 δι’
1712 582 1884 639 αὐτῶν
1918 583 1966 638 οἱ
1995 582 2132 639 δοκι·
2221 603 2282 658 p.
2312 583 2461 654 2503
2507 586 2818 640 Hermann.
2845 583 2879 656 S
2906 584 3038 651 134,
3070 583 3558 657 tssSehematm.
3584 605 3647 665 p.
3677 582 3794 645 310.

579 669 859 744 μασθέντες
889 667 1158 726 ἀνέὸαινον
1181 669 1253 729 εἰς
1267 665 1324 724 Ἀ
1334 689 1465 744 ρειον
1494 665 1679 744 πάγον.
1707 667 1802 727 Διὸ
1827 667 2135 744 καὶμᾶλλον

579 754 799 834 ἰσχύσας
833 759 861 812 ὁ
906 755 1168 834 Περικλῆς
1213 756 1266 812 ἐν
1308 757 1384 832 τῷ
1430 752 1582 833 δήμῳ
1621 754 2001 813 κατεστασίασε
2041 755 2137 826 τὴν

582 841 771 920 βουλὴν
789 886 805 914 ,
822 840 958 900 ὥστε
984 839 1077 910 τὴν
1095 838 1189 917 μὲν
1216 842 1556 920 ἀφαιρεθῆναι
1573 838 1664 908 τὰς
1677 840 1925 908 πλείστας
1944 842 2138 922 κρίσεις

581 928 645 986 δι’
673 927 955 1008 Ἐφιάλτου
977 973 994 1004 ,
1020 926 1243 1004 Κίμωνα
1275 928 1318 985 δ’
1342 931 1411 993 ὡς
1438 926 1767 1005 φιλολάκωνα
1802 927 1892 986 καὶ
1913 930 2137 1005 μισόδη-

581 1037 678 1090 μον
705 1016 1194 1094 ἐξοστρακισθῆναι,
1234 1013 1445 1094 πλούτῳ
1475 1013 1569 1089 μὲν
1611 1016 1700 1073 καὶ
1741 1015 1875 1092 γένει
1922 1017 2140 1092 μηδενὸς

579 1101 1015 1179 ἀπολειπόμενον,
1054 1101 1200 1169 νίκας
1243 1103 1298 1160 δὲ
1346 1102 1631 1167 καλλίστας
1669 1103 1974 1172 νενικηκότα
2020 1101 2138 1169 τοὺς

582 1188 878 1269 βαρὸοίρους
903 1190 993 1248 καὶ
1019 1190 1308 1269 χρημάτων
1336 1191 1543 1248 πολλῶν
1580 1188 1671 1246 καὶ
1694 1189 1939 1269 λαφύρων
1977 1192 2139 1267 ἐμπε-

577 1276 818 1347 πληκότα
838 1276 933 1346 τὴν
957 1279 1144 1337 πόλιν..

654 1366 997 1421 Demonides
1020 1368 1112 1422 hic
1148 1367 1301 1421 idem
1327 1386 1456 1422 cum
1487 1365 1807 1422 Damonide
1825 1406 1841 1435 ‚
1866 1369 2139 1423 Damonis

578 1451 838 1528 (musici)
879 1465 1072 1526 patre,
1114 1472 1282 1526 quem
1325 1451 1520 1510 Ὄαθεν
1556 1473 1669 1509 esse
1701 1453 1837 1507 dicit
1865 1456 2132 1527 stephan.

577 1542 708 1613 Byz.
733 1560 778 1597 s,
795 1560 853 1598 V.
875 1534 1006 1597 Ὀα.
1037 1541 1302 1597 Confusio
1335 1541 1636 1596 demorum
1660 1536 1793 1609 Οἷης
1818 1551 1872 1595 et
1900 1535 2037 1609 ’οης
2058 1543 2138 1597 sa—

576 1628 811 1696 cillima;
837 1647 893 1685 V.
917 1629 1158 1683 Sintenis
1180 1628 1253 1683 ad
1288 1628 1327 1685 l.
1347 1630 1496 1685 Plut.
1532 1630 1791 1685 Ceterum
1809 1629 1879 1685 cf.
1901 1630 2136 1688 Aristot-

582 1716 702 1772 Pol.
728 1717 815 1784 11,
846 1735 912 1790 9,
947 1713 1000 1769 3.

1305 1830 1404 1898 67.

660 1948 941 2005 Plutarch.
978 1946 1178 2004 Pericl.
1213 1964 1283 2000 10
1314 1963 1328 2003 :
1363 1943 1658 2028 Ἐφιάλτηγ
1677 1943 1771 2019 μὲν
1796 1934 1883 2003 οὖν
1914 1942 2135 2024 φοὸερὸν

575 2030 700 2087 ὄντα
735 2039 840 2095 τοῖς
860 2031 1214 2107 ὀλιγαρχικοῖς
1246 2030 1335 2088 καὶ
1362 2029 1482 2106 περὶ
1507 2030 1602 2096 τὰς
1638 2028 1853 2095 εὐθύνας
1880 2029 1971 2087 καὶ
2015 2029 2134 2087 διώ-

578 2116 676 2184 ξεις
718 2120 820 2173 τῶν
850 2116 937 2175 τὸν
979 2118 1143 2191 δῆμον
1168 2116 1481 2174 ἀδικούντων
1525 2115 1883 2196 ἀπαραίτητον
1919 2117 2137 2175 ἐπιδου-

578 2204 855 2270 λεύσαντες
890 2207 937 2263 οἱ
961 2203 1135 2284 ἐχθροὶ
1170 2205 1236 2262 δι’
1267 2204 1613 2281 Ἀριστοδίκου
1642 2209 1733 2263 τοῦ
1769 2206 2137 2284 Ταναγρικοῦ,

579 2291 844 2371 κρυφαίως
865 2294 1090 2361 ἀνεῖλον,
1125 2297 1194 2357 ὡς
1231 2290 1587 2371 Ἀριστοτέλης
1624 2290 1848 2371 εἴρηκεν.
1879 2295 2139 2368 Ignorari

577 2381 743 2435 caedis
770 2391 1024 2436 auctores
1058 2379 1256 2435 dicunt
1281 2382 1572 2455 Antiphon
1597 2384 1683 2438 De
1707 2380 1858 2437 caede
1897 2382 2141 2437 Herodis

581 2467 616 2542 S
645 2489 740 2539 77,
767 2478 822 2523 et
848 2468 1137 2524 Diodorus
1159 2470 1247 2524 XI
1266 2510 1281 2537 ,
1319 2489 1415 2540 77.

659 2556 816 2612 Idem
866 2557 1005 2613 ibid.
1048 2575 1098 2615 c.
1149 2557 1224 2610 28
1272 2556 1343 2611 de
1393 2556 1621 2612 Periclis
1655 2557 1713 2610 in
1760 2556 1976 2611 Samios
2017 2575 2140 2611 cru-

577 2643 803 2699 delitate
831 2644 967 2697 nihil
995 2643 1218 2698 tradere
1243 2644 1592 2698 Aristotelem
1618 2644 1791 2715 dicit,
1817 2643 1977 2716 quod
1999 2644 2137 2698 Plu-

575 2733 801 2785 tarchus
845 2741 1039 2785 monet
1084 2742 1281 2785 contra
1329 2730 1604 2786 Duridem
1635 2729 1743 2802 (fr.
1794 2726 1937 2804 60);
1985 2729 2138 2784 idem

576 2836 627 2870 c.
662 2816 737 2871 26
783 2819 1054 2872 Periclem
1082 2835 1112 2870 a
1140 2817 1359 2872 Melisso
1390 2818 1595 2890 proelio
1620 2817 1801 2872 navali
1829 2818 2041 2871 victum
2067 2836 2137 2873 ex

579 2906 879 2959 Aristotele
905 2914 1118 2961 narrat.
1147 2907 1215 2961 V.
1242 2906 1408 2976 Resp.
1433 2905 1770 2960 Samiorum-

1303 3019 1401 3079 68.

659 3149 849 3204 Schol.
901 3149 1188 3221 Aristoph.
1229 3150 1396 3221 Vesp.
1430 3147 1539 3213 684
1577 3164 1592 3205 τ
1644 3149 1816 3205 Τοῦτο
1853 3147 1908 3206 δὲ
1939 3157 2044 3224 (se.
2075 3148 2134 3207 τὸ

579 3231 894 3308 δικαστικόν)
919 3233 1104 3289 ἄλλοτε
1131 3231 1302 3298 ἄλλως
1330 3232 1547 3307 ἐδίδοτο,
1569 3235 1671 3290 τῶν
1699 3235 2030 3312 δημαγωγῶν
2063 3234 2129 3294 τὰ

575 3320 750 3391 πλήθη
778 3318 1164 3378 κολακευόντων
1181 3364 1200 3396 ,
1219 3318 1288 3386 ὥς
1306 3342 1462 3392 φησιν
1491 3320 1600 3400 Ἀρ.
1634 3323 1685 3378 ἐν
1707 3323 2022 3389 Πολιτείαις.
2054 3358 2135 3369 —-

576 3410 664 3466 Cf.
693 3411 871 3467 schol.
902 3410 975 3465 ad
997 3411 1143 3466 Plut.
1176 3409 1289 3484 329
1318 3429 1332 3464 t
1356 3409 1477 3486 Οὐχ
1503 3405 1686 3467 ἵστατο
1712 3415 1801 3468 τοῦ
1831 3410 2132 3470 δικαστικοῦ

577 3500 606 3554 ὃ
635 3495 848 3571 μισθὸς,
881 3493 1016 3553 ἀλλὰ
1048 3494 1182 3553 κατὰ
1215 3494 1391 3575 καιρὸν
1436 3494 1774 3571 Μαλλον.
1822 3501 1906 3556 Cf.
1948 3502 2127 3557 schol.

575 3586 721 3642 Ran.
755 3591 884 3653 140,
911 3588 1018 3641 Av.
1052 3584 1222 3654 1541,
1243 3588 1410 3659 Vesp.
1438 3585 1536 3644 88.
1565 3586 1698 3645 300.
1724 3587 1839 3661 609
1873 3599 1979 3645 ete.
2004 3592 2130 3645 Ari·

576 3682 713 3728 stot.
738 3672 906 3729 Polit.
933 3673 1037 3745 lv,
1074 3678 1137 3741 4,
1172 3671 1238 3742 53
1263 3677 1341 3748 V,
1370 3693 1436 3748 9,
1470 3673 1525 3729 3.
1544 3674 1775 3732 Boeckh.
1803 3677 2057 3731 Senatsh.
2083 3679 2130 3747 I,

2951 697 3049 771 69.

2303 819 2515 874 Zenob.
2556 820 2661 886 vl,
2707 836 2781 891 ²9
2839 835 2853 870 ε
2899 812 3095 895 Ὑπὲρ
3139 814 3217 873 τὰ
3268 815 3795 894 Καλλικράτους·

2225 900 2499 982 Κλέαρχός
2526 924 2680 982 φησιν
2718 899 2798 958 ὅτι
2829 899 3199 979 Καλλικράτης
3255 923 3329 966 τις
3360 900 3583 978 ἐγένετο
3606 906 3660 959 ἐν
3691 907 3796 963 Κα-

2230 989 2403 1069 ρύστῳ
2425 986 2829 1054 πλουσιώτατος.
2872 987 2938 1046 Εἴ
2965 1010 3092 1045 ποτε
3124 987 3425 1062 ἐθαύμαζόν
3450 1011 3575 1046 τινα
3603 991 3651 1048 οἱ
3690 992 3792 1049 Ka·

2228 1075 2422 1155 ρύστιοι
2460 1076 2547 1133 ἐπὶ
2587 1073 2799 1152 πλούτῳ
2837 1073 3167 1154 ὓπερὸολικῷ
3187 1117 3203 1146 ,
3230 1075 3420 1152 ’ἔλεγον
3442 1120 3461 1153 ,
3511 1074 3708 1156 ςΥπὲρ
3730 1078 3794 1135 τὰ

2230 1161 2754 1241 Καλλικράτους.
2783 1160 3154 1241 Ἀριστοτέλης
3181 1161 3239 1220 δέ
3273 1185 3441 1243 φησιν
3490 1164 3547 1220 ἐν
3574 1167 3641 1242 τῇ
3666 1171 3794 1236 Αθη-

2225 1248 2382 1306 ναίων
2422 1249 2659 1328 πολιτείᾳ
2677 1292 2694 1319 ,
2745 1249 3119 1327 Καλλικράτην
3162 1248 3276 1307 τινὰ
3316 1253 3542 1328 πρῶτον
3583 1254 3687 1308 τῶν
3725 1254 3791 1309 δι·

2225 1340 2432 1395 καστῶν
2453 1335 2569 1403 τοὺς
2605 1335 2815 1412 μισθοὺς
2842 1339 2915 1404 εἷς
2943 1336 3243 1416 ὑπερὸολὴν
3270 1337 3511 1410 αὐξῆσαι
3530 1362 3545 1374 ·
3576 1338 3689 1397 ὅθεν
3713 1339 3791 1397 καὶ

2225 1422 2319 1494 τὴν
2343 1424 2628 1504 παροιμίαν
2652 1428 2907 1504 εἰρῆσθαι.

2304 1510 2516 1568 Eadem
2537 1515 2874 1588 Diogenian.
2894 1514 3029 1570 VIII
3048 1554 3065 1585 ,
3085 1512 3183 1582 62,
3208 1516 3481 1587 Apostol.
3500 1516 3681 1583 XIX,
3703 1515 3791 1590 86,

2225 1598 2507 1658 Plutarch.
2539 1602 2708 1658 ProV.
2747 1619 2847 1656 111
2871 1641 2887 1673 ,
2925 1604 3119 1656 Arsen.
3160 1599 3307 1669 458,
3355 1602 3598 1670 Suidas,
3643 1603 3783 1658 Pho-

2228 1686 2357 1742 tius.

2954 1784 3051 1835 70.

2305 1904 2585 1962 Plutarch.
2615 1904 2805 1961 Nicias
2832 1925 2884 1963 c.
2934 1924 2968 1960 2
3000 1922 3015 1963 τ
3045 1900 3290 1962 Ἐνεστιν
3322 1898 3420 1962 οὖν
3464 1905 3590 1985 περὶ
3618 1903 3785 1966 Νικίου

2226 1991 2440 2066 πρῶτον
2486 1991 2648 2047 εἰπεῖν
2706 1990 2735 2049 8
2787 1988 3044 2070 γέγραφεν
3094 1990 3492 2069 Ἀριστοτέλης,
3548 1992 3628 2051 ὅτι
3665 2000 3782 2071 τρεῖς

2225 2073 2458 2149 ἐγένοντο
2483 2076 2742 2152 βέλτιστοι
2776 2080 2879 2135 τῶν
2916 2078 3144 2134 πολιτῶν
3169 2076 3261 2134 καὶ
3285 2076 3564 2157 πατρικὴν
3592 2079 3780 2157 ἔχοντες

2227 2159 2431 2218 εὔνοιαν
2458 2162 2548 2220 καὶ
2578 2164 2751 2242 φιλίαν
2774 2162 2903 2242 πρὸς
2930 2162 3019 2220 τὸν
3049 2162 3249 2238 δῆμον,
3274 2164 3472 2230 Νικίας
3500 2169 3529 2222 ὃ
3561 2164 3778 2242 Νικηρά-

2222 2269 2312 2304 του
2374 2246 2465 2305 καὶ
2505 2248 2828 2321 Θουκυδίδης
2887 2252 2917 2306 ὃ
2985 2249 3259 2320 Μελησίου
3304 2251 3401 2308 καὶ
3476 2252 3778 2331 Θηραμένης

2223 2335 2252 2390 ὃ
2280 2331 2546 2410 Ἅγνωνος.

2929 2461 3001 2514 70
3025 2462 3085 2501 α.

2304 2554 2493 2612 801101.
2516 2556 2612 2612 ad.
2640 2558 2875 2614 Lucian.
2905 2558 3054 2616 Tim.
3084 2576 3138 2615 c.
3172 2557 3245 2612 30
3279 2576 3294 2615 :
3326 2555 3574 2628 Ἐπέσιη
3603 2551 3768 2613 Κλέων

2221 2637 2312 2696 καὶ
2335 2642 2400 2716 τῇ
2425 2639 2553 2719 πρὸς
2575 2640 3016 2717 Λακεδαιμονίους
3043 2641 3220 2720 εἰρήνῃ
3239 2687 3254 2712 ,
3283 2644 3355 2707 ὡς
3375 2642 3672 2721 Φιλόχορος
3692 2639 3771 2697 καὶ

2224 2723 2274 2782 Ἀ
2286 2725 2622 2805 ριστοφοίνης,
2663 2727 2901 2806 προσθεὶς
2951 2726 3181 2806 ἄρχοντα
3222 2726 3459 2788 Εὔθυνον
3500 2731 3619 2804 (01.
3664 2726 3763 2795 88,

2226 2812 2258 2867 3
2277 2813 2322 2886 ).
2354 2811 2708 2890 Ἀριστοτέλης
2751 2812 2806 2872 δὲ
2849 2814 2939 2872 καὶ
2968 2813 3396 2894 περιζωσάμενοι*
3444 2815 3601 2874 αὐτὸν
3643 2810 3766 2887 λέγει

2224 2901 2624 2978 δημηγορῆσαι,
2654 2906 2724 2967 εἰς
2746 2901 2845 2972 τὴν
2875 2901 3176 2981 θρασύτητα
3206 2905 3364 2962 αὐτοῦ
3400 2902 3763 2963 ἀποσκώπτων.

2301 2992 2435 3061 Quae
2468 2991 2890 3047 Hemsterhusio
2919 3004 2977 3047 et
3004 2993 3292 3048 Siebelisio
3326 2993 3422 3066 (v,
3458 2992 3762 3049 Philochor.
3856 3055 3857 3058 Ἴ

2222 3077 2290 3133 fr.
2341 3077 2477 3151 106)
2522 3079 2599 3133 ita
2645 3080 3064 3152 transponenda
3104 3080 3450 3136 videbantur
3494 3100 3510 3134 x
3547 3081 3614 3141 ὣς
3647 3075 3762 3134 Φιλ.
3856 3073 3857 3112 ἶ

2218 3161 2454 3239 προσθεὶς
2478 3160 2599 3241 ἄρχ.
2623 3164 2691 3223 Ε.
2714 3164 2804 3222 καὶ
2821 3163 3191 3243 Ἀριστοτέλης.
3209 3165 3259 3224 Ἀ
3269 3165 3640 3246 ριστοφοὶνηςκ.
3654 3185 3697 3219 τ.
3712 3161 3757 3217 λ-

2216 3249 2372 3305 Istud
2401 3249 2638 3326 προσθεὶς
2675 3253 2750 3307 ad
2785 3254 3187 3308 Philochorum
3228 3256 3518 3328 pertinere
3548 3251 3757 3325 largior.
3854 3317 3855 3328 γ

2217 3336 2523 3392 Nominum
2573 3341 3063 3412 transpositionem
3094 3360 3166 3396 ne
3196 3353 3410 3398 certam
3443 3342 3648 3406 dicam,
3681 3353 3757 3391 se-

2219 3440 2398 3493 quens
2441 3425 2622 3479 obstat
2651 3432 3019 3499 fragmentum
3045 3430 3246 3499 parile.
3276 3430 3472 3484 Schol.
3513 3431 3644 3484 Luc.
3689 3422 3755 3477 ob

2219 3510 2414 3563 oculos
2429 3510 2691 3566 habuerit
2709 3524 3211 3575 commentatorem
3230 3515 3631 3591 Aristophanis.
3657 3512 3753 3565 Pro

2216 3594 2479 3668 Euthyno
2523 3597 2609 3671 (v.
2642 3600 2887 3656 Clinton.
2915 3600 2989 3657 ad
3018 3601 3110 3657 01.
3143 3602 3249 3671 88,
3295 3603 3364 3678 3)
3419 3596 3749 3677 exspectabas

2216 3681 2549 3738 Stratoclem
2574 3684 2698 3759 (01.
2730 3683 2836 3755 88,
2869 3691 2900 3751 l.
2921 3681 2961 3762 ).

574 3845 849 3893 sacrorum,
887 3845 1046 3895 neque
1071 3833 1408 3896 polemarchus
1442 3837 1573 3885 sorte
1601 3836 1706 3885 erat
1731 3836 1914 3899 lectus;
1947 3838 2136 3887 11111111ιί

575 3910 882 3972 magistratus
906 3913 1037 3960 sorte
1070 3912 1335 3973 antiquitus
1354 3913 1705 3977 obveniebant,
1735 3927 1794 3964 sc
1814 3916 1900 3978 qui
1930 3929 1983 3967 se
2007 3917 2055 3966 in
2080 3916 2137 3966 iis

577 3988 813 4036 obeundis
856 3988 1162 4051 probassent,
1202 3989 1235 4037 ii
1261 3989 1310 4037 in
1343 3992 1561 4039 senatum
1594 3992 1978 4054 Areopagiticum
2018 4007 2135 4042 coo-

577 4066 854 4127 ptsbsntur.
887 4066 1118 4115 ceterum
1138 4065 1300 4127 populi
1318 4066 1502 4115 auxilio
1520 4068 1726 4118 Pericles
1745 4071 1969 4120 senatum
1988 4071 2135 4121 istum

577 4145 785 4193 factione
804 4155 891 4192 sua
918 4142 1037 4192 vicit
1059 4143 1320 4205 effecitque
1343 4157 1489 4205 opera
1517 4145 1752 4207 Ephialtis
1769 4183 1784 4205 .
1817 4150 1875 4197 ut
1905 4149 1948 4198 ei
1981 4148 2136 4210 maJor

575 4234 685 4283 pars
705 4219 999 4282 iudiciorum
1023 4219 1334 4280 adimeretur,
1361 4220 1632 4284 cimonque
1647 4224 1878 4286 tanquam
1914 4225 2134 4276 Lacedoe-

579 4298 849 4346 moniorum
889 4297 1066 4357 fautor,
1089 4298 1141 4345 et
1178 4295 1394 4346 infensus
1436 4298 1618 4360 populo
1638 4335 1653 4360 ,
1695 4300 1979 4350 ostrseismo
2015 4302 2135 4352 urbe

576 4376 848 4437 exigeretur
873 4394 885 4424 :
912 4373 996 4434 qui
1019 4378 1068 4424 et
1100 4375 1285 4424 divitiis
1301 4377 1351 4425 et
1368 4388 1540 4437 genere
1561 4377 1742 4426 nemini
1766 4378 2010 4427 secundus
2023 4415 2037 4439 ,
2057 4380 2133 4429 vi·

574 4453 750 4501 ctoriss
782 4451 844 4501 de
864 4451 1083 4501 barbaris
1117 4451 1468 4514 pulcherrimas
1487 4456 1844 4516 reportaverat,
1865 4455 2136 4516 urbemque

576 4543 746 4593 nngm
761 4531 978 4592 pecuniae
995 4530 1044 4578 et
1062 4529 1327 4592 spoliorum
1349 4530 1488 4592 copis
1509 4532 1793 4594 repleverat.

637 4690 913 4741 Aristoteles
929 4691 1103 4739 auctor
1137 4691 1211 4740 est
1235 4691 1471 4753 Ephialti,
1499 4692 1632 4755 quod
1657 4696 1783 4743 esset
1813 4693 1876 4743 ils
1903 4695 1988 4756 qui
2018 4708 2132 4757 psu-

576 4770 820 4818 0010111111
841 4768 1088 4830 republica
1121 4768 1412 4831 principatui
1455 4771 1716 4821 studebant
1736 4808 1751 4833 ,
1791 4769 2131 4834 formidabilis,

576 4847 724 4909 inque
756 4859 925 4895 eorum
950 4845 1034 4907 qui
1059 4846 1249 4908 plebem
1281 4847 1513 4897 loesissent
1551 4849 1838 4899 criminibus
1865 4848 2134 4900 deferendis

577 4925 721 4974 nimis
748 4923 957 4986 rigidus,
981 4923 1201 4973 inimicos
1228 4924 1427 4975 insidias
1455 4926 1688 4976 struxisse
1706 4939 1852 4989 opera
1877 4927 2132 4978 Aristodici

578 5001 822 5064 Tanagroei
848 5001 973 5050 clam
991 5001 1238 5051 ocoiriioee.

640 5179 822 5226 Merces
829 5174 1067 5235 ‚iudicialis
1076 5175 1184 5224 aliis
1194 5175 1489 5237 temporibus
1500 5173 1594 5223 alia
1610 5175 1832 5236 dabatur,
1852 5175 2132 5239 demagogis
2167 5231 2178 5239 ,

2222 3843 2387 3904 populi
2405 3842 2789 3894 benevolentiam
2808 3845 3097 3897 blandiendo
3120 3849 3458 3912 captantibus,
3473 3851 3527 3897 ut
3547 3844 3742 3897 Aristote-

2220 3917 2291 3968 les
2308 3919 2356 3968 in
2373 3933 2518 3982 opere
2538 3920 2599 3971 de
2611 3922 2774 3972 Rebus
2789 3923 3008 3985 publicis.

2930 4023 3022 4073 69.

2284 4114 2564 4164 Aristoteles
2588 4114 2639 4165 iu
2677 4116 2850 4166 Athen.
2890 4119 3007 4180 Rep.
3045 4117 3163 4166 dicit
3198 4117 3503 4168 Callicratem
3533 4110 3739 4177 quendam

2221 4191 2431 4253 primum
2469 4192 2693 4254 iudicum
2729 4195 3001 4244 mercedem
3033 4195 3291 4245 immodice
3320 4196 3537 4256 auxisse,
3568 4190 3741 4250 indeque

2219 4273 2381 4320 ortum
2401 4272 2709 4333 proverbium
2739 4275 2893 4323 Ultra
2911 4285 3068 4336 quam
3099 4274 3425 4325 Callicrates.

2282 4469 2353 4516 De
2386 4467 2519 4517 Nicia
2556 4470 2767 4531 primum
2805 4482 3185 4520 commemorare
3216 4470 3362 4533 licet,
3406 4467 3533 4533 quod
3574 4459 3737 4524 εοήβῑῑ

2219 4544 2531 4605 Aristotelen
2554 4545 2786 4596 nimirum
2818 4549 2918 4596 tres
2948 4546 3017 4595 ait
3045 4548 3256 4609 optimos
3287 4548 3431 4598 fuisse
3449 4547 3571 4596 cives
3596 4537 3736 4603 unffi&

2218 4633 2381 4670 amore
2403 4623 2522 4670 etin
2549 4622 2783 4684 populum
2809 4622 3145 4673 benevolentia
3173 4623 3408 4687 insignes,
3426 4621 3597 4676 niciam
3616 4615 3734 4667 Nioe·

2220 4697 2338 4759 rsti,
2364 4697 2698 4760 Thucydidem
2724 4699 2907 4749 melesii
2940 4702 2990 4750 et
3010 4700 3358 4751 Theramenem
3374 4699 3571 4764 Agnonis
3586 4694 3729 4743 tilium.

2930 4798 2997 4847 70
3023 4809 3080 4847 a.

2283 4891 2483 4942 Obstitit
2501 4891 2671 4955 Cleon,
2686 4905 2749 4942 ne
2769 4906 2865 4956 psx
2880 4906 2992 4943 cum
3018 4893 3390 4944 Lacedaemoniis
3408 4893 3558 4952 tieret,
3576 4889 3625 4936 ut
3642 4880 3729 4934 phi-

2186 4986 2203 4994 ·
2219 4969 2443 5020 lochorus
2471 4972 2557 5022 sit.
2584 4973 2922 5034 Aristophanes
2950 4977 3001 5022 et
3033 4974 3351 5024 Philochorus
3375 4976 3546 5023 fectum
3578 4965 3621 5017 id
3645 4971 3730 5011 effic

2219 5051 2487 5096 memorant
2520 5048 2612 5097 sub
2634 5050 2863 5099 archonte
2885 5050 3126 5113 Euthyno.
3164 5051 3448 5100 Aristoteles
3468 5049 3598 5098 etiam
3628 5048 3730 5102 Ρη·

2218 5123 2430 5174 cinctum
2450 5125 2496 5174 iu
2517 5125 2748 5176 concione
2770 5125 2947 5176 dixisse
2968 5127 3033 5175 ait
3049 5163 3062 5187 ,
3087 5127 3410 5177 temeritatem
3427 5127 3524 5189 ejus
3539 5121 3698 5172 notm-
