3900 6042
1483 487 1970 549 FRAGMENTA.

115 619 264 699 φησὶ,
306 618 408 677 καὶ
450 620 620 676 ἐκεῖνο
649 615 968 697 τρισχιλίων,
1011 615 1338 696 προειλήφθω
1377 619 1427 676 δ’
1460 618 1545 676 ἐπὶ
1591 620 1607 693 (
1629 620 1681 676 ἔν

110 710 245 766 Gsk.
272 710 291 783 )
321 704 540 769 τούτοις
568 702 831 781 δισχιλίων
860 701 1083 759 σταδίων
1107 702 1167 758 τὸ
1186 709 1277 761 τοῦ
1305 704 1501 760 κόλπου
1529 707 1683 781 βάθος

109 799 197 849 τοῦ
242 790 391 850 κατὰ
433 789 736 869 Νάρὸωνα,
778 792 847 853 ὡς
881 786 943 845 διν
972 787 1184 854 κάθετος
1212 789 1315 847 ἀπὸ
1336 794 1427 860 τῆς
1454 793 1679 869 κορυφῆς

117 881 197 936 ἐπὶ
233 879 335 948 τὴν
367 876 535 956 βάσιν
553 882 643 934 τοῦ
673 874 1063 951 ἀμὸλυγωνίου·
1097 877 1251 946 δῆλον
1284 867 1390 948 οὖν,
1420 877 1600 956 φησὶν,
1624 876 1682 932 ἐκ

115 971 206 1034 τῆς
245 966 516 1033 παιδικῆς
562 960 889 1041 μετρήσεως,
930 960 1008 1019 ὅτι
1058 966 1092 1031 ἡ
1140 960 1395 1037 σύμπασα
1448 961 1680 1041 παραλία

119 1059 149 1123 ἡ
178 1051 286 1110 ἀπὸ
311 1058 412 1110 τοῦ
441 1053 697 1129 Πορθμοῦ
724 1047 809 1105 ἐπὶ
834 1047 1044 1118 Στήλας
1071 1048 1283 1125 ἔγγιστα
1310 1047 1554 1128 ὑπερέχει
1592 1051 1682 1116 τῆς

117 1139 198 1196 διὰ
219 1144 314 1198 τοῦ
333 1139 608 1214 πελάγους
633 1134 829 1200 εὐθείας
839 1135 1196 1201 πεντακοσίοις
1219 1135 1463 1202 σταδίοις.
1499 1136 1682 1213 Προσ-

117 1227 361 1285 τεθὲντων
377 1225 435 1283 δὲ
453 1228 565 1282 τῶν
581 1222 683 1279 ἀπὸ
697 1225 789 1290 τῆς
809 1221 1207 1290 Πελοποννήσου
1230 1222 1316 1280 ἐπὶ
1335 1221 1422 1279 τὸν
1439 1218 1682 1300 Πορθμὸν

124 1312 455 1389 τρισχιλίων,
504 1313 556 1367 οἱ
598 1308 894 1384 σύμπαντες
934 1305 1138 1365 ἔσονται
1183 1307 1410 1378 στάδιοι,
1453 1306 1599 1363 αὐτοὶ
1635 1308 1682 1362 οἱ

123 1401 199 1455 ἐπ’
223 1397 430 1463 εὐθείας
447 1442 466 1469 ,
512 1395 721 1459 πλείους
742 1392 776 1464 ἢ
800 1392 1065 1451 διπλάσιοι
1101 1384 1173 1451 ὧν
1192 1393 1507 1471 Δικαίαρχος
1540 1382 1652 1450 εἶπε
1669 1415 1680 1426 ·

127 1487 326 1551 πλείους
348 1485 408 1542 δὲ
439 1482 646 1542 τούτων
672 1479 790 1547 τοὺς
816 1480 906 1537 ἐπὶ
927 1480 1014 1537 τὸν
1059 1480 1222 1559 μυχὸν
1253 1480 1340 1537 τὸν
1366 1479 1682 1560 Ἀδριατικὸν

125 1566 289 1643 δεήσει
307 1616 326 1644 ,
359 1573 498 1651 φησὶ
514 1617 530 1641 ,
558 1568 751 1626 τιθέναι
779 1569 897 1625 κατ’
922 1569 1129 1626 ἐκεῖνον.

203 1659 372 1731 Ἀλλ’,
406 1648 454 1716 ὦ
484 1656 608 1737 φίλε
632 1653 865 1715 Πολύὸιε
884 1697 901 1729 ,
933 1653 1061 1732 φαίη
1089 1676 1166 1720 τις
1184 1652 1269 1728 ἂν,
1295 1652 1472 1733 ὥσπερ
1500 1651 1685 1709 τούτου

128 1754 213 1806 τοῦ
238 1746 552 1824 ψεύσματος
586 1746 778 1820 ἐναργῆ
809 1740 1091 1820 παρίστησι
1119 1741 1207 1799 τὸν
1235 1741 1447 1820 ἔλεγχον
1466 1744 1502 1810 ἡ
1526 1747 1683 1817 πεῖρα

135 1832 180 1899 ἐξ
205 1835 372 1891 αὐτῶν
400 1822 476 1888 ὧν
517 1828 733 1908 εἴρηκας
771 1827 957 1898 αὐτὸς,
977 1830 1048 1892 εἷς
1076 1826 1171 1901 μὲν
1215 1828 1462 1885 Λευκάδα
1491 1829 1549 1884 ἐκ
1578 1828 1679 1883 Πε·

134 1918 450 1988 λοποννήσου
502 1913 879 1987 ἑπτακοσίους,
923 1916 1151 1971 ἐντεῦθεν
1188 1911 1243 1970 δὲ
1280 1911 1572 1978 τοὺς,ἶσους
1615 1913 1686 1976 εἰς

139 2004 404 2085 Κόρκυραν
424 2047 441 2073 ,
473 2001 573 2060 καὶ
610 2000 768 2057 πάλιν
802 2002 1032 2056 ἐντεῦθεν
1061 2001 1133 2065 εἰς
1161 1998 1225 2056 τὰ
1269 1994 1531 2075 Κεραύνια
1570 1994 1688 2061 τοὺς

139 2090 297 2163 ἴσους,
325 2091 416 2148 καὶ
442 2093 499 2147 ἓν
525 2086 672 2167 δεξιᾷ
714 2089 782 2153 εἰς
801 2085 893 2155 τὴν
926 2085 1219 2163 Ἰαπυγίαν,
1250 2084 1354 2142 ἀπὸ
1378 2083 1433 2141 δὲ
1459 2086 1561 2141 τῶν
1581 2085 1687 2142 Κε-

141 2176 364 2255 ραυνίων,
405 2174 505 2245 τὴν
549 2171 845 2251 Ἰλλυρικὴν
879 2172 1144 2250 παραλίαν
1173 2168 1398 2229 σταδίων
1428 2168 1688 2246 ἑξακισχι·

141 2264 254 2321 λίων
300 2262 487 2320 ἑκατὸν
533 2260 858 2333 πεντήκοντα
884 2281 897 2295 ·
939 2256 1100 2324 οὕτως
1149 2260 1362 2315 κάκεῖνα
1410 2254 1688 2336 ψεύσματά

144 2351 267 2406 ἐστιν
291 2346 572 2427 ἀμφότεροι
591 2392 608 2422 ,
635 2345 725 2403 καὶ
760 2344 787 2403 ὃ
811 2342 1126 2423 Δικαίαρχος
1150 2335 1290 2415 εἶπε,
1321 2341 1379 2399 τὸ
1417 2341 1521 2399 ἀπὸ
1549 2345 1687 2421 Πορ-

147 2441 262 2511 θμοῦ
277 2438 361 2494 ἐπὶ
382 2436 603 2504 Στήλας
618 2425 751 2491 εἶναι
770 2433 993 2490 σταδίων
1019 2429 1441 2508 ἑπτακισχιλίων,
1463 2428 1552 2486 καὶ
1572 2427 1600 2484 ὃ
1624 2423 1687 2484 σὺ

152 2518 296 2589 δοκεῖς
314 2521 612 2590 ἀποδεῖξαι.
638 2524 906 2595 Sequitur
931 2520 1220 2576 Strabonis
1246 2518 1680 2593 argumentatio.

868 2648 965 2718 57.

219 2773 412 2827 Strabo
436 2773 523 2826 111
543 2811 566 2841 ‚
592 2788 652 2842 p.
685 2787 793 2839 170
823 2788 836 2822 z
868 2765 976 2825 Καὶ
998 2763 1312 2842 Δικαίαρχος
1331 2762 1384 2820 δὲ
1413 2763 1503 2820 καὶ
1525 2762 1692 2841 Ἐρα-

157 2856 374 2926 τοσθίνης
400 2854 493 2912 καὶ
530 2852 798 2919 nomem<
830 2851 919 2910 καὶ
947 2853 995 2910 οἱ
1031 2852 1267 2908 πλεῖστοι
1293 2852 1396 2907 τῶν
1422 2848 1692 2919 Ἑλλήνων

155 2942 256 3021 περὶ
283 2942 365 2999 τὸν
388 2939 644 3021 Πορθμὸν
667 2939 1011 3020 ἀποφαίνουσι
1032 2935 1124 3002 τὰς
1145 2935 1371 3006 Στήλας.

415 3063 438 3140 [
467 3060 1124 3122 ΚΑΤΑΜΕΤΡΙΙΣΕῙΣ
1165 3055 1423 3132 OPQN]

228 3201 414 3256 Suidas
440 3204 597 3256 inter
619 3202 820 3274 scripta
848 3198 1153 3254 Dicaearchi
1175 3197 1367 3252 laudat
1398 3195 1443 3252 l(
1458 3216 1490 3249 α
1504 3215 1535 3249 τ
1547 3214 1579 3248 α
1596 3215 1633 3267 μ
1647 3215 1693 3276 ες

161 3284 393 3363 τρήσεις
433 3290 560 3344 τῶν
601 3289 661 3343 ἐν
704 3281 1187 3360 Πελοποννήσῳ
1227 3284 1411 3360 ὀρῶν.
1450 3283 1696 3336 Pertinet

3201 500 3311 551 253

1773 621 1844 675 ad
1873 623 2023 675 hunc
2056 621 2259 676 librum
2295 622 2449 676 locus
2486 622 2639 695 apud
2666 623 2961 677 Geminum
3008 620 3113 695 (fr.
3163 621 3313 695 58),

1773 727 1889 779 quo
1908 708 2159 779 Cyllenes
2178 708 2429 763 Arcadiae
2452 711 2657 763 montis
2681 708 2919 763 altitudo
2938 727 3050 764 sce.
3072 708 3318 763 Dicaear-

1774 794 1942 847 chum
2010 792 2296 851 definitur.
2359 797 2631 850 Praeterea
2687 813 2824 849 vero
2880 813 3055 866 (suum
3110 795 3320 849 Plinius

1772 881 1937 935 etiam
1964 881 2101 934 Pelii
2122 883 2326 936 montis
2343 882 2695 937 altitudinem
2722 882 3000 935 notaverit
3026 899 3056 935 e
3079 882 3321 935 Dicaear-

1773 967 1881 1020 cho
1911 986 2103 1037 regum
2141 986 2275 1021 cura
2303 987 2595 1041 permenso
2657 981 2863 1022 montes
2913 967 3002 1042 (v.
3050 968 3120 1025 fr.
3171 966 3318 1040 53),

1772 1054 2018 1125 itemque
2055 1072 2178 1125 quae
2206 1053 2278 1107 de
2305 1056 2595 1127 Atabyrii,
2640 1054 2853 1109 Rhodii
2894 1055 3129 1120 montis,
3174 1071 3324 1106 men·

1772 1157 1898 1195 sura
1928 1141 2194 1196 Geminus
2223 1141 2262 1194 l.
2296 1141 2333 1198 l.
2363 1142 2561 1208 habet,
2594 1158 2663 1195 ex
2691 1139 2891 1195 eodem
2920 1141 3074 1194 sonte
3098 1138 3324 1194 fluxisse

1773 1226 2070 1281 videantur
2097 1245 2109 1279 :
2148 1224 2393 1281 dubitari
2423 1229 2515 1281 vix
2537 1237 2749 1300 potest,
2773 1228 2911 1299 quin
2929 1226 3111 1281 Suidae
3142 1226 3325 1280 verbis

1773 1315 1992 1367 nonnisi
2019 1332 2148 1385 pars
2168 1312 2511 1387 significetur
2533 1325 2629 1368 aut
2659 1315 2763 1381 Γῆς
2798 1310 3047 1390 Περιόδου
3074 1323 3168 1367 aut
3188 1330 3324 1384 ope-

1771 1400 1847 1453 ris
1873 1401 2169 1472 peculiaris
2208 1401 2266 1453 in
2295 1418 2410 1472 quo
2440 1399 2811 1455 dimensiones
2856 1402 3133 1454 montium
3191 1399 3326 1451 insi-

1775 1488 2038 1559 gniorum
2076 1499 2192 1540 tum
2235 1487 2460 1541 Graeciae
2491 1498 2607 1540 tum
2648 1487 2952 1540 insularum
2978 1486 3324 1555 aliarumque

1774 1573 2002 1627 sortasse
2037 1574 2333 1647 regionum
2368 1574 2724 1628 Dicaearchus
2752 1573 3189 1645 consignaverat.
3222 1571 3323 1625 Ce-

1775 1669 1958 1714 terum
1994 1660 2367 1733 fragmentum
2386 1702 2402 1727 ‚
2443 1659 2601 1732 quod
2632 1659 2703 1713 de
2731 1660 2884 1713 Pelio
2918 1667 3111 1711 monte
3137 1658 3195 1711 in
3228 1674 3325 1710 eo·

1775 1745 1993 1801 dicibus
2025 1758 2303 1802 servatum
2325 1747 2647 1802 Dicaearcho
2682 1745 2880 1800 ascribi
2910 1744 3082 1817 solet,
3106 1761 3177 1797 ex
3206 1744 3327 1814 ipso

1774 1833 1884 1887 hoc
1899 1830 2357 1907 Καταμετρήσεων
2374 1852 2546 1907 opere
2564 1851 2677 1888 esse
2691 1832 3086 1905 depromptum
3102 1831 3329 1903 plurimi

1776 1930 2062 1992 putarunt.
2097 1922 2446 1993 Quamquam
2485 1920 2623 1974 nihil
2652 1919 2964 1993 fragmento
3001 1919 3140 1972 inest
3161 1958 3176 1985 ,
3209 1933 3327 1988 quo

1776 2008 1893 2061 haec
1920 2006 2608 2092 sententia-confirmetur.
2639 2009 2711 2063 V.
2738 2004 3113 2061 Introductio.

2501 2162 2596 2219 58.

1859 2325 2124 2379 Geminus
2146 2312 2321 2380 Eleu-1⁸.
2340 2326 2567 2380 Astron.
2600 2343 2613 2375 z
2636 2314 2792 2379 Ἔστι
2818 2318 2913 2394 μὲν
2941 2320 3031 2387 τῆς
3054 2316 3330 2387 Κυλλήνης

1780 2406 1839 2464 τὸ
1866 2406 1991 2486 ὕψος
2020 2407 2238 2464 ἔλασσον
2277 2406 2500 2464 σταδίων
2535 2406 2613 2477 ιε’,
2641 2408 2711 2471 ὡς
2746 2403 2993 2464 Δικαία
3012 2426 3166 2482 ρχος
3193 2406 3328 2461 ἅνα-

1784 2490 2123 2571 μεμετρηκὼς
2148 2491 2518 2571 ἀποφαίνεται·
2546 2496 2638 2548 τοῦ
2667 2490 2720 2548 δὲ
2755 2490 3060 2567 Ἄταὸυρίου
3090 2488 3329 2547 ἐλάσσων

1781 2580 1919 2636 ἐστὶν
1955 2583 1989 2649 ἦ
2029 2578 2237 2645 κάθετος
2265 2578 2486 2636 σταδίων
2537 2577 2619 2635 ιδ’.
2650 2582 2736 2635 De
2763 2580 2988 2651 Cyllene
3018 2578 3092 2636 cs.
3127 2578 3328 2633 Strabo

1781 2670 1913 2724 VIII
1931 2711 1948 2741 ,
1974 2687 2034 2741 p.
2056 2666 2168 2740 595
2195 2686 2211 2724 τ
2236 2663 2350 2735 Τὴν
2369 2669 2489 2741 γοῦν
2517 2664 2729 2722 κάθετον
2760 2666 2807 2721 οἳ
2833 2664 2926 2739 μὲν
2957 2661 3119 2720 εἴκοσι
3142 2662 3329 2720 στάδιά

1782 2777 1957 2833 φασιν,
1984 2758 2030 2811 οἱ
2055 2753 2109 2811 δὲ
2137 2752 2256 2811 ὅσον
2282 2752 2435 2810 πέντε
2457 2750 2547 2808 καὶ
2574 2750 2719 2808 δέκα.
2750 2753 2942 2825 Steph.
2970 2753 3097 2823 Byz.
3133 2770 3147 2805 ε
3187 2749 3327 2807 Κυλ·

1783 2841 1974 2911 λήνη...
2016 2840 2238 2898 σταδίων
2271 2839 2413 2897 ἐννέα
2435 2836 2580 2916 παρὰ
2609 2837 2770 2902 πόδας
2798 2835 3133 2912 ὀγδοήκοντα.
3170 2837 3329 2893 Idem

1783 2929 2009 2984 laudato
2045 2928 2398 3001 Apollodoro
2434 2936 2626 2980 narrat
2664 2924 2978 2979 Eustathius
3022 2923 3095 2977 ad
3130 2922 3326 2996 Odyss.

1782 3035 1838 3089 p.
1883 3019 2052 3089 1951,
2096 3014 2162 3069 15
2191 3014 2283 3069 ed.
2317 3016 2485 3069 Rom.

1741 3394 1796 3401 ‘—
1923 3393 1936 3397 -
2178 3390 2295 3395 ΡΗ..-

165 3450 306 3498 autem
327 3451 373 3499 in
404 3450 596 3501 Sardoo
633 3447 773 3497 mari.
812 3452 995 3497 verum
1033 3447 1164 3505 esto,
1211 3444 1393 3507 inquit,
1427 3443 1573 3491 etiam
1608 3442 1700 3489 hoc
1791 3439 1853 3488 ad
1877 3441 2063 3490 montes
2079 3437 2370 3499 Ceraunios,
2392 3439 2441 3486 et
2467 3436 2517 3486 in
2543 3435 2712 3484 dextra
2739 3432 2798 3482 ad
2831 3432 3098 3493 Iapygiam,
3125 3433 3174 3479 et
3198 3442 3227 3477 a
3244 3432 3332 3479 Ce-

165 3527 295 3574 trium
317 3527 517 3576 millium
535 3564 554 3585 ,
594 3527 644 3575 at
664 3523 1125 3587 comprehendantur
1143 3522 1193 3571 in
1217 3521 1274 3570 iis
1291 3519 1388 3569 duo
1405 3520 1497 3567 alia
1525 3518 1670 3567 millia
1684 3553 1699 3578 ,

169 3603 438 3661 profunditas
462 3615 644 3664 nempe
681 3602 814 3651 sinus
834 3600 959 3662 apud
995 3599 1297 3659 Narbonem,
1329 3599 1560 3658 tanquam
1597 3607 1699 3656 per·

171 3678 464 3737 pendicularis
505 3694 535 3729 a
571 3679 750 3727 vertice
771 3677 837 3726 ad
872 3676 1010 3725 basin
1046 3674 1204 3724 obtusi
1228 3672 1387 3734 anguli
1426 3671 1651 3733 trianguli
1685 3690 1697 3719 ε

173 3759 334 3804 mustat
348 3769 481 3818 ergo,
510 3755 701 3817 inquit,
721 3767 783 3803 ex
804 3751 1123 3813 dimensione,
1143 3750 1336 3813 qualem
1364 3747 1449 3811 ipsi
1472 3747 1602 3809 pueri
1627 3747 1699 3794 in·

173 3831 345 3882 nituere
361 3835 544 3895 sciunt,
564 3831 692 3895 quod
718 3833 869 3880 totam
889 3830 1177 3879 maritimam
1194 3841 1326 3876 oram
1343 3840 1372 3875 a
1392 3828 1530 3875 Freto
1550 3838 1702 3886 usque

174 3904 227 3952 ad
246 3909 488 3957 Colunmas
518 3908 742 3969 proxime
758 3905 946 3954 excedit
969 3906 1148 3953 rectam
1169 3917 1254 3965 per
1285 3902 1478 3963 pelagus
1504 3899 1700 3948 ductam

176 3981 319 4031 stadiis
331 3983 602 4045 quingentis
623 3999 635 4030 ε
653 3983 829 4044 quibus
854 3981 892 4030 si
916 3980 1155 4029 addantur
1174 3979 1267 4026 tria
1294 3977 1444 4025 millia
1462 3988 1573 4038 quae
1590 3978 1704 4023 sunt

1787 3518 1966 3567 rauniis
1988 3530 2122 3567 oram
2141 3516 2317 3579 lllyrici
2339 3528 2441 3564 esse
2468 3513 2624 3564 sexies
2659 3511 2789 3561 mille
2811 3512 3004 3559 centum
3028 3511 3077 3558 et
3101 3508 3336 3570 quinqua·

1786 3595 1916 3656 ginta
1929 3594 2194 3644 stadiorum
2222 3612 2233 3641 ε
2256 3593 2324 3641 ita
2338 3595 2598 3651 utrumque
2618 3589 2789 3638 salsum
2804 3589 2905 3647 est,
2920 3589 2969 3635 et
2985 3585 3112 3648 quod
3130 3585 3332 3635 Dieoear-

1788 3672 1907 3721 chus
1920 3685 1950 3720 a
1972 3673 2116 3720 Freto
2137 3668 2199 3718 ad
2224 3669 2485 3718 Columnas
2502 3666 2637 3727 ponit
2660 3664 2869 3726 spatium
2889 3664 3062 3724 septies
3079 3662 3210 3711 mille
3231 3664 3329 3710 sta-

1788 3748 1978 3797 diorum
1992 3784 2006 3808 ,
2034 3750 2083 3795 et
2105 3745 2235 3809 quod
2254 3747 2309 3794 tu
2328 3743 2504 3794 videris
2524 3742 2611 3791 tibi
2633 3741 2996 3790 demonstrasse.

2513 3870 2599 3920 5⁷.

1852 3991 2157 4042 Dicaearclms
2179 3992 2228 4038 et
2248 3986 2582 4038 Eratosthenes
2611 3987 2660 4033 et
2692 3983 2918 4046 Polybius
2944 3983 3337 4044 reliquorumque

178 4058 513 4120 ‘mmmm
535 4059 599 4109 ad
626 4061 845 4119 Fretum»
874 4060 1015 4107 emm
1036 4057 1087 4104 ¹¹²
1113 4055 1390 4104 ”mmmm
1413 4052 1591 4113 ‘stadia’
1624 4051 1702 4099 ⁵¹¹³
1791 4073 2072 4121 Graecorum
2096 4064 2293 4130 plurimi
2315 4064 2444 4113 eirca
2475 4063 2673 4111 Fretum
2699 4072 2802 4109 esse
2822 4060 3082 4110 Columnas
3102 4061 3334 4107 statuunt.

181 4131 268 4192 ipsa
294 4135 340 4182 in
363 4141 492 4186 reeta
516 4137 674 4197 linea,
698 4134 838 4198 plura
864 4148 1012 4197 quam
1038 4132 1240 4195 duplum
1276 4143 1443 4180 eorum
1475 4141 1587 4191 quae
1615 4128 1700 4178 Di-

183 4214 401 4264 ezras-elius
417 4214 675 4277 assignavit
701 4233 712 4262 :
734 4215 784 4262 et
801 4213 1061 4262 seeundum
1076 4209 1280 4271 eundem
1300 4209 1439 4271 plura
1461 4206 1536 4255 liis
1558 4218 1702 4267 opor-

181 4286 312 4348 tebit,
327 4289 501 4351 inquit,
523 4303 702 4354 ponere
718 4303 773 4339 ea
791 4303 899 4350 quae
930 4291 1042 4337 sunt
1060 4287 1123 4336 ad
1147 4286 1372 4335 intimum
1390 4284 1524 4334 sinus
1544 4281 1703 4331 Adria·

185 4364 272 4411 tici.

244 4444 402 4491 Verum
419 4479 436 4506 ‚
454 4446 520 4493 mi
540 4443 736 4505 Polybi,
761 4443 935 4492 dixerit
957 4441 1154 4504 aliquis,
1174 4436 1580 4502 quemadmodum
1614 4435 1705 4483 hoc

2090 4175 2451 4238 MONTIUM
2494 4170 3031 4233 DIMENSIONES.

2512 4305 2601 4355 58.

1856 4429 2077 4491 Cyllenes
2097 4427 2273 4476 montis
2299 4424 2505 4474 altitudo
2522 4420 2794 4484 quindecim
2812 4419 2976 4469 stadiis
2991 4421 3153 4483 paullo
3184 4421 3339 4468 minor

190 4517 462 4569 mendacium
488 4520 733 4569 evidenter
750 4519 918 4569 refellit
936 4516 1247 4580 experientia,
1265 4514 1337 4563 his
1350 4513 1464 4575 ipsis
1478 4524 1588 4573 quoe
1604 4513 1708 4560 tute
1801 4509 1900 4569 est,
1920 4509 1976 4556 ut
1995 4506 2324 4565 Dicaearchus,
2362 4502 2444 4566 qui
2478 4513 2700 4551 emensus
2725 4501 2938 4548 montem
2965 4502 3068 4560 est,
3105 4498 3336 4558 ostendit;

193 4594 424 4659 tradidisti,
447 4612 476 4648 a
494 4601 817 4661 Peloponneso
843 4597 906 4646 ad
931 4594 1202 4647 Leucadem
1226 4606 1327 4643 esse
1350 4590 1504 4641 stadia
1525 4590 1705 4651 septin-

1802 4582 2017 4644 Atabyrii
2054 4584 2215 4631 autem
2232 4582 2249 4642 (
2270 4579 2320 4628 in
2339 4578 2509 4629 Rhodo
2521 4576 2608 4626 ins.
2632 4578 2649 4640 )
2668 4575 2870 4625 altitudo
2883 4575 3006 4626 linea
3022 4573 3337 4638 perpendicu-

191 4673 338 4735 W,
351 4674 454 4725 iude
470 4673 755 4733 totidemad
772 4675 1027 4736 Corcyram
1043 4706 1058 4733 ,
1086 4670 1382 4731 totidemque
1400 4679 1564 4716 rursus
1591 4665 1704 4714 hine
1793 4661 1882 4709 lari
1901 4660 2058 4708 minor
2086 4660 2160 4708 est
2179 4655 2342 4707 stadiis
2363 4651 2766 4718 quattuordecim.
