3900 6042
599 456 705 509 1⁴2
742 458 784 500 Ο

1689 440 2187 501 ARISTOTELIS
2234 389 2731 500 FRAGMENTs.

584 578 778 639 Ἄντων
798 572 858 650 ἦν
886 578 1049 652 ὄνομα
1079 579 1153 656 τῷ
1174 577 1385 654 ἐραστῇ,
1415 577 1489 652 τῷ
1518 571 1571 630 δὲ
1596 549 1839 653 ἐρωμένω
1857 571 2129 642 Φίλιστος,
2220 568 2396 636 ἵπποις
2410 569 2536 648 πρὸς
2550 566 2664 634 τοὺς
2684 566 3064 644 ἀστυγείτονας,
3085 559 3486 647 οἶονῈρετριεῖς
3511 567 3617 624 καὶ
3636 569 3787 627 Χαλ-

585 669 654 731 ὡς
682 669 735 723 ἐν
762 668 866 730 τοῖς
894 663 1087 729 Αἰτίοις
1108 661 1370 726 Διονύσιος
1393 664 1421 718 6
1448 658 1665 730 ποιητὴς
1691 659 1954 738 ἱστόρησε.

2225 657 2380 717 κιδεῖς
2407 656 2495 713 καὶ
2525 653 2800 730 Μάγνητες
2832 655 2879 711 οῖ
2910 653 2992 710 ἐπὶ
3028 652 3315 734 Μαιάνδρῳ
3342 653 3433 712 καὶ
3457 656 3576 712 τῶν
3617 653 3789 711 ἄλλων

667 756 848 810 Allata
880 753 1084 828 procul
1115 752 1292 807 dubio
1323 768 1354 805 e
1382 760 1576 805 nostro
1614 749 1914 803 Aristotele
1947 744 2133 801 fluxe·
2230 742 2414 800 πολλοὶ
2437 741 2555 818 περὶ
2575 740 2670 810 τὴν
2706 739 2900 799 Ἀσίαν.
2983 760 2993 772 ·

589 854 755 915 runt,
814 858 1138 913 quanquam
1193 839 1331 895 alius
1360 837 1716 904 Aristoteles,
1760 834 2136 891 Chalcidensis

589 930 800 1001 patria,
837 925 908 982 de
936 927 1104 980 rebus
1139 925 1364 980 Euboeae
1408 924 1618 977 librum
1644 923 1971 993 scripserat,
2002 930 2136 974 teste

590 1014 1035 1087 Harpocratione
1056 1031 1111 1065 v.
1137 1006 1395 1089 Ἄργουρα
1428 1027 1443 1066 :
1474 1003 1633 1066 Ἔστι
1650 1005 1704 1063 δὲ
1731 1003 1882 1069 πόλις
1908 1008 2002 1073 τῆς
2027 1003 2137 1062 Εὖ-

589 1105 732 1172 ὅοίας
754 1108 805 1163 ἐν
825 1107 890 1182 τῇ
913 1103 1210 1181 Χαλκιδικῇ
1234 1099 1468 1177 κειμένη,
1488 1102 1560 1166 ὡς
1579 1097 1936 1177 Ἀριστοτέλης
1954 1100 1982 1154 6
1996 1096 2140 1155 Χαλ-

588 1191 756 1257 κιδεὺς
788 1193 839 1248 ἐν
868 1193 942 1269 τῷ
972 1189 1103 1268 Περὶ
1133 1187 1357 1253 Εὗὸοίας
1399 1187 1519 1262 (Cf.
1550 1188 1744 1261 steph.
1787 1189 1918 1259 Byz.
1947 1204 1990 1242 S.
2029 1203 2083 1237 ν.
2122 1200 2136 1240 :

589 1277 763 1343 Τόπος
791 1274 1046 1347 Εὖὸοίας,
1067 1274 1194 1332 ὅπου
1223 1275 1364 1332 δοκεῖ
1382 1273 1471 1332 τὸν
1494 1272 1779 1343 Πανόπτην
1803 1270 2008 1351 Ἑρμῆς
2044 1290 2140 1325 πε-

590 1362 906 1442 φονευκέναι.
944 1363 1282 1438 Apollodor.
1324 1369 1390 1419 fr.
1428 1360 1533 1417 152
1558 1360 1600 1435 ).
1631 1360 1822 1416 Schol.
1873 1357 2137 1431 Apollon.

588 1453 699 1508 Rh.
742 1453 799 1520 1,
830 1450 942 1506 558
973 1467 988 1508 ε
1028 1447 1251 1513 Σουΐδας
1275 1446 1364 1503 καὶ
1386 1444 1758 1524 Ἀριστοτέλης,
1788 1444 1836 1502 οἱ
1869 1440 1991 1519 περὶ
2027 1440 2134 1499 Εὗ-

592 1534 735 1602 6οίας
761 1532 1318 1613 πεπραγματευμένοι,
1363 1544 1418 1590 et
1471 1534 1565 1589 alii
1593 1532 1769 1607 (quos
1811 1550 1864 1585 ν.
1903 1531 1966 1584 in
1999 1534 2065 1587 fr.
2105 1527 2141 1582 6

591 1626 845 1698 Dionysii
874 1622 1287 1697 Chalcidensis)
1322 1621 1394 1677 de
1428 1632 1605 1676 matre
1633 1619 1863 1676 Achillis
1885 1617 2048 1671 aliter
2078 1633 2143 1670 ac

594 1712 758 1785 vulgo
785 1709 849 1765 fit
887 1721 1151 1765 statuunt.
1185 1711 1440 1765 Fortasse
1467 1706 1792 1764 Aristoteles
1818 1702 2145 1760 Chalciden·

590 1799 660 1852 sis
687 1809 805 1853 erat
844 1798 1001 1871 Pepli
1035 1807 1253 1852 auctor.

1273 1934 1463 2012 [ms]

674 2076 867 2152 [Arist.
877 2076 1080 2142 Pol.V‚
1109 2072 1141 2128 3
1160 2115 1176 2143 ‚
1196 2073 1231 2128 6
1261 2069 1390 2131 t'Ev
1410 2070 1635 2130 Χαλκίδι
1650 2067 1822 2136 Φόξον
1848 2067 1937 2126 τὸν
1961 2065 2146 2144 τύραν-

596 2184 680 2218 νον
712 2158 844 2236 μετὰ
880 2162 981 2216 τῶν
1020 2156 1292 2237 γνωρίμων
1320 2161 1348 2214 6
1376 2158 1537 2233 δῆμος
1574 2154 1769 2214 ἀνελὼν
1808 2153 1952 2220 εὐθὺς
1979 2152 2148 2231 εἴχετο

595 2251 685 2316 τῆς
713 2244 995 2311 πολιτείας.

679 2340 746 2404 V,
788 2354 891 2402 10,
918 2334 950 2389 3
981 2351 995 2392 2
1030 2328 1446 2410 (Μεταὸοίλλει)
1478 2317 1665 2394 καίεἰς
1691 2325 1997 2407 ὀλιγαρχίαν
2031 2328 2145 2403 (τυο

600 2418 798 2500 ραννίς)
821 2463 839 2493 ,
869 2416 1046 2498 ὥσπερ
1072 2425 1105 2489 ἡ
1130 2420 1182 2474 ἐν
1208 2416 1436 2478 Χαλκίδι
1464 2421 1498 2487 ἡ
1526 2414 1922 2486 ’Λντιλὲοντος.]

676 2511 760 2567 De
789 2508 1094 2583 oligarchia
1118 2505 1566 2564 Chalcidensium
1596 2505 1669 2560 cf.
1699 2506 1768 2559 fr.
1810 2522 1941 2578 ¹09·

1119 2665 1586 2744 [EPETleN.
1601 2663 1623 2741 ]

1273 2831 1480 2955 [ms-l

677 2992 875 3067 [Arist.
901 2994 1031 3050 Pol.
1067 2995 1163 3061 lv,
1190 2993 1247 3061 3,
1278 3010 1310 3047 α
1349 3010 1363 3048 :
1394 2989 1519 3050 Ἐπὶ
1551 2991 1653 3046 τῶν
1680 2988 1916 3067 ἀρχαίων
1943 2988 2145 3068 χρόνων

598 3078 741 3142 ὅσαις
768 3076 979 3135 πόλεσιν
1010 3079 1062 3134 ἔν
1090 3077 1195 3140 τοῖς
1215 3074 1395 3152 ἵπποις
1434 3079 1462 3145 ἡ
1488 3072 1703 3151 δύναμις
1730 3070 1812 3145 ἦν,
1846 3074 2145 3152 ὀλιγαρχίαι

597 3162 742 3242 παρὰ
770 3162 965 3228 τούτοις
987 3154 1140 3234 ἦσαν.
1168 3162 1438 3242 Ἐχρῶντο
1473 3160 1528 3219 δὲ
1564 3160 1690 3238 πρὸς
1716 3159 1831 3227 τοὺς
1866 3160 2142 3237 πολεμίους

601 3328 854 3388 Dionysius
873 3328 1015 3388 poeta
1037 3326 1086 3374 in
1118 3326 1282 3386 AEtiis,
1306 3326 1541 3374 Antonem
1569 3326 1821 3386 amatoris,
1857 3325 2022 3374 amasii
2060 3337 2149 3372 no-

601 3415 709 3458 men
733 3402 984 3451 Philistum
1005 3402 1180 3464 prodit.

660 3471 900 3533 [Al-gnra,
939 3472 1136 3521 Euboeae
1172 3471 1289 3520 urbs
1323 3472 1372 3520 in
1412 3470 1794 3521 Chalcidensium
1839 3471 2055 3533 regione,
2096 3474 2152 3521 ut

603 3550 879 3599 Aristoteles
899 3550 1223 3601 Chalcidensis
1242 3550 1311 3599 uit
1332 3550 1381 3598 in
1402 3549 1523 3599 libro
1541 3554 1613 3600 De
1634 3550 1857 3614 [iubeam]

1283 3665 1448 3734 [losl

662 3770 922 3839 [Chalcide
943 3778 1165 3840 populus,
1185 3791 1338 3840 quum
1362 3780 1580 3828 Phoxum
1604 3782 1864 3842 tyrannum
1897 3795 2011 3831 cum
2029 3782 2149 3831 illu·

600 3853 777 3903 stt-ibus
808 3856 858 3902 et
888 3853 1027 3902 claris
1049 3853 1164 3903 viris
1197 3855 1483 3917 sustulisset,
1511 3857 1739 3905 continuo
1768 3871 1819 3906 se
1841 3858 1904 3906 ad
1934 3860 2151 3921 politiam

602 3929 803 3978 contulit
826 3932 972 3991 atque
989 3929 1258 3991 applicavit.
1272 3930 1290 3992 ]

666 4008 995 4070 [Transfertur
1011 4009 1231 4070 tyrannis
1246 4012 1296 4058 et
1327 4008 1378 4057 in
1399 4008 1733 4073 eligas-chiam,
1765 4015 1820 4062 ut
1842 4013 1893 4063 in
1925 4014 2152 4064 Chalcide

601 4085 815 4146 tyrannis
835 4083 1168 4146 Autileontis]

1059 4202 1703 4291 [sumatmsmu]

1288 4334 1458 4404 [ιω]

662 4461 866 4525 [Priscis
898 4462 993 4512 illis
1015 4463 1339 4527 temporibus,
1364 4466 1541 4529 quibus
1575 4469 1851 4519 civitatibus
1867 4473 2077 4532 potentia
2103 4471 2151 4520 in

601 4539 816 4600 equitatu
833 4538 1146 4601 consistebat,
1167 4542 1295 4604 apud
1312 4542 1396 4591 lias
1413 4548 1551 4592 erant
1568 4546 1855 4607 oligarehioe.
1879 4547 2150 4597 utebantur

601 4617 764 4662 autem
788 4614 925 4676 equis
947 4614 994 4663 iu
1019 4615 1178 4666 hostes
1192 4631 1315 4679 quos
1341 4618 1581 4669 habebant
1603 4620 1854 4682 finitimos,
1883 4637 1929 4672 v.
1958 4637 2005 4685 g.
2035 4627 2151 4674 Ere·

602 4691 801 4738 trienses
815 4692 864 4738 et
878 4689 1213 4741 Chalcidenses
1225 4729 1239 4751 ,
1264 4697 1313 4743 et
1334 4698 1576 4758 Magnetes
1598 4699 1682 4760 qui
1702 4699 2001 4749 Maeandrum
2015 4714 2150 4750 acco·

604 4764 765 4813 lebant
791 4767 841 4814 et
859 4766 997 4815 multi
1018 4768 1098 4816 alti
1120 4769 1242 4818 Asiae
1260 4772 1472 4834 populi.]

667 4847 930 4911 [oriuntur
950 4851 1095 4901 etiam
1114 4853 1366 4905 seditiones
1383 4870 1446 4906 ex
1465 4858 1646 4908 mutuis
1664 4861 1856 4910 offensis
1877 4876 1998 4924 quas
2015 4864 2153 4926 pauci

604 4926 906 4977 dominantes
930 4930 1052 4979 inter
1087 4943 1138 4980 se
1164 4937 1417 4996 exercent,
1459 4934 1577 4984 dum
1616 4939 1908 4987 matrimonii
1944 4940 2153 5001 judicio-

607 5017 778 5054 rumve
795 5019 938 5055 causa
959 5007 1225 5060 simultates
1244 5024 1329 5073 per
1352 5011 1580 5063 factiones
1601 5016 1894 5078 suscipiunt,
1919 5030 1971 5066 v.
1999 5029 2070 5080 gr.
2092 5033 2154 5069 ex

608 5095 750 5131 causa
789 5083 986 5145 nuptiali
1023 5085 1278 5138 seditiones
1303 5103 1423 5151 quas
1461 5094 1573 5140 ante
1603 5092 1837 5156 diximus,
1864 5097 1986 5144 ortae
2020 5101 2150 5147 sunt.

2303 832 2425 888 Pol.
2452 835 2519 898 V,
2538 828 2590 897 5,
2628 848 2727 883 10:
2764 826 3001 885 Γίνονται
3030 825 3084 884 δὲ
3115 825 3327 892 στάσεις
3357 825 3449 885 καὶ
3470 828 3539 885 ἐκ
3568 830 3670 885 τοῦ
3692 849 3796 884 πε-

2228 919 2523 994 ριωθεῖσθαι
2564 911 2766 993 ἑτέρους
2810 913 2894 994 ὑφ’
2930 912 3117 993 ἑτέρων
3152 916 3258 971 τῶν
3305 915 3360 971 ἐν
3396 918 3461 992 τῇ
3500 914 3795 993 ὀλιγαρχίᾳ

2227 1003 2422 1076 αὐτῶν,
2462 1000 2551 1058 καὶ
2587 999 3096 1068 καταστασιάζεσθαι
3133 998 3271 1058 κατὰ
3308 999 3517 1077 γάμους
3549 999 3588 1071 ἢ
3623 999 3793 1065 δίκας·

2232 1080 2341 1148 οἷον
2371 1090 2429 1146 ἐκ
2456 1092 2683 1164 γαμικῆς
2708 1087 2801 1162 μὲν
2826 1087 2995 1152 αἰτίας
3015 1089 3070 1145 αἱ
3092 1085 3365 1166 εἰρημέναι
3387 1088 3656 1166 πρότερον
3675 1108 3692 1121 ·
3714 1089 3800 1144 καὶ

2228 1174 2321 1245 τὴν
2350 1178 2403 1233 ἐν
2429 1173 2671 1253 Ἐρετρίᾳ
2692 1175 2738 1230 δ’
2765 1172 3073 1253 ὀλιγαρχίαν
3098 1173 3192 1245 τὴν
3227 1176 3333 1231 τῶν
3357 1171 3579 1231 ἱππέων
3603 1172 3795 1249 Διαγό·

2230 1285 2322 1340 ρας
2347 1259 2626 1319 κατέλυσεν
2653 1259 2912 1330 ἀδικηθεὶς
2928 1259 3047 1339 περὶ
3070 1257 3260 1335 γάμον.
3288 1261 3310 1337 ]
3339 1262 3428 1320 Cf.
3465 1262 3548 1318 de
3577 1264 3797 1317 Eretria

2230 1353 2300 1406 sr.
2337 1349 2461 1405 106.

2802 1471 3213 1557 [nPEl'mM

2884 1615 2906 1692 [
2918 1636 2939 1671 1
2949 1635 3026 1691 09
3051 1621 3124 1685 a.]

2313 1778 2515 1855 [Arist.
2541 1777 2667 1835 Pol.
2697 1780 2766 1850 V,
2796 1796 2852 1845 a,
2897 1796 2935 1850 9
2976 1794 2992 1836 t
3037 1774 3447 1834 Μεταδᾶλλουσι
3480 1774 3531 1832 δ’
3562 1776 3621 1833 αἰ
3652 1776 3798 1832 πολι·

2233 1872 2367 1922 τεῖαι
2398 1863 2489 1920 καὶ
2517 1862 2638 1919 ἄνευ
2666 1859 2966 1924 στάσεως...
3006 1859 3072 1917 δι’
3092 1861 3390 1940 ὀλιγωρίαν,
3415 1859 3551 1918 ὅταν
3580 1860 3798 1918 ἐάσωσιν

2235 1953 2305 2016 εἰς
2327 1947 2419 2015 τὰς
2447 1945 2613 2027 ἀρχὰς
2641 1946 2733 2005 τὰν
2769 1944 2950 2025 κυρίας
2991 1945 3233 2024 παριέναι
3255 1945 3374 2013 τοὺς
3401 1944 3482 2022 μὴ
3529 1949 3629 2016 τῆς
3654 1947 3797 2002 πολι-
3836 1950 3841 1954 ’

2234 2036 2372 2102 τείας
2413 2034 2614 2116 φίλους,
2648 2032 2825 2111 ὥσπερ
2854 2035 2907 2090 ἐν
2938 2031 3113 2111 Ὠρεῷ
3147 2032 3408 2102 κατελύθη
3432 2037 3471 2103 ἡ
3509 2033 3791 2110 ὀλιγαρχία

2236 2128 2336 2182 τῶν
2383 2120 2647 2200 ἀρχόντων
2683 2118 2958 2196 γενομένω
2999 2117 3467 2199 Ἡρακλεοδώρου,
3503 2119 3563 2185 ὃς
3588 2118 3643 2185 ἐξ
3681 2121 3790 2174 ὀλι-

2236 2210 2457 2290 γαρχίας
2484 2206 2747 2266 πολιτείαν
2766 2206 2856 2264 καὶ
2878 2204 3231 2283 δημοκρατίαν
3248 2204 3668 2264 κατεσκεύασεν.
3694 2205 3717 2281 ]

2772 2341 3254 2420 [summm]

2895 2487 3031 2564 [109
3051 2486 3136 2563 Ι>-]

2322 2644 2433 2721 [Id.
2459 2643 2581 2702 Pol.
2608 2647 2676 2714 V,
2711 2644 2767 2713 3,
2795 2663 2827 2699 α
2854 2638 3070 2707 εὈλως
3092 2640 3147 2699 δὲ
3172 2643 3226 2698 αἱ
3244 2644 3349 2699 τῶν
3362 2642 3652 2719 γνωρίμων
3679 2639 3796 2700 στά-

2242 2753 2347 2797 σεις
2381 2729 2758 2788 συναπολαύειν
2782 2734 2988 2787 ποιοῦσι
3013 2728 3104 2786 καὶ
3130 2724 3224 2797 τὴν
3248 2725 3377 2798 ὅλην
3404 2729 3565 2786 πόλιν
3586 2747 3601 2763 ·
3624 2719 3728 2786 οἷον
3749 2728 3795 2782 ἐν

2244 2816 2491 2895 Ἑστιαίᾳ
2520 2815 2712 2888 συνέὸη
2758 2816 2892 2891 μετὰ
2917 2815 2984 2874 τὰ
3010 2813 3226 2888 Μηδικὰ
3246 2857 3261 2885 ,
3295 2815 3386 2871 δύο
3411 2816 3659 2895 ἀδελφῶν
3684 2813 3793 2890 περὶ

2243 2908 2332 2974 τῆς
2355 2901 2603 2984 πατρῴας
2628 2906 2790 2979 νομῆς
2814 2901 3171 2980 διενεχθέντων
3198 2919 3213 2935 ·
3232 2904 3260 2959 6
3280 2901 3377 2976 μὲν
3398 2900 3505 2979 γὰρ
3532 2901 3793 2979 ἀπορώτε-

2243 3013 2325 3068 ρος
2344 3034 2362 3065 ,
2392 2994 2460 3056 ὡς
2480 2994 2573 3048 οὐκ
2594 2989 2965 3069 ἀποφαίνοντος
2999 2987 3215 3068 θατέρου
3243 2985 3337 3057 τὴν
3361 2988 3552 3046 οὐσίαν
3577 2986 3693 3047 οὐδὲ
3713 2987 3789 3043 τὸν

2241 3076 2521 3155 θησαυρὸν,
2554 3074 2611 3133 ὃν
2634 3068 2777 3154 εὗρεν
2810 3079 2838 3132 6
2859 3072 3055 3154 πατὴρ,
3080 3073 3375 3154 προσήγετο
3417 3074 3543 3142 τοὺς
3584 3076 3791 3148 δημοτι-

2242 3159 2384 3232 κοὺς,
2409 3166 2437 3219 6
2464 3163 2509 3219 δ’
2538 3161 2706 3241 ἔτερος
2725 3161 2860 3240 ἔχων
2885 3161 3065 3221 οὐσίαν
3095 3159 3298 3230 πολλὴν
3319 3158 3439 3225 τοὺς
3466 3160 3734 3241 εὐπόρως.
3768 3160 3787 3236 ]

2242 3324 2560 3385 oligarcliiam
2580 3338 2723 3385 porro
2743 3323 3057 3373 Eretriensem
3071 3362 3086 3385 ‚
3114 3336 3263 3387 quam
3285 3324 3471 3387 equites
3492 3323 3787 3380 obtinebant,

2241 3401 2465 3464 Diagoras
2489 3399 2709 3462 sustulit,
2731 3403 2930 3462 accepta
2948 3400 3122 3461 injuria
3139 3400 3188 3448 in
3206 3401 3397 3462 negotio
3420 3397 3763 3459 matrimonii]

2755 3531 3267 3609 [emmanu]

2903 3670 3026 3734 [109
3050 3667 3121 3738 a}

2304 3788 2320 3850 [
2347 3789 2591 3837 Mutantur
2613 3801 2759 3851 poi-m
2800 3789 3082 3851 respublicas
3119 3789 3267 3838 etiam
3298 3790 3403 3838 sine
3441 3787 3681 3838 seditione
3710 3798 3777 3848 pei

2243 3865 2505 3926 incuriam,
2532 3877 2684 3925 quum
2719 3879 2803 3914 eos
2835 3865 2920 3927 qui
2941 3878 2972 3914 a
3004 3866 3280 3927 reipublicae
3316 3865 3471 3913 forma
3508 3865 3669 3914 alieno
3684 3863 3785 3910 sunt

2240 3941 2400 3990 animo
2414 3941 2472 3990 ad
2493 3940 2807 4004 amplissimos
2820 3942 3123 4003 magistratus
3141 3941 3391 4003 pervenire
3408 3941 3577 3991 sinunt
3601 3960 3614 3989 z
3633 3951 3781 4002 quem-

2239 4019 2499 4068 admodum
2531 4019 2643 4069 orei
2667 4020 2858 4069 sublata
2892 4019 3150 4082 oligarchia
3186 4022 3259 4069 est
3291 4032 3349 4068 eo
3370 4018 3505 4080 quod
3539 4015 3779 4067 amuen-

2241 4095 2389 4144 dorus
2424 4096 2476 4145 in
2520 4099 2785 4158 praetorum
2819 4096 3072 4157 collegium
3110 4098 3365 4157 eooptatus
3392 4095 3585 4155 tulerat,
3620 4093 3699 4155 qni
3730 4103 3781 4136 ει

2243 4172 2499 4235 oligarcliia
2518 4173 2732 4235 politiam
2756 4175 2806 4223 et
2825 4173 3170 4222 democratiam
3198 4174 3328 4222 fecit.
3351 4171 3370 4235 ]

2681 4293 3325 4362 [flEsnAEENsmm.
3346 4292 3367 4368 J

2901 4439 3023 4509 μοι)
3055 4437 3133 4505 b.]

2304 4561 2542 4624 [Omnino
2562 4564 2725 4612 autem
2761 4563 3064 4625 optimatium
3095 4562 3354 4613 seditiones
3370 4564 3525 4610 totam
3545 4561 3773 4610 civitatem

2241 4639 2292 4688 in
2326 4640 2525 4688 eandem
2545 4640 2761 4689 fraudem
2780 4641 2979 4690 trahunt
3000 4662 3012 4690 :
3034 4642 3177 4704 quale
3194 4640 3313 4689 illud
3338 4643 3411 4689 est
3427 4639 3560 4702 quod
3584 4637 3779 4689 nesiiaeoe
3876 4649 3877 4684 ι

2146 4757 2159 4768 .
2241 4718 2415 4766 accidit
2437 4720 2543 4780 post
2567 4717 2748 4768 bellum
2780 4720 3047 4780 Medicum,
3075 4722 3190 4768 nato
3224 4718 3350 4767 inter
3388 4717 3513 4766 diuos
3545 4718 3706 4767 natm
3728 4711 3779 4759 de

2242 4794 2477 4844 bonorum
2498 4799 2805 4858 paternorum
2831 4796 3067 4846 divisione
3084 4795 3295 4845 dissidio.
3330 4799 3453 4846 Nam
3471 4795 3540 4852 is,
3571 4805 3703 4855 quus
3718 4801 3781 4837 res

2242 4871 2483 4921 familiaris
2507 4875 2609 4921 erat
2635 4872 2895 4935 angustior,
2916 4886 3069 4934 quum
3091 4873 3214 4922 alter
3240 4885 3342 4922 rem
3360 4884 3389 4919 a
3425 4874 3564 4934 patre
3590 4870 3778 4920 relictam

2242 4961 2338 4996 nou
2370 4948 2641 5007 extuberet,
2662 4961 2817 5010 neque
2836 4948 3148 5008 thesaurum,
3180 4960 3327 5010 quem
3363 4950 3503 5009 pater
3526 4944 3776 4999 invene-at,

2243 5025 2500 5084 proferret,
2515 5025 2767 5086 populares
2777 5024 2869 5073 sibi
2884 5024 3105 5086 adiunxit
3118 5041 3135 5085 3
3157 5025 3279 5074 alter
3298 5022 3366 5074 rei
3384 5023 3632 5073 familiaris
3646 5016 3774 5081 οονίὶῠ

2243 5100 2490 5150 abundans
2503 5137 2518 5161 ,
2543 5101 2821 5162 locupletes.
2834 5101 2852 5165 ]
