3900 6042
551 497 660 548 1⁶22

542 630 733 693 putata
748 660 764 686 ,
786 619 1070 690 colligitur
1093 616 1224 671 hinc
1249 617 1560 672 Aristotelis
1585 617 1791 671 librum
1815 617 1888 672 de
1917 636 2090 691 repu-

542 708 688 762 blica
731 707 1149 761 Atheniensium
1187 723 1300 760 esse
1333 716 1463 778 post
1497 704 1556 758 id
1593 716 1809 778 tempus
1845 703 2088 775 editum,

544 813 661 866 quo
699 792 1016 848 Alexander
1055 812 1149 847 eos
1182 793 1286 847 sibi
1311 804 1600 866 arrogaret
1626 794 1852 850 natales,
1883 796 2092 848 Verum

545 881 704 953 quod
735 880 1062 936 Aristoteles
1082 891 1147 934 ut
1169 880 1485 934 Dinarchus
1506 891 1564 934 et
1581 877 1957 935 Philochorus
1984 877 2093 934 Pa-

547 970 727 1023 ralum
758 979 815 1022 et
850 965 1221 1022 Ammoniada
1262 967 1478 1021 novisse
1507 966 1793 1034 dicuntur,
1824 969 1870 1021 si
1898 969 1973 1021 ita
2001 986 2092 1021 ac·

554 1054 881 1128 cipiendum
901 1066 982 1108 est
998 1094 1014 1121 ‚
1041 1054 1196 1126 quasi
1223 1071 1362 1108 vero
1391 1053 1744 1108 Salaminiam
1768 1073 1885 1108 non
1916 1072 2093 1108 nove-

547 1142 678 1208 rint,
696 1150 847 1195 recte
866 1139 1162 1211 conjecisse
1178 1140 1462 1213 putandus
1479 1151 1561 1194 est
1596 1140 1748 1195 idem
1766 1138 2096 1198 Grashofius

547 1226 916 1302 Ammoniada
934 1246 1052 1282 non
1082 1244 1286 1281 novam
1309 1245 1508 1281 navem
1534 1245 1746 1281 sacram
1777 1227 1939 1281 fuisse
1955 1267 1972 1295 ,
1996 1226 2093 1280 sed

549 1333 756 1368 nomen
775 1314 833 1368 id
853 1315 1161 1368 Salaminiae
1177 1331 1290 1368 esse
1304 1312 1519 1381 datum,
1549 1314 1622 1368 ita
1634 1323 1698 1368 ut
1713 1332 1827 1386 quo
1841 1324 2095 1386 tempore

547 1402 834 1455 Ammonis
857 1401 1045 1470 fuerit,
1060 1418 1176 1454 non
1190 1399 1664 1454 fueritSalaminia
1678 1419 1694 1468 3
1708 1410 1879 1472 atque
1892 1399 2095 1454 eodem

544 1506 674 1542 sane
693 1487 833 1542 illud
852 1487 1033 1542 facere
1051 1486 1304 1566 yidetur,
1340 1486 1496 1558 quod
1517 1488 1860 1560 Protogenes
1883 1488 2094 1559 pictor,

551 1574 648 1644 qui
677 1574 825 1628 circa
862 1573 1086 1644 Olymp.
1134 1579 1236 1637 104
1279 1584 1440 1626 natus
1475 1583 1532 1625 et
1569 1582 1697 1644 post
1722 1571 1947 1644 Olymp.
1986 1590 2094 1642 119

549 1659 750 1713 obiisse
765 1659 1009 1728 videtur,
1033 1678 1208 1732 quum
1228 1659 1799 1731 Athenispropylaeon
1811 1659 2092 1730 pingeret,

546 1747 797 1800 Paralum
828 1756 884 1800 et
931 1744 1302 1800 Ammoniada
1328 1745 1404 1798 ibi
1430 1745 1589 1812 fecit,
1641 1763 1761 1798 non
1793 1745 2095 1799 omissuros

543 1829 902 1908 Salaminiam
919 1874 935 1900 ,
949 1833 991 1886 si
1013 1830 1310 1887 Salaminia
1326 1849 1394 1885 eo
1413 1840 1668 1903 tempore
1681 1830 1888 1885 fuisset.
1900 1833 2096 1902 Neque

544 1936 679 1972 vero
725 1930 923 1973 contra
972 1937 1094 1972 eam
1142 1918 1527 1986 conjecturam
1568 1927 1811 1989 pugnat,
1840 1917 1998 1988 quod
2039 1919 2097 1971 in

547 2006 1003 2077 inscriptionibus
1030 2004 1364 2076 quibusdam
1384 2043 1400 2071 ,
1433 2022 1555 2074 quae
1595 2002 1669 2056 ad
1697 2021 1818 2057 rem
1845 2004 2097 2058 navalem

549 2092 966 2145 Atheniensium
1001 2101 1273 2163 spectant,
1306 2121 1381 2131 —-
1409 2090 1705 2145 Boeekhius
1742 2108 1831 2145 eas
1857 2108 1904 2144 a.
1949 2093 2097 2154 1840

543 2177 723 2232 edidit
755 2190 813 2232 et
841 2178 1251 2251 elegantissimae
1289 2176 1560 2231 doctrinae
1596 2177 1910 2249 plenissimo
1940 2197 2100 2231 com-

546 2267 818 2319 mentario
847 2266 1105 2318 instruxit
1135 2262 1455 2341 (Ut-handen
1481 2264 1617 2317 tiber
1638 2264 1698 2321 d.
1726 2264 2012 2318 Seewesen
2034 2266 2092 2319 d.

546 2363 655 2408 att.
678 2348 903 2425 διαιταν)
932 2382 1007 2392 -
1026 2351 1322 2406 Salaminia
1351 2351 1506 2404 navis
1533 2361 1589 2403 et
1617 2350 1856 2408 triremis
1870 2361 1926 2406 et
1952 2370 2094 2424 qua-

543 2437 805 2492 driremis
816 2448 1310 2505 commemoratur,
1329 2437 1746 2491 Ammonisnon
1756 2456 2100 2493 commemo-

544 2537 715 2582 ratur.
734 2527 954 2582 Etenim
978 2545 1045 2581 ex
1063 2528 1170 2580 illis
1185 2526 1640 2598 inscriptionibus
1655 2536 1871 2599 quarta,
1884 2529 2100 2601 quippe

544 2631 668 2687 quae
709 2626 806 2669 aut
845 2615 933 2672 Ol.
972 2611 1111 2682 105,
1156 2620 1187 2677 4
1217 2624 1313 2669 aut
1350 2612 1496 2680 106,
1535 2632 1557 2667 1
1587 2615 1793 2686 scripta
1819 2613 2097 2690 videatur,

543 2702 635 2756 hic
652 2721 724 2757 ne
744 2703 803 2755 in
830 2720 1056 2757 censum
1077 2700 1308 2773 quidem
1327 2702 1512 2769 venit3
1543 2701 1733 2773 itaque
1764 2703 1949 2775 agitur
1971 2713 2096 2756 tan—

543 2801 659 2844 tum
691 2790 763 2844 de
791 2790 1152 2862 inscriptione
1184 2790 1317 2844 xlv
1357 2807 1480 2860 quae
1507 2789 1599 2844 Ol.
1654 2787 1783 2856 113,
1827 2795 1893 2860 4,
1935 2802 1993 2845 et
2027 2790 2099 2845 de

545 2876 1002 2949 inscriptionibus
1027 2877 1131 2932 XV
1156 2885 1210 2930 et
1233 2877 1368 2930 XVI
1388 2894 1512 2947 quae
1533 2876 1623 2930 01.
1663 2894 1685 2929 1
1701 2895 1722 2930 1
1736 2882 1766 2940 l.
1787 2916 1803 2943 ‚
1828 2895 1860 2931 τι
1880 2878 2098 2950 scriptae

541 2973 698 3030 sunt;
719 2962 1076 3017 statuendum
1095 2962 1202 3015 erit
1217 2962 1386 3034 igitur
1408 2959 1721 3015 Salaminiae
1736 2980 1946 3017 nomen
1964 2982 2095 3018 mox

547 3060 872 3104 revocatum
900 3067 1014 3104 esse
1042 3048 1348 3119 datumque
1371 3048 1486 3103 sive
1510 3065 1704 3101 rursus
1734 3049 1837 3120 ipsi
1865 3053 2098 3103 Ammo-

550 3134 670 3190 nidi
698 3136 811 3190 sive
839 3135 935 3188 alii
973 3134 1133 3201 navi,
1164 3150 1414 3203 quorum
1448 3133 1560 3187 hoc
1586 3133 1940 3205 probabilius
1966 3146 2049 3190 est
2079 3155 2092 3190 :

547 3239 731 3293 neque
756 3220 1064 3293 quidquam
1097 3229 1178 3272 est
1204 3218 1361 3289 quod
1397 3238 1501 3273 nos
1526 3230 1719 3292 cogat,
1750 3230 1815 3274 ut
1853 3218 2095 3276 Salami-

546 3308 695 3362 niam
721 3325 919 3362 navem
944 3306 1375 3378 inscriptionum
1403 3305 1624 3359 illarum
1647 3322 1755 3377 pro
1782 3324 1923 3360 nave
1945 3325 2099 3362 sacra

544 3404 601 3449 et
627 3394 853 3467 publica
880 3393 1204 3449 habeamus.
1238 3416 1263 3441 »
1303 3394 1433 3448 Haec
1458 3392 1805 3447 doctissimus
1839 3394 2095 3450 Meierus.

540 3481 627 3538 Cf.
659 3481 906 3551 ejusdem
932 3480 1373 3536 dissertationem
1397 3479 1469 3535 de
1495 3481 1694 3536 Paralo
1715 3480 1773 3533 in
1801 3481 1995 3541 Erscle.
2037 3502 2093 3541 u.

547 3569 775 3624 Gruber.
812 3568 1064 3637 Enclycl.
1099 3586 1207 3621 sec.
1248 3571 1338 3634 11,
1369 3567 1485 3621 vol.
1515 3567 1630 3635 xl,
1662 3578 1716 3622 et
1745 3567 1975 3624 Boeckh.
2004 3568 2037 3620 l.
2063 3570 2096 3622 l.

545 3674 606 3728 p.
632 3654 726 3724 78.
751 3657 1020 3709 Veterum
1057 3655 1378 3710 testimonia
1407 3654 1638 3710 collecta
1675 3654 1847 3709 habes
1875 3655 1932 3707 in
1970 3652 2097 3709 Ste-

544 3741 713 3814 phan.
760 3743 916 3797 Thes.
950 3761 1000 3796 ν.
1029 3739 1292 3817 Πάραλος.

1277 3846 1366 3903 50.

626 3954 1038 4024 Harpocration
1078 3968 1092 4006 ε
1120 3948 1172 4007 Ἀ
1190 3972 1230 4005 π
1244 3971 1272 4005 ο
1285 3949 1313 4005 δ
1328 3950 1352 4006 ε’
1366 3973 1397 4007 κ
1414 3973 1486 4006 τα
1501 3973 1517 4005 ι
1534 3968 1546 3981 ·
1569 3949 1708 4028 ἀρχή
1731 3953 1811 4015 τίς
1828 3953 1937 4008 ἐστι
1967 3951 2092 4031 παρ’

1631 481 2125 545 ARlSTOTELIS
2168 483 2660 545 FRAGMENTA.

2178 615 2412 695 πολιτείᾳ
2432 614 2733 686 δεδήλωκεν,
2761 617 2830 680 ὣς
2853 613 2979 673 δέκα
2997 637 3052 672 τε
3076 615 3279 691 εἴησαν,
3299 615 3497 682 ›sai-di<
3519 622 3745 695 napuh-

2179 701 2353 768 δόντες
2370 700 2437 760 τὰ
2459 710 2796 781 γραμματεῖα
2828 702 3170 782 ἀπαλείφουσι
3197 701 3262 760 τὰ
3289 703 3749 778 καταὸαλλόμενα

2178 786 2430 866 χρήματα
2452 792 2542 858 τῆς
2573 791 2760 868 βουλῆς
2790 788 3016 847 ἐναντίον
3046 792 3098 848 ἐν
3131 792 3208 869 τῷ
3234 790 3635 870 βουλευτηρίῳ,
3660 793 3749 849 καὶ

2181 874 2340 931 πάλιν
2384 874 2721 934 ἀποδιδόασιν
2760 874 2827 933 τὰ
2861 883 3198 955 γραμματεῖα
3237 879 3313 956 τῷ
3347 878 3626 957 δημοσίῳ·
3663 879 3749 935 καὶ

2182 962 2361 1028 ἅπλῶς
2381 961 2415 1020 ἃ
2441 961 2726 1042 πράττουσι
2754 965 3012 1043 διασαφεῖ.
3055 960 3187 1023 Ὀτι
3217 962 3272 1021 δὲ
3295 964 3422 1021 ἀντὶ
3447 967 3556 1021 τῶν
3577 966 3741 1023 κωλα-

2182 1052 2376 1124 κρετῶν
2403 1052 2450 1107 οἱ
2498 1049 2782 1109 ἀποδέκται
2814 1050 2914 1109 ὑπὸ
2948 1050 3288 1118 Κλεισθένους
3326 1051 3751 1130 ἀπεδείχθησαν,
3850 1049 3851 1066 ²

2182 1134 2484 1215 Ἀνδροτίων
2510 1140 2563 1196 ἐν
2583 1141 2657 1219 τῷ
2678 1136 2901 1217 δευτέρῳ
2926 1138 2947 1214 (
2969 1139 3036 1195 sr.
3065 1140 3098 1196 3
3125 1139 3167 1216 ).

2263 1223 2471 1278 Eadem
2498 1244 2567 1280 ex
2592 1237 2752 1299 parte
2777 1226 2974 1282 Suidas
2990 1245 3034 1280 s.
3066 1246 3152 1296 v.,
3176 1228 3365 1299 Etym.
3398 1229 3485 1285 M.
3508 1246 3573 1301 p.
3609 1235 3738 1295 ¹²10,

2182 1312 2424 1366 Zonaras
2439 1329 2497 1384 p.
2531 1313 2664 1378 231..
2687 1312 2772 1369 Cf.
2805 1315 3037 1369 Aristot.
3070 1314 3238 1367 Polit.
3269 1316 3382 1381 vl,
3420 1312 3455 1369 5
3477 1354 3494 1381 ,
3525 1315 3743 1382 [03Bek-

2182 1398 2315 1452 ker...
2347 1399 2564 1455 Anecd.
2596 1401 2644 1468 1,
2696 1399 2803 1474 98,
2857 1406 3008 1469 4273
3049 1401 3227 1455 schol.
3260 1400 3337 1454 ad
3378 1401 3637 1456 AEschin.
3680 1402 3738 1456 C.
3852 1455 3853 1462 ς

2182 1484 2527 1557 ctesiphont..
2573 1504 2635 1559 pt
2671 1485 2782 1540 252
2815 1486 2906 1543 ed.
2951 1487 3126 1541 Bekk.
3167 1487 3373 1541 Pollux
3422 1489 3595 1556 vul,
3630 1507 3699 1560 97
3722 1505 3745 1541 ε.

2184 1567 2489 1628 Ἀποδέκται
2531 1568 2587 1628 δὲ
2621 1561 2754 1641 ἦσαν
2797 1569 2921 1628 δέκα
2940 1614 2958 1642 ,
2997 1569 3055 1629 οἳ.
3071 1568 3188 1636 τούς
3219 1592 3275 1628 τε
3310 1571 3504 1649 φόρους
3530 1570 3621 1628 καὶ
3658 1570 3745 1636 τὰς

2184 1654 2424 1734 εἰσφορὰς
2452 1655 2543 1714 καὶ
2581 1657 2649 1714 τὰ
2678 1655 2801 1728 τέλη
2833 1655 3143 1734 ὑπεδέχοντο
3166 1658 3255 1715 καὶ
3282 1657 3355 1714 τὰ
3398 1659 3526 1735 περὶ
3554 1657 3739 1716 τούτων

2186 1741 2651 1819 ἀμφισὸητούμενα
2675 1743 2922 1812 ἐδίκαζον.
2957 1747 3018 1802 Εἰ
3041 1744 3097 1802 δέ
3122 1768 3174 1802 τι
3206 1745 3385 1820 μεῖζον
3410 1743 3515 1816 εἴη.
3541 1746 3737 1814 εἰσῆγον

2186 1830 2255 1894 εἷς
2273 1829 2627 1907 δικαστήριον.
2650 1834 2876 1888 Boeckh.
2897 1834 3145 1891 Stant-rh.
3160 1836 3208 1903 1,
3230 1853 3291 1907 p.
3318 1854 3338 1888 1
3356 1853 3427 1904 71
3444 1837 3741 1907 sqq.;Her·

2185 1918 2434 1993 mann.§
2466 1916 2607 1989 151,
2647 1928 2745 1987 143
2775 1920 3129 1976 Schoemann.
3152 1940 3209 1994 p.
3240 1927 3379 1994 249.

2910 2017 3005 2074 51.

2266 2120 2425 2175 Idem
2452 2136 2468 2177 t
2494 2117 2813 2189 Πωληταὶ
2841 2118 2949 2177 καὶ
2971 2118 3414 2199 πωλητήριον.
3437 2122 3511 2180 Oi
3531 2117 3627 2196 μὲν
3645 2141 3737 2175 m

2185 2203 2343 2273 ληταὶ
2358 2203 2497 2282 ἀρχή
2517 2204 2593 2268 τίς
2620 2206 2758 2262 ἐστιν
2780 2204 3019 2276 Ἀθήνησι
3030 2204 3154 2264 δέκα
3177 2205 3266 2264 τὸν
3292 2207 3518 2285 ἀριθμὸν
3547 2206 3741 2282 ἄνδρες..

2186 2282 2256 2356 εἷς
2270 2294 2428 2360 ἐκτῆς
2446 2293 2610 2371 φυλῆς
2630 2292 2852 2363 ἑκάστης
2868 2315 2882 2330 ·
2908 2293 3157 2351 διοικοῦσι
3185 2291 3241 2350 δὲ
3253 2292 3318 2349 τὰ
3334 2291 3741 2372 πιπρασκόμενα

2187 2376 2288 2434 ὕπὸ
2313 2380 2405 2447 zze.
2432 2379 2631 2444 πόλεως
2646 2378 2819 2437 πάντα
2836 2422 2852 2450 ,
2876 2376 3002 2448 τέλη
3030 2380 3120 2437 καὶ
3149 2379 3391 2454 μέταλλα
3420 2379 3514 2439 καὶ
3546 2379 3728 2456 μισθώ·

2187 2486 2291 2529 σεις
2316 2464 2408 2522 καὶ
2446 2462 2514 2521 τὰ
2549 2464 2898 2541 δημευόμενα.
2936 2465 3219 2544 Ὑπερίδης
3256 2468 3310 2523 ἐν
3336 2470 3421 2546 τῷ
3454 2466 3573 2525 κατ’
3616 2465 3735 2542 ’Ape—

2188 2551 2443 2630 σταγόρας
2465 2550 2533 2630 β’.
2551 2551 2840 2611 Διείλεκται
2855 2551 2911 2610 δὲ
2929 2553 3048 2632 περὶ
3066 2557 3238 2611 αὐτῶν
3259 2554 3348 2613 καὶ
3381 2552 3731 2633 Ἀριστοτέλης

2187 2640 2238 2695 ἐν
2265 2637 2543 2710 Ἀθηναίων
2557 2638 2814 2716 πολιτείᾳ.
2832 2640 3173 2719 Πωλητήριον
3190 2640 3243 2697 δὲ
3260 2641 3505 2700 καλεῖται
3526 2644 3557 2698 ὁ
3573 2640 3737 2709 τόπος,

2186 2722 2306 2782 ἔνθα
2333 2723 2717 2802 συνεδρεύουσιν
2735 2728 2784 2784 οἱ
2802 2727 3065 2797 πωληταί.
3088 2725 3285 2793 Ἰσαῖος
3297 2729 3351 2785 ἐν
3372 2732 3451 2807 τῷ
3479 2725 3595 2785 κατ’
3616 2725 3733 2794 Ἑλ·-

2185 2810 2415 2888 παγόρου
2441 2812 2713 2877 πολλάκις.

2264 2901 2474 2956 Eadem
2514 2902 2712 2957 Suidas
2738 2913 2795 2958 et
2837 2904 3068 2958 Photius
3104 2922 3149 2960 s.
3189 2922 3266 2972 V„
3304 2905 3471 2959 missa
3510 2902 3725 2957 testium

2186 2989 2488 3044 mentione.
2498 2990 2698 3044 Pollux
2717 2989 2849 3045 VIII
2865 3031 2881 3060 ,
2905 3009 3011 3064 99:
3030 2988 3283 3059 Πωληταὶ
3305 2986 3373 3044 τὰ
3394 2987 3520 3059 τέλη
3548 2984 3725 3064 πιπρά-

2191 3092 2372 3129 σκουσι
2402 3070 2536 3146 μετὰ
2574 3076 2677 3130 τῶν
2715 3073 2801 3132 ἐπὶ
2830 3074 2889 3131 τὸ
2917 3076 3160 3155 θεωρικὸν
3195 3073 3499 3152 ᾑρημένων,
3531 3073 3617 3130 καὶ
3646 3070 3726 3135 τὰς

2184 3162 2286 3216 τῶν
2310 3158 2364 3227 ἐξ
2399 3159 2596 3238 Ἀρείου
2622 3159 2792 3238 πάγου
2820 3159 2952 3238 μετὰ
2979 3163 3066 3220 τὸν
3094 3161 3341 3241 πρότερον
3366 3163 3522 3240 λόγον
3549 3159 3721 3241 ‹pu-{eiv-

2177 3251 2287 3303 ’των
2327 3247 2529 3317 οὐσίας,
2563 3247 2653 3304 καὶ
2687 3246 2754 3304 τὰ
2792 3249 3171 3326 δεδημευμένα.
3228 3248 3549 3328 Πρυτανεύει
3585 3245 3636 3303 δὲ
3676 3243 3722 3309 ἐξ

2186 3334 2355 3391 αὐτῶν
2374 3324 2469 3405 εἷς,
2485 3333 2539 3401 ὃς
2563 3332 2626 3391 τὰ
2653 3333 2960 3411 πωλούμενα
2985 3336 3206 3414 βεὸαιοῖ.
3231 3334 3524 3410 Ἀπ-ήγοντο
3542 3332 3592 3392 δὲ
3609 3330 3722 3410 πρὸς

2185 3417 2391 3485 τούτους
2401 3423 2489 3479 καὶ
2504 3424 2551 3479 οἱ
2565 3422 2820 3497 μετοίκιον
2837 3422 2910 3496 μὴ
2926 3423 3161 3488 τιθέντες.
3174 3426 3379 3480 Boeckh
3390 3466 3405 3478 .
3425 3427 3461 3484 l.
3478 3427 3514 3482 l.
3527 3442 3580 3498 p-
3601 3421 3716 3490 167·

2193 3506 2495 3565 Hermann.
2527 3509 2719 3585 5151.
2760 3531 2780 3565 1
2800 3509 2887 3580 15,
2908 3512 2972 3586 '9.

2911 3606 3001 3660 52.

2267 3697 2425 3753 Idem
2459 3719 2471 3756 :
2511 3700 2591 3757 1Ξῦ
2607 3702 2822 3756 Οῦναι·
2866 3698 3062 3764 Λυσίας
3095 3702 3149 3758 ἐν
3183 3703 3257 3779 τῷ
3293 3699 3435 3757 κατὰ
3460 3695 3703 3760 Νικιδίου·,

2189 3784 2232 3840 εἰ
2262 3782 2490 3858 γνήσιος.
2528 3784 2757 3855 Εὐθύνης
2791 3786 3011 3863 (εὐθύνη
3039 3797 3107 3843 Α.
3138 3790 3201 3845 Β.
3237 3789 3336 3862 C.)
3368 3787 3534 3861 ὄνομα
3564 3786 3710 3860 ἀρχῆς

2187 3870 2311 3945 παρ’
2335 3868 2627 3940 Ἀθηναίοις
2646 3894 2659 3907 ·
2694 3872 2725 3926 ι’
2753 3871 2839 3930 τὸν
2864 3871 3076 3953 ἀριθμὸν
3111 3864 3242 3944 ἦσαν
3268 3872 3452 3951 ἄνδρες
3471 3919 3487 3948 ‚
3508 3867 3621 3949 παρ’
3642 3856 3710 3928 οἷς

2189 3956 2424 4014 ἐδίδοσαν
2458 3961 2505 4015 οἱ
2532 3957 2942 4038 πρεσὸεύσαντες
2975 3959 3009 4031 ἢ
3052 3960 3294 4038 ἄρξαντες
3322 3959 3358 4031 ἢ
3388 3951 3710 4028 διοικήσαντὲς

543 4036 830 4108 Ἀθηναίοις
844 4039 891 4094 οἱ
921 4035 1233 4107 ἀποδέκται,
1259 4029 1320 4107 ἧς
1346 4037 1597 4103 πολλάκις
1617 4036 2025 4112 μνημονεύουσιν
2051 4041 2098 4096 oi
2185 4067 2236 4099 τι
2268 4047 2372 4101 τῶν
2398 4045 2658 4120 δημοσίων
2692 4045 2782 4109 τὰς
2819 4047 3049 4113 εὐθύνας.
3088 4046 3380 4106 Διείλεκται
3407 4051 3526 4127 περὶ
3561 4042 3709 4101 αὐτῶν

2014 4125 2027 4144 Ι

544 4124 754 4203 ῥήτορες
776 4124 864 4182 καὶ
875 4126 922 4182 οἳ
945 4123 1188 4200 κωμικοί.
1215 4123 1570 4206 Ἀριστοτέλης
1594 4126 1638 4182 δ’
1654 4126 1706 4182 ἐν
1729 4128 1794 4202 τῇ
1821 4124 2026 4197 Ἀθηναι

1253 4295 1341 4343 50.

607 4374 872 4425 Ἀποδὲκται
884 4412 900 4439 ,
921 4378 1215 4440 receptores,
1235 4376 1540 4438 magistratus
1563 4376 1658 4425 fuit
1683 4375 1811 4438 apud
1831 4375 2094 4425 Athenien-

542 4466 644 4514 ses,
671 4452 807 4513 cujus
828 4455 1042 4503 oratores
1065 4455 1114 4503 et
1131 4453 1302 4502 comici
1328 4453 1531 4502 subinde
1556 4452 1892 4502 meminerunt.
1913 4453 2099 4501 Aristo-

545 4530 663 4579 tetes
680 4542 797 4579 vero
822 4529 872 4579 in
897 4533 1013 4593 Rep.
1033 4531 1394 4580 Atheniensium
1418 4530 1627 4579 ostendit
1645 4530 1795 4578 denos
1819 4529 1989 4590 fuisse,
2014 4529 2099 4591 qui

545 4608 756 4670 acceptis
779 4609 961 4658 tabulis
984 4609 1215 4672 publicis,
1235 4610 1429 4658 noiuina
1454 4610 1729 4658 debitorum
1762 4611 1867 4671 post
1883 4609 2100 4669 pecunim

543 4684 827 4736 „tutionem
844 4721 859 4746 ,
895 4687 944 4734 in
972 4689 1141 4736 senatu
1174 4699 1335 4735 eoram
1364 4685 1665 4735 senatoribus
1690 4684 1940 4745 delebant,
1965 4684 2100 4734 tabu·

549 4763 713 4825 larque
730 4762 904 4812 iterum
926 4763 1096 4813 mario
1130 4762 1396 4812 tradebant.
1426 4762 1558 4811 tdem
1582 4762 1766 4824 reliqua
1784 4774 1953 4810 eorum
1987 4775 2096 4810 mu-

549 4852 664 4888 nera
675 4853 786 4902 qum
806 4838 983 4889 suerint
999 4840 1212 4902 exponit.
1231 4842 1458 4889 Ceterum
1478 4838 1723 4900 apodectae
1740 4838 1787 4887 in
1807 4839 1968 4887 locum
1979 4838 2103 4888 eola-

529 4920 787 4967 'cretarum
806 4931 835 4966 a
854 4917 1095 4967 Clistliene
1111 4916 1384 4979 subrogati,
1404 4919 1458 4964 ut
1479 4915 1739 4966 Androtion
1756 4916 1875 4964 libro
1889 4916 2099 4965 secundo

546 4995 763 5043 testatur.

1278 5076 1368 5126 51.

611 5157 826 5212 Πωληταὶ
862 5157 910 5203 et
935 5155 1243 5218 πωλητήριον.
1294 5158 1439 5205 Erant
1480 5155 1674 5203 Athenis
1704 5156 1913 5211 πωληταὶ
1941 5159 2099 5204 certus

548 5234 744 5316 (paulam
771 5235 1072 5295 uuigistratus
1089 5270 1102 5293 ,
1124 5233 1289 5283 decem
1322 5247 1521 5283 numero
1558 5233 1675 5292 viri,
1701 5247 1757 5280 ex
1785 5232 1981 5294 siugulis
2005 5236 2092 5282 tri·

2028 4148 2099 4182 ων
2137 4093 2146 4189 i
2188 4130 2540 4210 Ἀριστοτέλης
2568 4135 2620 4191 ἐν
2640 4138 2704 4211 τῇ

2735 4132 3018 4205 Ἀθηναίων
3046 4135 3298 4215 πολιτείᾳ.

2184 4293 2343 4344 bubus
2365 4308 2489 4344 unus
2511 4315 2523 4344 ε
2543 4296 2625 4358 qui
2648 4297 2809 4346 omnia
2826 4311 2935 4360 quac
2959 4311 2988 4346 a
3011 4298 3206 4349 civitate
3231 4296 3558 4348 vendebantur
3570 4288 3703 4341 admi·

2182 4370 2445 4419 nistrabant
2458 4408 2472 4429 ,
2493 4373 2547 4420 ut
2573 4372 2838 4434 vectigalia,
2859 4373 3051 4421 metalla
3064 4409 3079 4434 ,
3106 4372 3436 4435 redempturas
3457 4376 3502 4422 et
3514 4381 3613 4432 quae
3633 4376 3703 4427 pu·

2185 4445 2496 4496 blicabantur.
2546 4447 2810 4509 Hyperides
2836 4448 2885 4497 in
2908 4449 3118 4498 secunda
3144 4450 3369 4498 adversus
3397 4450 3701 4508 Aristagoram-

2186 4528 2256 4573 De
2282 4523 2448 4572 iisdem
2473 4523 2697 4573 disseruit
2720 4524 2996 4574 Aristoteles
3020 4526 3068 4574 in
3087 4529 3200 4587 Rep.
3228 4527 3405 4576 Athen.
3430 4522 3703 4581 Πωλητήριον

2185 4614 2300 4649 νει-ο
2326 4601 2591 4663 appellatur
2610 4600 2768 4661 loeus,
2793 4600 2875 4649 ubi
2894 4603 3109 4660 πωληταὶ
3123 4601 3367 4652 considere
3389 4603 3555 4652 solent.
3575 4601 3704 4648 lsaens

2184 4677 2233 4726 in
2259 4690 2332 4727 or.
2357 4680 2524 4726 contra
2544 4673 2827 4739 Elpagoram
2846 4676 3120 4740 frequenter
3137 4678 3243 4740 eius
3265 4678 3500 4729 meminit.

2244 4840 2464 4889 Εὺθῡναι.
2493 4839 2655 4901 Lysias
2680 4839 2897 4889 eratione
2923 4839 3153 4890 adversus
3179 4840 3445 4902 Nicidium,
3471 4839 3508 4890 si
3525 4833 3702 4900 genui„

2182 4918 2269 4965 ost.
2293 4918 2476 4987 lyomen
2497 4915 2798 4976 magistratus
2809 4916 2935 4978 apud
2958 4917 3263 4966 Athenienses
3281 4919 3388 4968 suit.
3406 4913 3701 4968 enatantem

2182 4993 2381 5054 eutliyni
2409 4994 2576 5041 decem
2611 5006 2843 5054 numero,
2881 4993 3011 5055 apud
3051 5007 3173 5055 quos
3195 4993 3278 5056 qui
3311 4995 3538 5056 legatione
3572 4982 3699 5038 functi

2184 5072 2319 5117 erant
2333 5105 2347 5129 ,
2366 5074 2451 5118 aut
2475 5069 2805 5130 magistratum
2828 5074 3100 5132 gesserant,
3124 5075 3209 5120 aut
3231 5070 3411 5133 aliquid
3446 5079 3593 5120 rerum
3626 5073 3691 5124 pt»

2184 5146 2416 5194 blicarum
2435 5147 2910 5209 administraverant,
2936 5146 3145 5197 rationes
3159 5147 3432 5198 reddebant.
3461 5141 3635 5198 nisserit
3650 5135 3701 5185 (¹⁶

2185 5223 2240 5271 iis
2265 5224 2537 5272 Aristoteles
2555 5224 2604 5272 in
2627 5227 2741 5286 Rep.
2772 5224 3144 5274 Atheniensium.
