3900 6042
519 508 1242 583 AGRIGENTINORUM,
1287 512 1744 592 GELOORUM,
1788 515 2460 583 SYRACUSANORUM
2512 524 3026 587 RESPUBLICAE.

191 641 280 707 lv,
296 637 393 707 543
417 640 686 695 Favorin.
710 658 764 695 ν.
792 637 1045 709 Καλλικ.;
1067 641 1508 715 Etym.Gudian.
1528 662 1588 717 p.
1615 643 1744 714 165;

189 725 523 782 Herodotus
552 727 685 793 VII,
730 724 862 795 1553
888 727 1137 781 Eustath.
1157 729 1224 785 ll.
1253 746 1312 803 p.
1344 727 1482 804 295,
1524 729 1620 799 31,
1647 732 1746 787 ubi

188 812 559 869 librariorum
597 830 851 869 errorem
877 823 1039 869 notat
1077 814 1382 871 Ruhnken.
1432 817 1507 872 ad
1547 820 1743 874 Timaei

188 901 317 955 Lex.
332 916 391 973 p.
408 918 444 953 a
458 919 481 954 1
494 905 555 968 [η
580 900 907 973 wesseling.
922 899 995 955 ad
1005 900 1247 955 Diodor.
1265 911 1405 957 tom.
1421 904 1499 971 11,
1516 921 1577 977 p.-
1598 902 1711 978 549
1727 925 1742 974 3

186 987 469 1042 Welcker.
497 988 768 1061 Prolegg.
799 987 1132 1062 adTheogn.
1157 1006 1216 1061 p.
1239 990 1584 1062 19;Mi·111er.
1607 992 1742 1048 Dor.

188 1075 262 1142 ll,
290 1090 351 1147 p.
375 1073 449 1128 61
491 1088 659 1150 sqq.;
688 1076 990 1133 Hermann.
1016 1077 1248 1149 Antiqq.
1276 1076 1310 1150 §
1340 1093 1431 1150 19.

878 1185 1072 1265 [anm]

264 1297 526 1375 [Aristot.
558 1300 695 1358 Pol.
726 1303 792 1370 V,
822 1298 881 1372 3,
914 1319 938 1354 1
972 1316 989 1358 ε
1021 1296 1260 1358 Γίνονται
1287 1299 1383 1377 μὲν
1408 1291 1497 1360 οὗν
1525 1304 1579 1361 ai
1608 1302 1743 1361 στά-

190 1408 290 1450 σεις
310 1386 374 1443 οὐ
411 1383 539 1464 περὶ
565 1387 794 1465 μικρῶν,
819 1384 937 1443 ἀλλ’
977 1387 1038 1444 ἐκ
1064 1388 1265 1466 μικρῶν
1284 1410 1298 1424 ·
1328 1389 1663 1459 στασιάζουσι
1692 1388 1747 1448 δὲ

189 1471 301 1551 περὶ
327 1472 607 1549 μεγάλων.
638 1470 895 1531 Μάλιστα
932 1470 988 1531 δὲ
1021 1472 1113 1531 καὶ
1141 1476 1196 1532 αἱ
1234 1474 1420 1554 μικραὶ
1458 1474 1745 1554 ἰσχύουσιν,

188 1556 305 1615 ὅταν
342 1560 399 1616 ἐν
443 1566 555 1625 τοῖς
604 1558 801 1638 κυρίοις
831 1557 1112 1636 γένωνται·
1163 1551 1268 1620 οἷον
1311 1560 1503 1634 συνέὸη
1548 1562 1641 1621 καὶ
1692 1564 1745 1622 έν

193 1642 552 1723 Συρακούσαις
592 1646 651 1703 ἕν
682 1647 785 1711 τοῖς
827 1645 1064 1725 ἀρχαίοις
1107 1648 1338 1727 χρόνοις·
1366 1647 1622 1724 μετέὸαλε
1644 1648 1745 1730 γὰρ

192 1738 223 1802 ἡ
259 1731 495 1791 πολιτεία
523 1735 588 1790 ἐκ
619 1731 716 1791 δύο
748 1733 1030 1793 νεανίσκων
1076 1737 1491 1808 στασιασάντων,
1536 1736 1590 1794 έν
1633 1744 1747 1804 ταῖς

194 1822 371 1898 ἀρχαῖς
393 1817 582 1893 ὄντων,
612 1817 738 1899 περὶ
762 1820 1011 1899 ἐρωτικὴν
1040 1819 1210 1880 αἰτίαν
1226 1843 1241 1859 ·
1260 1822 1474 1900 θατέρου
1496 1820 1598 1901 γὰρ
1622 1824 1748 1882 ἀπο-

192 1906 484 1982 δημοῦντος,
504 1909 717 1986 ἑταῖρος
739 1904 812 1963 ὤν
834 1930 912 1973 τις
940 1906 1148 1989 (ἅτερος
1170 1910 1369 1989 ἑταῖρος
1389 1907 1460 1967 ὧν
1487 1913 1697 1986 Coray.
1724 1912 1742 1988 )

192 1992 273 2051 τὸν
318 1990 579 2073 ἐρώμενον
625 1995 787 2051 αὐτοῦ
834 1993 1218 2066 ὑπεποιήσατο·
1263 1993 1423 2053 πάλιν
1463 1993 1516 2054 δὲ
1556 1997 1745 2064 ἐκεῖνος

192 2079 344 2156 τούτῳ
369 2079 690 2159 χαλεπήνας
723 2077 821 2151 τὴν
846 2089 1068 2158 γυναῖκα
1087 2082 1243 2140 αὐτοῦ
1273 2080 1536 2140 ἀνέπεισεν
1558 2084 1627 2148 ὡς
1649 2084 1744 2139 αὖ·

193 2166 271 2224 τὸν
297 2168 478 2226 ἐλθεῖν·
503 2164 624 2226 ὅθεν
661 2166 1155 2247 προσλαμβάνοντες
1178 2166 1294 2235 τοὺς
1318 2171 1374 2228 ἐν
1398 2171 1475 2248 τῷ
1498 2170 1742 2229 πολιτεύ-

194 2278 312 2329 ματι
331 2254 713 2313 διεστασίασαν
740 2254 958 2320 πάντας.
985 2255 1010 2334 ]

261 2345 457 2400 Narrat
475 2345 653 2401 etiarn
674 2344 1002 2400 Plutarchus
1022 2346 1288 2419 Praecept.
1315 2347 1436 2403 Pol.
1450 2366 1501 2406 c.
1528 2346 1623 2414 32,
1650 2366 1671 2402 1
1686 2367 1740 2418 7,

193 2447 246 2501 p.
271 2431 437 2486 1006.
464 2433 617 2487 Rem
632 2430 709 2485 ad
747 2432 938 2487 turbas
958 2443 1155 2488 contra
1177 2434 1490 2489 Geomoros
1523 2452 1555 2489 a
1576 2434 1742 2507 plebe

197 2502 455 2574 excitatas·
468 2518 652 2574 refert
679 2520 862 2591 Heyn.
891 2520 1101 2591 Opusc.
1143 2522 1231 2589 11,
1262 2539 1317 2594 p.
1345 2517 1484 2591 257.
1516 2522 1602 2577 De
1628 2524 1741 2595 My·

200 2602 386 2672 leudis,
415 2623 676 2677 quorum
710 2604 1066 2677 Thucydides
1102 2606 1226 2679 (VI,
1273 2604 1345 2682 5)
1398 2609 1743 2663 mentionem

200 2688 380 2759 injicit,
408 2693 687 2766 cogitavit
708 2691 947 2750 Amold.
978 2692 1174 2751 Gesch.
1201 2714 1243 2751 ν.
1267 2694 1523 2765 Syracu-5,
1545 2715 1605 2769 p.
1640 2694 1736 2753 30.

198 2776 277 2835 Cf.
303 2777 529 2834 Goeller.
561 2780 655 2835 De
675 2779 787 2833 situ
807 2779 932 2853 Syr.
964 2798 1021 2853 p.
1058 2798 1146 2839 ιο.

897 2909 1004 2948 221
1021 2933 1034 2946 .

265 3000 383 3078 [ld.
412 3005 495 3064 ib.
522 3008 593 3074 V,
622 3023 694 3071 α,
716 3005 753 3060 6
790 3024 806 3061 2
836 2889 933 3062 ’ἑν
961 2890 1321 3084 &gemiane
1340 3004 1442 3085 πρὸ
1458 3009 1552 3077 τῆς
1566 3004 1741 3067 Γέλω-

198 3109 271 3153 νος
299 3088 591 3197 τυραννίδος
633 3092 710 3167 (ἡ
739 3090 1067 3170 δημοκρατία
1110 3094 1286 3158 κακῶς
1328 3093 1740 3170 πολιτευομένων

199 3173 506 3334 ἃιξῗαῖ23δ
542 3283 559 3324 :
621 3261 1028 3344 (Μεταόάλλει)
1055 3264 1145 3323 καὶ
1186 3266 1256 3332 εἷς
1283 3265 1636 3347 δημοκρατίαν
1667 3271 1736 3340 (ἡ

200 3347 449 3427 τυραννὶς)
472 3397 489 3421 ,
510 3348 696 3429 ὥσπερ
724 3354 763 3421 ἡ
790 3355 879 3409 τοῦ
908 3351 1136 3419 Γέλωνος
1160 3354 1212 3411 ἐν
1238 3353 1617 3433 Συρακούσαις.

268 3440 329 3507 V,
358 3437 412 3507 8,
440 3458 510 3513 19
540 3457 557 3497 t
611 3436 935 3515 (Φθείρεται
961 3441 996 3509 ἡ
1022 3439 1287 3520 τυραννὶς)
1336 3438 1460 3499 ὅταν
1487 3443 1535 3499 οἱ
1585 3440 1742 3517 μετέ·

257 3683 510 3748 [oriuntnr
529 3686 794 3739 seditiones
813 3701 911 3738 non
927 3688 990 3739 de
1005 3690 1165 3752 parvis
1180 3691 1342 3754 rebus,
1361 3691 1445 3741 sed
1464 3704 1527 3743 ex
1543 3692 1737 3755 parvis:

205 3760 414 3813 dissident
441 3765 571 3814 enim
600 3764 824 3815 hominm
842 3764 905 3814 de
930 3764 1076 3817 rebus
1109 3768 1308 3830 magnis.
1335 3768 1545 3818 Maxime
1575 3771 1741 3820 tamen

205 3848 323 3888 aeres
348 3841 625 3891 autetiam
644 3853 825 3903 parvm,
859 3853 1015 3903 quum
1034 3842 1084 3891 in
1107 3842 1194 3905 iis,
1214 3843 1264 3893 ia
1284 3857 1493 3907 quorum
1519 3844 1739 3894 modera-

205 3912 824 3982 tioaereapublicaveditur,
836 3918 1098 3969 exsistunt:
1113 3920 1381 3982 cuiusmodi
1403 3923 1601 3972 resolim
1613 3922 1741 3972 acci-

207 3988 269 4038 «fit
282 3994 327 4041 et
336 3995 597 4055 syracusis.
615 3998 801 4045 Mutata
813 3994 941 4044 enim
958 3997 1031 4045 est
1040 3996 1313 4059 reipublicae
1322 3998 1475 4048 forma
1484 4012 1540 4049 ex
1553 3998 1742 4048 duobus

204 4065 439 4127 iuvenibus
458 4074 764 4136 magistratus
778 4073 1065 4136 gere-itum,
1077 4089 1230 4138 quum
1247 4076 1371 4126 inter
1387 4090 1472 4127 eos
1487 4090 1549 4127 ex
1565 4078 1741 4127 amori·

208 4142 287 4194 bus
306 4146 529 4199 dunensi«)
554 4152 664 4200 orta
681 4153 823 4201 emet.
847 4151 1014 4201 Altero
1032 4152 1162 4202 enim
1194 4152 1394 4204 absente
1418 4153 1616 4216 qnidam
1634 4154 1743 4216 ejus

210 4220 611 4289 sodalispuoeum,
630 4227 736 4289 ejus
760 4227 980 4289 delicias,
997 4227 1061 4277 ad
1085 4241 1138 4279 se
1161 4230 1448 4292 pellexerat;
1470 4230 1553 4279 ille
1575 4234 1739 4280 autem

210 4309 429 4362 reversus,
446 4302 564 4352 huic
593 4303 773 4365 iratus,
786 4305 957 4354 contra
975 4304 1082 4366 ejus
1105 4318 1307 4355 uxorem
1324 4305 1580 4357 induxerat
1602 4309 1658 4358 ut
1679 4307 1741 4357 ad

207 4384 254 4422 se
269 4371 440 4428 ve’airet
470 4398 483 4430 ε
515 4392 581 4430 ex
601 4393 720 4443 quo,
747 4381 987 4443 adiunctis
1011 4382 1101 4433 sibi
1119 4384 1285 4445 quijin
1307 4384 1553 4446 republica
1577 4398 1740 4437 versa·

210 4447 388 4517 buluir,
413 4467 583 4507 omnes
610 4457 743 4509 cives
764 4457 828 4511 ad
857 4450 1140 4510 saumonem
1172 4460 1491 4513 concitarunt.
1512 4461 1533 4525 J

264 4630 527 4696 [syracusia
566 4640 677 4690 ante
697 4639 898 4691 Gelonis
923 4640 1227 4703 tyrannidem
1263 4641 1581 4704 (democratia
1617 4645 1743 4695 male

212 4708 515 4765 administrata
535 4716 750 4768 &inditus
764 4730 988 4781 oppressa
1011 4720 1135 4780 est).

264 4790 315 4835 ln
328 4788 663 4842 democratiam
680 4807 875 4857 quoque
893 4796 1178 4858 (tyrannis)
1209 4798 1455 4860 mutatur,
1496 4797 1732 4860 quemad-

214 4863 391 4915 modum
410 4870 702 4930 Syracnssna
724 4872 936 4922 Gelonis.

266 4944 494 4996 Rvet-titur
518 4951 781 5011 tyrannis...
804 4963 889 5014 per
908 4951 1148 5002 sociorum
1170 4951 1450 5007 seditionem
1472 4986 1488 5013 ,
1514 4953 1571 5002 ut
1591 4952 1738 5003 Gelo·

220 5018 284 5067 nis
319 5024 366 5070 a
396 5035 545 5086 nuper
580 5025 807 5088 Dionysii.
833 5031 955 5079 Nam
991 5028 1186 5079 Gelonis
1219 5029 1417 5092 quidem
1448 5029 1662 5092 tyrannis
1683 5043 1740 5080 eo

216 5105 367 5144 eversa
396 5101 492 5160 est,
529 5101 661 5162 quod
704 5103 1031 5166 Thrasybulus
1046 5141 1062 5166 ,
1097 5105 1318 5155 Hieronis
1348 5106 1511 5167 frater,
1546 5106 1740 5157 Gelonis

218 5170 355 5222 tilium
370 5175 728 5241 detnagogornm
761 5194 893 5231 more
909 5183 1149 5233 blanditiis
1177 5184 1434 5234 deliniebat
1451 5184 1500 5233 et
1517 5184 1578 5233 ad
1606 5185 1737 5234 volu·

220 5250 355 5320 platea
365 5251 604 5316 incitabat,
624 5256 678 5305 ut
699 5257 796 5319 ipse
823 5260 1073 5321 imperaret
1091 5260 1372 5313 :necessarii
1396 5265 1559 5312 autem
1580 5261 1644 5311 ita
1664 5274 1740 5312 τῶ

3272 544 3371 593 171

1834 666 2012 723 χοντες
2039 645 2408 723 στασιάζωσιν,
2435 648 2613 730 ὥσπερ
2645 656 2680 723 ἡ
2707 655 2812 711 τῶν
2860 652 2982 733 περὶ
3014 655 3244 729 Γέλωνα,
3295 658 3386 717 καὶ

1836 738 1923 792 νῦν
1945 739 1981 806 ἦ
2009 739 2112 795 τῶν
2135 737 2251 817 περὶ
2273 739 2559 799 Διονύσιον·
2583 746 2619 815 ἡ
2655 742 2750 819 μὲν
2782 741 3039 815 Γέλωνος,
3064 746 3385 824 Θρασυὸού-

1835 821 1928 880 λου
1944 868 1962 894 ,
1983 826 2075 882 τοῦ
2104 822 2337 903 Ἱέρωνος
2374 828 2615 906 ἀδελφοῦ,
2640 828 2727 887 τὸν
2756 828 2864 887 υἱὸν
2886 834 2979 887 τοῦ
3012 830 3244 898 Γέλωνος
3281 835 3388 903 δη-
3417 827 3421 831 ⁴

1839 914 2204 985 μαγωγοῒὶντος
2220 911 2312 968 καὶ
2330 911 2458 992 πρὸς
2470 914 2656 984 ἡδονὰς
2670 918 2928 995 ὁρμῶντος
2942 958 2958 986 ,
2979 914 3046 974 ἵν’
3059 917 3211 984 αὐτὸς
3230 918 3386 997 ἄρχῃ,

1834 993 1938 1052 τῶν
1986 996 2032 1053 δ’
2074 996 2277 1055 οἰκείων
2317 1000 2703 1072 συστησάντων,
2737 997 2826 1057 ἵνα
2867 998 2944 1078 μὴ
2983 1002 3216 1081 τυραννὶς
3257 1006 3388 1071 ὅλως

1835 1080 2138 1161 καταλυθῇ,
2160 1082 2301 1141 ἀλλὰ
2323 1083 2697 1161 Θρασύὸουλος
2713 1107 2727 1123 ·
2748 1088 2794 1142 ol
2823 1083 2878 1144 Bi
2908 1087 3188 1155 συστάντες
3210 1093 3381 1149 αὐτῶν

1834 1169 1905 1232 ὣς
1926 1167 2106 1247 καιρὸν
2127 1168 2346 1248 ἔχοντες,
2366 1169 2608 1239 ἑξέὸαλον
2630 1172 2869 1240 ἅπαντας
2893 1173 3095 1240 αὐτούς.
3120 1175 3385 1235 Διονύσιον

1840 1251 1893 1311 δὲ
1915 1253 2056 1313 Δίων
2087 1256 2433 1335 στρατεύσας,
2453 1257 2705 1331 κηδεστὴς
2727 1259 2819 1332 ὧν,
2842 1259 2934 1318 καὶ
2951 1261 3268 1340 προσλαὸὼν
3297 1261 3385 1321 τὸν

1836 1342 2025 1418 δῆμον,
2049 1344 2241 1402 ἐκεῖνον
2271 1343 2508 1404 ἕκὸαλὼν
2538 1346 2805 1427 διεφθάρη.

1912 1432 1979 1498 V,
2014 1449 2073 1506 9,
2103 1430 2176 1487 23
2205 1448 2222 1490 ε
2248 1427 2391 1501 'Et-n
2414 1432 2461 1489 δ’
2489 1432 2596 1489 οὐδ’
2625 1431 2759 1504 αὕτη
2795 1432 2814 1509 (
2839 1418 2986 1505 sm*
3024 1434 3145 1514 περὶ
3169 1434 3382 1515 Ἱέρωνα

1834 1513 1926 1572 καὶ
1950 1516 2162 1576 Γέλωνα
2182 1518 2416 1593 τυραννίς
2451 1526 2471 1589 )
2501 1518 2971 1597 πολλαδιέμεινεν,
3001 1521 3137 1580 ἀλλὰ
3159 1521 3225 1580 τὰ
3249 1523 3387 1600 σύμ-

1834 1623 2010 1660 παντα
2038 1604 2173 1662 δυοῖν
2222 1604 2405 1662 δέοντα
2427 1604 2612 1664 εἴκοσι.
2640 1604 2818 1667 Γέλων
2852 1606 2948 1685 μὲν
2994 1606 3095 1687 γὰρ
3124 1611 3258 1668 ἔπτὰ
3294 1634 3384 1668 τυ·

1837 1688 2118 1768 ραννεύσας
2134 1734 2151 1761 ,
2180 1693 2256 1772 τῷ
2275 1691 2439 1773 ὀγδόῳ
2457 1692 2544 1751 τὸν
2571 1692 2681 1771 βίον
2705 1696 3034 1766 ἐτελεύτησε·
3057 1694 3183 1753 δέκα
3214 1698 3260 1755 δ’
3286 1697 3384 1758 Ἱέ-

1836 1798 1961 1855 ρων,
1982 1776 2350 1858 Θρασύὸουλος
2377 1779 2430 1838 δὲ
2461 1783 2536 1859 τῷ
2569 1781 2827 1858 ἑνδεκάτῳ
2854 1780 2980 1858 μηνὶ
3011 1780 3264 1850 ἐξέπεσεν.

1914 1869 1982 1935 V,
2023 1885 2082 1940 9,
2127 1866 2160 1922 3
2204 1887 2217 1922 :
2249 1870 2404 1924 Inter
2443 1888 2508 1925 ea
2525 1910 2542 1937 ,
2582 1871 2787 1943 quibus
2827 1874 3050 1945 tyranni
3094 1876 3380 1930 securitati

1832 1969 1943 2007 suae
1973 1954 2266 2009 consulere
2311 1956 2566 2026 student,
2607 1968 2690 2012 est
2719 1959 2885 2013 etiam
2911 1955 2971 2013 τὸ
3000 1954 3076 2033 μὴ
3118 1957 3385 2016 λανθάνειν

1832 2041 2112 2116 πειρᾶσθαι
2137 2036 2238 2095 ὅσα
2261 2038 2508 2119 τυγχάνει
2529 2064 2606 2107 τις
2631 2040 2798 2119 λέγων
2824 2040 2860 2112 ἢ
2883 2041 3126 2120 πράττων
3158 2047 3262 2101 τῶν
3284 2047 3383 2123 ἀρ-

1831 2122 2091 2201 χομένων,
2116 2124 2234 2182 ἀλλ’
2272 2116 2404 2183 εἶναι
2425 2126 2790 2194 κατασκόπους
2807 2174 2824 2199 ,
2846 2118 2951 2186 οἷον
2969 2130 3092 2207 περὶ
3117 2129 3384 2209 Συρακού·

1835 2222 1929 2267 σας
1957 2203 2012 2259 αἱ
2034 2203 2382 2280 ποταγωγίδες
2403 2203 2723 2281 καλουμέναι
2742 2248 2759 2278 ,
2783 2204 2875 2263 καὶ
2894 2204 3011 2273 τοὺς
3040 2207 3382 2275 ὠτακουστὰς

1832 2286 2116 2368 ἐξέπεμψεν
2135 2288 2330 2369 Ἱέρων,
2350 2289 2482 2350 ὅπου
2502 2315 2580 2358 τις
2598 2292 2677 2364 εἴη
2697 2291 2943 2351 συνουσία
2965 2293 3055 2353 καὶ
3084 2293 3346 2374 σύλλογος.
3365 2295 3388 2373 ]

1910 2381 1998 2435 De
2021 2380 2284 2437 Hieronis
2303 2379 2627 2437 infirmitate
2645 2400 2702 2435 v.
2732 2382 2804 2442 sr.
2827 2382 2955 2438 216.

1915 2576 2037 2646 [Id.
2056 2575 2136 2633 ib.
2161 2580 2228 2647 V,
2256 2577 2311 2648 8,
2342 2578 2411 2634 18
2434 2596 2450 2637 t
2482 2483 2955 2659 ἑῗιζὲύιρακούσιοι
2978 2580 3116 2638 κατὰ
3139 2578 3226 2639 τὸν
3252 2582 3381 2661 χρό·

1830 2683 1934 2733 νον,
1961 2660 2018 2719 ὃν
2046 2659 2403 2720 ἐπολιτεύοντο
2423 2664 2626 2735 καλῶς,
2653 2663 2942 2741 (πλείστας
2963 2664 3253 2725 κατέλυσαν
3286 2690 3382 2726 τυ-

1828 2925 1923 2992 τῆς
1941 2923 2088 2993 νίκης
2104 2927 2196 2980 τοῦ
2215 2922 2443 2999 πολέμου
2457 2928 2547 2981 τοῦ
2570 2922 2699 3003 πρὸς
2718 2923 3031 2999 Ἀθηναίους,
3044 2927 3104 2984 ἐκ
3124 2927 3384 2995 πολιτείας

1832 3011 1905 3076 είς
1937 3007 2294 3089 δημοκρατίαν
2324 3008 2633 3085 μετέὸαλεν.

1912 3102 1979 3168 V,
2003 3098 2040 3152 8
2059 3140 2075 3167 ,
2107 3106 2138 3163 ί,
2167 3115 2182 3156 :
2209 3094 2474 3164 Διονύσιος
2503 3098 2557 3153 ἐν
2598 3095 3006 3176 Συρακούσαις..
3045 3100 3104 3158 ἐκ
3131 3100 3382 3179 δημαγω-

1831 3182 1949 3260 γίας
1976 3184 2052 3241 ad
2079 3185 2431 3259 tyrannidem
2463 3188 2739 3259 pervenit.

1908 3275 1981 3343 V,
2014 3269 2068 3340 5,
2110 3274 2148 3330 6
2196 3291 2211 3330 2
2243 3270 2516 3348 Γίγνονται
2557 3269 2615 3328 δὲ
2644 3269 2935 3346 μεταὸολαὶ
2963 3274 3054 3343 τῆς
3080 3272 3381 3353 ὀλιγαρχίας

1832 3355 1922 3414 καὶ
1940 3355 2065 3415 ὅταν
2094 3355 2407 3416 ἀναλώσωσι
2435 3356 2503 3415 τὰ
2526 3355 2634 3415 ἴδια
2658 3360 2842 3426 ζῶντες
2873 3359 3129 3436 ἀσελγῶς·
3160 3358 3249 3417 καὶ
3278 3358 3381 3439 γὰρ

1832 3446 1880 3501 οἱ
1909 3448 2128 3502 τοιοῦτοι
2155 3451 2480 3521 καινοτομεῖν
2510 3447 2735 3515 ζητοῦσι,
2758 3441 2903 3514 καὶῆ
2931 3444 3190 3524 τυραννίδι
3215 3448 3382 3504 ἐπιτί-

1826 3611 2210 3672 composuerant,
2229 3611 2288 3659 ut
2300 3622 2363 3660 ne
2374 3609 2588 3672 tyrannis
2604 3608 2820 3660 funditus
2833 3611 3143 3671 everteretur,
3155 3611 3241 3660 sed
3252 3612 3384 3661 solus

1827 3685 2187 3748 Thrasybulus:
2212 3685 2345 3736 cives
2365 3698 2484 3735 vero
2505 3690 2556 3735 et
2576 3686 2783 3748 populus
2798 3686 3095 3736 οοοεείοιιοιιι
3119 3688 3266 3748 nacti,
3290 3688 3384 3737 coi·

1826 3760 1960 3811 tione
1978 3762 2132 3823 facta,
2152 3774 2237 3811 eos
2257 3774 2425 3811 omnes
2447 3764 2720 3824 exegerunt.
2737 3763 3016 3825 Dionysium
3038 3767 3201 3813 autem
3219 3765 3347 3814 Dion
3363 3801 3379 3825 ,

1826 3836 1930 3899 eius
1942 3837 2115 3898 affinis,
2129 3838 2518 3888 coactamilitum
2545 3851 2691 3890 manu
2719 3841 2771 3889 et
2807 3839 2985 3902 populo
3001 3840 3092 3890 sibi
3117 3840 3348 3903 adjuncto
3365 3878 3381 3904 ,

1827 3914 2082 3976 tyrannide
2097 3914 2269 3976 dejecit
2284 3950 2300 3977 ,
2319 3916 2370 3965 et
2385 3916 2487 3978 ipse
2505 3915 2781 3965 interfectus
2797 3917 2887 3965 est.

1889 3991 2108 4042 Hieronis
2127 3992 2178 4041 et
2207 3991 2402 4041 Gelonis
2424 3992 2640 4054 tyrannis
2655 4005 2805 4041 annos
2825 3991 2956 4041 haud
2979 3992 3162 4042 multos
3199 3993 3383 4043 stabilis

1827 4070 2088 4130 permansit
2125 4088 2138 4119 ι
2174 4069 2260 4119 sed
2293 4071 2407 4119 anni
2447 4074 2561 4120 sunt
2582 4071 2780 4120 omnino
2815 4070 2982 4119 decem
3017 4074 3064 4121 et
3091 4074 3218 4121 octo.
3261 4075 3382 4122 Nam

1827 4145 1948 4196 Gelo
1957 4158 2111 4207 quum
2120 4157 2272 4197 annos
2279 4148 2462 4209 septem
2479 4146 2780 4209 tyrannidem
2794 4145 3092 4209 obtinuisset,
3105 4149 3281 4196 octavo
3299 4162 3383 4197 ex·

1828 4222 1970 4272 cessit
1989 4235 2020 4272 e
2041 4223 2160 4283 νῆες
2205 4223 2349 4272 Hiero
2387 4222 2576 4273 det-,imo
2600 4235 2749 4280 annoz
2774 4222 3098 4285 Thrasybulus
3127 4223 3383 4273 undecimo

1827 4311 1993 4350 mense
2015 4302 2215 4349 exactus
2231 4302 2323 4349 est.

1888 4381 2098 4440 Operam
2116 4379 2235 4427 dant
2270 4377 2465 4440 tyranni
2496 4378 2572 4437 ut,
2605 4376 2723 4439 quid
2740 4374 3068 4437 subiectorum
3088 4377 3291 4440 quisque
3316 4379 3383 4428 di·

1827 4458 1906 4506 cat
1920 4459 1973 4506 et
1997 4459 2106 4518 agat
2119 4491 2135 4517 ,
2167 4468 2265 4505 non
2282 4455 2529 4518 ignoretur
2547 4457 2597 4505 et
2619 4455 2946 4518 exploratores
2966 4454 3190 4516 habeant,
3214 4459 3384 4519 quales

1827 4535 2030 4597 erantsy
2038 4535 2234 4595 mensis,
2244 4546 2353 4598 qnoe
2363 4534 2669 4596 Potagogides
2678 4532 3057 4596 appellabantur,
3074 4537 3122 4583 et
3135 4537 3379 4585 otacustze

1826 4613 1928 4664 sive
1949 4614 2324 4673 auscultator-es,
2345 4626 2470 4675 quos
2489 4613 2635 4664 uiero
2650 4611 2983 4674 submittebat,
3001 4612 3292 4677 ubicumque
3309 4616 3380 4663 ci·

1827 4689 1963 4740 vium
1981 4692 2135 4741 coettns
2155 4692 2205 4741 et
2219 4691 2486 4740 convmtus
2509 4692 2627 4740 erat.
2647 4688 2669 4753 J

1887 4869 2168 4933 [Syracusii
2198 4884 2297 4933 quo
2313 4872 2530 4934 tempore
2563 4873 2686 4923 bene
2711 4869 3171 4921 administrabantur
3193 4872 3212 4934 (
3226 4871 3378 4934 pluri·

1826 4961 1931 4998 mas
1952 4950 2228 5000 evei-terunt
2249 4948 2578 5012 tyrannides).

1886 5027 2151 5089 Syracusis,
2170 5040 2321 5089 quum
2335 5027 2383 5075 in
2397 5028 2574 5090 populo
2587 5040 2730 5077 causa
2746 5026 2960 5076 victoriae
2972 5026 3209 5076 bellicum
3231 5028 3376 5076 Atine-

1825 5105 2066 5155 niensibus
2078 5106 2194 5167 gesti
2207 5105 2507 5166 constitisset,
2517 5106 2678 5169 politia
2693 5107 2740 5154 in
2750 5105 3088 5155 democratiam
3099 5106 3279 5155 mutata
3290 5109 3374 5156 est.

1887 5183 2144 5245 Dionysius
2164 5182 2410 5245 Syracusis
2430 5196 2492 5232 ex
2518 5182 2779 5245 demagogo
2797 5185 3029 5244 tyrannus
3048 5182 3218 5230 evasit.

1890 5261 2034 5313 Fiunt
2061 5261 2328 5325 oligarchiae
2351 5262 2683 5313 conversiones
2716 5264 2859 5311 etiam
2874 5297 2888 5322 ,
2907 5273 3057 5321 qutun
3091 5260 3259 5323 pauci,
3292 5262 3381 5323 qui
