3900 6042
1394 418 1492 478 DE
1535 420 1774 482 REBUS
1817 423 2181 488 PUBLICIS.

142 557 272 608 οων,
298 540 579 595 alterurn
605 538 735 618 Περὶ
768 542 869 596 τῶν
898 540 952 597 ἐν
975 539 1196 600 Ἐλλάδι
1230 543 1430 604 πόλεων
1451 546 1542 622 (v.
1570 569 1740 624 supra

138 644 198 698 p.
249 626 443 701 198).
503 630 764 683 Titulum
814 626 948 706 Περὶ
987 630 1260 687 πολιτειῶν
1297 635 1369 689 ab
1410 650 1740 710 excerptore

142 712 493 785 profectum
532 714 753 785 videri,
787 735 963 789 quum
992 736 1111 772 non
1136 720 1434 792 probabile
1467 724 1537 779 sit
1560 727 1741 780 Hera-

143 799 362 855 clidem
411 814 645 875 praeter
683 822 826 876 opus
862 801 994 882 Περὶ
1034 805 1139 861 τῶν
1180 807 1233 863 ἐν
1270 803 1492 865 Ἑλλάδι
1530 807 1736 867 πόλεων

144 904 405 942 seorsum
425 890 617 943 etiam
634 888 909 955 Πολιτείας
923 892 1215 965 scripsisse.
1228 896 1438 949 Verum
1451 898 1736 953 enimvero

146 985 456 1029 auctorem
488 980 682 1031 nostri
710 978 886 1032 libelli
924 996 1044 1033 non
1074 982 1193 1054 ipsa
1221 982 1533 1038 Heraclidis
1561 1003 1734 1058 opera

146 1079 459 1134 usurpasse
503 1062 607 1136 (id
641 1065 791 1118 enim
832 1065 1047 1121 ordinis
1084 1066 1364 1129 desectum
1395 1088 1512 1124 uon
1545 1072 1738 1127 admit-

151 1149 342 1221 tere),
386 1149 502 1204 sed
538 1169 673 1204 aevo
707 1153 911 1219 medio,
956 1170 1131 1226 quum
1167 1156 1385 1230 integra
1430 1158 1738 1214 Heraclidis

148 1253 321 1309 opera
340 1235 590 1290 dudum
608 1239 919 1311 periissent,
943 1238 1253 1314 fragmenta
1274 1245 1571 1299 eorumvel
1586 1247 1731 1300 eclo-

151 1340 244 1396 gas
264 1323 362 1377 hic
396 1323 527 1379 illic
555 1326 617 1379 in
652 1327 816 1380 variis
850 1325 1005 1381 libris
1036 1326 1280 1401 dispersa
1311 1330 1613 1404 collegisse.

227 1410 496 1465 cairus
523 1411 568 1466 l.
598 1411 638 1466 l.
669 1430 727 1484 p.
754 1408 855 1488 ρνζ’
887 1413 960 1467 ita
991 1413 1163 1468 habet
1189 1432 1203 1469 t
1231 1412 1467 1484 Λαλήσω
1491 1414 1610 1492 περὶ
1643 1419 1734 1473 τοῦ

157 1492 588 1570 συγγράμματος
615 1497 773 1553 αὐτοῦ
805 1497 826 1573 (
850 1494 1190 1575 Ἡρακλείδου
1208 1504 1301 1557 τοῦ
1329 1501 1615 1577 Ποντικοῦ)
1642 1505 1731 1558 τοῦ

161 1579 599 1658 ἕπιγραφομένου
630 1581 768 1662 Περὶ
795 1583 1086 1643 πολιτειῶν.
1112 1586 1205 1651 Εἷς
1239 1584 1306 1643 τὰ
1335 1584 1602 1661 σωζόμενα
1640 1585 1731 1644 καὶ

160 1666 472 1742 ἐκδιδόμινι
504 1667 619 1726 ἀπὸ
640 1673 794 1727 τοῦτο
820 1668 1041 1749 λείψανα
1073 1671 1158 1730 δὸν
1186 1674 1377 1751 ἔχομεν
1398 1671 1558 1732 πλέον
1584 1672 1730 1751 παρὰ

158 1753 377 1826 ἀληθινὰ
407 1754 648 1834 λείψανα
668 1798 684 1827 ,
724 1756 813 1814 καὶ
837 1756 1020 1837 σχεδὸν

940 1911 1040 1960 ἇντὶ
1063 1911 1276 1975 φιλτάτης

246 1983 453 2040 μορφῆς,
468 1978 659 2029 σποδόν
676 1995 728 2029 τι
749 1981 829 2030 καὶ
848 1982 986 2031 σκιὰν
1000 1982 1228 2045 ἀνωφελῆ.

238 2110 305 2162 Et
324 2111 525 2182 paullo
545 2122 682 2184 post
710 2130 724 2166 ε
748 2110 1034 2177 memus
1058 2110 1193 2190 μέρη
1221 2108 1460 2191 φαίνεται
1485 2109 1564 2169 ὅτι
1590 2110 1729 2179 ὅστις

166 2191 431 2267 {tivene
458 2194 538 2252 τὸ
558 2195 964 2276 σύγγραμμα
984 2196 1019 2268 ἢ
1039 2196 1425 2279 συνήθροισε
1446 2199 1524 2257 τὰ
1545 2202 1725 2278 εὑρη·-

168 2278 349 2336 Θίντα
372 2280 443 2338 λε
459 2281 619 2361 ίψαν
635 2306 672 2340 α
687 2326 704 2357 ,
724 2282 915 2354 ἤλλαξε
934 2284 1026 2342 καὶ
1047 2282 1143 2354 τὴν
1156 2285 1346 2366 φράσιν
1365 2287 1456 2343 καί
1476 2308 1602 2345 ποτε
1633 2284 1724 2344 καὶ

167 2364 254 2434 τὴν
278 2365 518 2426 ἕσιότισι
548 2365 620 2444 μὶ
650 2367 746 2440 τὴν
784 2368 1058 2447 ἀσάφειαν.
1085 2374 1249 2429 Idem
1277 2384 1474 2447 postea
1498 2377 1556 2429 in
1580 2377 1719 2430 Pro·

172 2455 464 2528 legomenis
514 2458 594 2513 ad
636 2459 950 2514 Aristotelis
991 2461 1227 2516 Politica
1279 2460 1470 2535 (Paris
1518 2460 1661 2517 1821
1694 2459 1711 2539 )

170 2557 223 2612 p.
261 2540 310 2615 γ’
347 2546 541 2615 ponit
568 2545 693 2601 baec
727 2560 744 2601 :
775 2542 926 2602 Ἀπὸ
951 2541 1062 2610 τὰς
1092 2549 1204 2604 τοῦ
1235 2544 1722 2623 Ἀριστοτέλους

171 2626 518 2694 πολιτείας
556 2627 780 2685 πιθανὸν
816 2626 898 2685 ὅτι
935 2629 1281 2705 συνηρανίσθη
1311 2629 1371 2689 τὸ
1399 2630 1720 2709 σύγγραμμα

176 2708 206 2779 ἢ
234 2715 427 2786 μᾶλλον
468 2713 633 2795 μέρος
660 2713 1070 2796 συγγράμματος
1103 2721 1196 2774 τοῦ
1228 2716 1572 2796 Ἡρακλείδου
1601 2718 1720 2796 περὶ

172 2800 429 2857 πολιττιῦν
452 2801 547 2859 καὶ
579 2801 720 2871 αὐτὴ
746 2807 839 2859 τοῦ
867 2806 1222 2878 Δαμασκηνοῦ
1250 2803 1512 2863 Νικολάου
1530 2808 1566 2875 ἡ
1602 2806 1720 2865 Πα·

179 2884 387 2961 ραδόξων
426 2892 559 2947 ἐθῶν
594 2887 893 2967 συναγωγή.
927 2893 1190 2949 Similiter
1232 2894 1617 2950 Gussnonus
1658 2896 1719 2948 in

173 2974 340 3028 Jalms
356 2976 567 3033 Jahrb.
600 2977 781 3052 1829,
808 2989 947 3034 tom.
976 2981 1034 3034 X
1054 3019 1070 3047 ‚
1095 2997 1224 3053 Μ).
1258 2998 1364 3052 ¹7²
1398 2997 1413 3038 ε
1441 3006 1464 3031 «ι
1498 2982 1720 3037 Recen-

176 3072 285 3115 sent
310 3062 433 3116 halt
462 3064 580 3119 den
603 3065 930 3121 Heraclides
955 3067 1218 3122 Ponticus
1236 3067 1327 3122 fiir
1358 3071 1523 3123 einen
1547 3069 1713 3124 Com·

178 3147 367 3217 pilator
406 3150 506 3206 des
540 3152 899 3221 Aristoteles,
931 3153 1075 3208 oder
1115 3154 1383 3229 richtiger
1424 3155 1517 3211 die
1550 3165 1717 3211 unter

178 3235 365 3292 seinem
389 3238 612 3295 Namen
652 3236 1054 3297 vorhandeuen
1092 3243 1425 3317 Fragmente
1452 3243 1544 3297 fiir
1582 3245 1709 3300 eine

182 3324 531 3397 mangelhafte
576 3326 961 3400 compilation
1006 3346 1104 3383 aus
1144 3328 1255 3384 den
1304 3330 1581 3385 Politieen
1618 3329 1717 3387 des

187 3409 504 3467 Aristoteles.
544 3436 572 3463 n
627 3414 880 3469 Eandem
918 3416 1250 3470 seutentiam
1275 3417 1442 3471 etiam
1476 3417 1715 3473 Senum-

186 3510 422 3554 ntwnms
455 3501 821 3573 amplectitur
854 3511 911 3555 et
949 3500 1154 3556 additis
1181 3503 1520 3577 argumentis
1555 3521 1716 3558 com-

3218 422 3226 430 ’
3263 447 3376 496 203

1826 572 1895 610 eo
1922 556 2099 611 modo
2128 558 2357 612 concisi.
2381 559 2451 612 Et
2478 560 2778 614 Aristotelii
2807 560 3036 632 quidem
3074 563 3204 616 libri
3227 582 3372 636 quo·

1826 640 1978 695 niam
2024 642 2142 697 sere
2194 642 2526 717 grandiores
2575 656 2737 699 erant
2758 685 2774 714 ‚
2824 645 2940 717 jam
2992 665 3025 702 a
3090 647 3380 721 discipulis

1825 730 2051 802 excerpi
2084 731 2253 803 coepti
2298 740 2458 799 sunt,
2500 749 2553 787 v.
2597 733 2890 806 Koppium
2939 734 3079 789 Mus.
3116 735 3372 791 Rbenan.

1826 814 1943 883 111,
1998 832 2030 868 2
2080 834 2143 888 p.
2204 834 2305 870 101
2353 834 2479 891 sqq.
2533 818 2622 873 Sic
2672 819 3006 891 amplissima
3047 820 3375 876 Politiarum

1826 900 2115 957 volumina
2151 903 2211 956 in
2241 920 2419 976 pauca
2457 905 2768 959 contulerat
2803 907 2993 961 nescio
3028 908 3152 979 quis
3195 910 3374 963 Hera-

1813 986 2016 1044 ·clides.
2067 988 2178 1043 Sed
2229 991 2497 1062 quoniam
2543 993 2631 1046 vel
2675 1008 2741 1048 ea
2784 1002 3048 1065 excerpta
3094 993 3377 1050 inferioris

1823 1075 1995 1128 aetatis
2016 1077 2453 1149 magistellorum
2481 1089 2706 1151 captum
2732 1078 3109 1150 excedebant,
3141 1080 3246 1135 fuit
3274 1085 3371 1154 qui

1823 1159 2152 1217 Heraclidea
2207 1180 2399 1217 rursus
2463 1165 2854 1233 contraheret,
2909 1167 3083 1220 homo
3143 1169 3372 1222 nomine

1821 1245 2075 1317 ignotus,
2105 1248 2206 1303 sed
2236 1251 2528 1322 imperitus
2549 1251 2809 1324 profecto
2834 1262 2889 1306 et
2915 1252 3258 1324 antiquitatis
3277 1256 3372 1309 vix

1824 1333 2188 1391 mediocriter
2214 1354 2436 1411 gnarus.
2472 1340 2538 1393 Ei
2566 1339 2806 1395 debetur
2833 1338 3117 1411 quidquid
3144 1341 3255 1395 hoc
3292 1353 3373 1408 est

1825 1420 2000 1476 libelli
2015 1462 2031 1488 ,
2063 1440 2179 1494 quo
2208 1423 2326 1479 sere
2351 1424 2567 1479 librarii
2591 1425 2814 1479 ultimas
2839 1426 3085 1497 pagellas
3107 1425 3372 1481 codicum

1819 1506 2026 1562 AEliani
2052 1510 2181 1567 Var.
2218 1511 2358 1565 Hist.
2382 1512 2611 1583 explere
2641 1511 2789 1565 soliti
2812 1522 2960 1565 sunt.
2988 1513 3150 1566 Nunc
3174 1530 3242 1566 ex
3265 1514 3370 1568 hac

1817 1611 2138 1666 pannorum
2158 1596 2403 1653 exilitate
2424 1599 2746 1653 Aristotelia
2769 1598 3054 1670 opulentia
3084 1617 3228 1671 aegre
3252 1602 3368 1654 col·

1817 1680 2028 1752 ligitur.
2080 1682 2295 1755 Nempe
2332 1683 2544 1755 pariter
2579 1701 2649 1739 ex
2675 1683 2853 1737 Paulli
2892 1686 3156 1738 ramentis
3189 1688 3370 1740 Verrii

1817 1766 2002 1821 Flacci
2039 1769 2218 1840 copiae
2257 1779 2568 1826 censentur.
2612 1769 2928 1837 Sumamus,
2967 1778 3079 1823 tam
3119 1770 3369 1843 iniquam

1822 1851 2109 1909 fortunam
2133 1854 2298 1910 fiiisse
2317 1895 2333 1925 ,
2362 1866 2427 1911 ut
2452 1857 2543 1911 vel
2563 1858 2711 1912 Festi
2739 1857 3025 1929 epitomen
3047 1857 3211 1911 nobis
3232 1859 3369 1913 invi-

1816 1937 2015 2008 disset,
2046 1958 2158 2013 qua
2183 1939 2443 2015 magnam
2461 1953 2678 2015 partem
2701 1953 2914 1998 servata
2944 1944 3194 1997 laetamur
3219 1961 3234 2000 ε
3268 1963 3367 2000 ec-

1819 2026 1944 2097 quis
1991 2025 2064 2082 de
2097 2029 2279 2083 Verrii
2313 2029 2498 2084 Flacci
2530 2028 2755 2100 copiosa
2788 2038 2844 2083 et
2875 2028 3091 2083 erudita
3118 2029 3364 2102 disputa·

1817 2111 1971 2167 tione
2008 2128 2079 2167 ex
2114 2114 2292 2168 Paulli
2327 2116 2563 2187 penuria
2596 2114 2875 2185 judicium
2914 2114 3061 2169 ferre
3097 2114 3369 2170 auderet?

1813 2197 1978 2252 Nunc
1997 2198 2161 2270 hujus
2186 2202 2455 2256 misellam
2475 2202 2804 2256 brevitatem
2831 2220 2958 2255 cum
2989 2202 3202 2257 lautitia
3219 2204 3362 2258 Festi

1811 2285 2264 2356 comparantibus
2271 2287 2452 2341 Verrii
2465 2288 2668 2356 Flacci,
2682 2305 2713 2342 a
2722 2305 2838 2360 quo
2849 2288 2965 2341 haec
2977 2285 3360 2359 defluxerunt,

1811 2367 2081 2424 laetissima
2103 2371 2328 2426 ubertas
2355 2374 2512 2444 quasi
2538 2390 2644 2445 per
2666 2373 2928 2427 nebulam
2967 2374 3250 2445 aspicitur.
3271 2376 3361 2430 Sic

1812 2455 2278 2512 Heraclideorum
2301 2468 2696 2532 excerptorum
2719 2461 2965 2532 epitoma
2988 2478 3116 2513 ctun
3143 2462 3362 2516 Aristo-

1810 2543 1955 2597 teliis
1995 2543 2247 2616 reliquiis
2289 2547 2492 2601 collata
2533 2556 2799 2617 quantam
2836 2547 2896 2599 in
2932 2547 3149 2619 integro
3187 2565 3361 2620 opere

1809 2627 2104 2685 fecerimus
2124 2629 2402 2701 jacturam
2429 2632 2782 2687 manifestum
2809 2631 3017 2686 reddit.
3051 2655 3075 2679 n

1885 2716 1954 2769 In
1987 2717 2349 2789 sequentibus
2389 2717 2847 2773 Schneidewinus
2884 2729 3181 2790 postquam
3226 2720 3361 2775 vitia

1804 2805 2113 2871 recensuit,
2141 2804 2345 2877 quibus
2379 2806 2656 2878 Excerpta
2683 2805 2970 2871 laborant,
2994 2807 3178 2878 pergit
3209 2805 3361 2861 hunc

1806 2890 1863 2943 in
1882 2890 2120 2945 modum
2143 2908 2159 2949 :
2184 2917 2207 2941 ιι
2235 2893 2320 2947 Ita
2338 2910 2512 2965 quum
2540 2891 2797 2965 profecto
2819 2909 2940 2945 non
2958 2889 3249 2963 magnifice
3284 2892 3355 2947 de

1802 2988 2136 3051 excerptore
2151 2981 2404 3048 sentiam,
2426 2979 2577 3034 idem
2594 2990 2780 3034 tamen
2794 2978 3080 3033 descivisse
3108 2977 3268 3031 illum
3282 2979 3354 3034 ab

1802 3064 2056 3119 instituto
2073 3067 2161 3120 vel
2175 3066 2582 3121 Aristotelisvel
2594 3063 2923 3130 Heraclidis,
2937 3062 3356 3135 disputationis-

1801 3168 1913 3221 que
1933 3152 2192 3207 ordinem
2211 3164 2267 3207 et
2281 3156 2555 3209 rationem
2570 3154 2828 3208 evertisse
2843 3152 2981 3206 mihi
3000 3168 3116 3205 non
3128 3169 3354 3223 possum

1800 3238 2153 3309 persuadere.
2193 3241 2607 3313 Excerptorum
2631 3240 2783 3294 enim
2817 3250 2900 3293 est
2937 3239 3246 3293 ubertatem
3287 3238 3354 3294 li·

1800 3323 2040 3381 brorum
2084 3328 2570 3401 excerpendorum
2605 3337 2937 3395 extenuare,
2974 3326 3125 3380 salvo
3155 3327 3356 3382 ordine
3391 3380 3396 3385 .

1800 3430 2010 3471 rerum.
2038 3414 2196 3469 Ordo
2223 3426 2410 3469 autem
2431 3455 2447 3483 ,
2475 3424 2749 3487 quantum
2775 3415 2836 3467 in
2869 3414 3062 3486 paullo
3098 3414 3353 3486 locuple-

1800 3499 2039 3555 tioribus
2061 3504 2339 3574 excerptis
2362 3503 2726 3574 conspicitur,
2763 3502 2809 3554 is
2835 3511 2944 3571 est,
2970 3511 3034 3555 ut
3063 3502 3356 3573 praemissis

185 3583 404 3652 probare
432 3587 645 3644 studet.
685 3587 911 3643 Etenim
942 3598 1240 3661 postquam
1279 3607 1484 3663 genera
1523 3594 1711 3646 rer-uin
1797 3588 2223 3659 antiquitatibus
2242 3589 2590 3660 historiaque
2618 3588 2905 3643 civitatum
2929 3587 3135 3641 deinde
3163 3587 3234 3642 ad
3264 3589 3350 3642 in-

189 3684 294 3737 quae
317 3671 374 3724 in
411 3673 745 3728 Aristoteliis
784 3671 1068 3730 Πολιτιιῶν
1095 3676 1417 3750 fragmentis
1458 3675 1704 3733 afferun-
1796 3675 1991 3730 stituta
2028 3685 2085 3730 et
2117 3692 2303 3730 mores
2327 3686 2384 3730 et
2421 3676 2468 3730 si
2507 3693 2621 3747 qua
2658 3685 2928 3747 praeterea
2966 3674 3354 3730 memorabilia

191 3761 285 3820 tur,
317 3761 620 3828 recemuit,
674 3759 751 3815 ad
787 3759 1049 3816 Nostrum
1082 3780 1141 3817 se
1184 3774 1515 3819 convertens
1554 3765 1631 3819 ait
1688 3784 1702 3819 ε

1796 3761 2146 3831 inciderunt,
2175 3761 2272 3818 fiat
2297 3763 2579 3817 transitus.
2628 3786 2652 3811 υ
2699 3760 2920 3817 Deinde
2959 3760 3030 3816 ad
3077 3779 3349 3816 summam

198 3861 217 3883 «ι
245 3840 393 3897 Illum
444 3864 617 3918 quem
657 3855 891 3902 conatus
929 3866 1051 3903 sum
1079 3848 1361 3905 delineare
1399 3852 1708 3907 Aristotelii
1789 3863 1914 3902 rem
1931 3849 2201 3905 accedens
2217 3849 2677 3905 Schneidewinus
2690 3850 2948 3904 evincere
2964 3848 3169 3915 studet,
3188 3849 3349 3920 quod

192 3930 352 3997 operis
382 3931 639 3991 habitum
676 3944 1050 4008 ornammque
1090 3936 1189 4007 qui
1225 3946 1412 3991 mente
1447 3954 1711 4010 compre·-

194 4010 423 4071 henderit
440 4058 457 4085 ‚
481 4020 526 4075 is
544 4019 652 4075 ubi
679 4019 753 4075 ad
777 4020 1172 4077 Heraclideum
1195 4022 1407 4077 librum
1432 4022 1704 4094 devertet,

194 4104 626 4180 compen-abitque
653 4106 830 4162 libelli
859 4107 1019 4163 dotes
1042 4127 1175 4165 cum
1204 4108 1535 4163 Aristoteliis
1567 4111 1705 4178 illis,

194 4187 426 4253 pusillum
466 4193 714 4267 aliquem
754 4194 1109 4250 Aristotelem
1145 4206 1426 4269 agnoscet.
1467 4196 1708 4252 Tametsi

196 4284 432 4341 quantum
464 4289 742 4335 mutatum
768 4281 841 4336 ab
870 4281 997 4335 illo!
1027 4282 1138 4336 Pro
1178 4282 1399 4356 integro
1426 4292 1483 4337 et
1515 4284 1705 4339 valido

197 4372 407 4433 ‘fol-pore
439 4367 624 4443 imago
654 4381 912 4425 occursat
934 4369 1182 4425 marcida
1214 4379 1269 4425 et
1294 4373 1654 4426 semimortua
1684 4388 1699 4428 :

200 4444 340 4503 facies
373 4461 552 4509 tamen
578 4457 877 4529 voltusque
903 4457 945 4510 ii
962 4495 979 4524 ,
1016 4466 1079 4511 ut
1112 4457 1187 4513 de
1212 4459 1446 4531 pristina
1474 4461 1705 4515 sanitate

199 4531 539 4603 conjecturam
562 4542 767 4615 capias-
800 4565 825 4591 »
851 4570 930 4585 --

272 4641 292 4665 α
323 4622 581 4684 Gliscente
607 4629 966 4685 multitudine
992 4622 1271 4686 librorum
1306 4642 1588 4704 auctoque
1621 4632 1705 4688 le-

200 4705 341 4771 gendi
359 4715 834 4787 cognoscendique
848 4717 1044 4771 labore
1061 4734 1233 4789 quum
1254 4719 1497 4789 antiquis
1517 4718 1703 4772 homi·—

204 4788 340 4845 flibus
358 4799 517 4855 multa
538 4802 841 4857 multorum
860 4805 1047 4877 ampla
1075 4805 1359 4859 volumina
1381 4802 1700 4859 difficiliora

205 4880 410 4935 metatu
434 4896 489 4939 et
520 4888 842 4944 molestiora
869 4891 1216 4959 viderentur,
1248 4892 1459 4945 inventi
1485 4902 1700 4947 mature

206 4972 310 5015 ΜΠ
324 4968 413 5037 qui
434 4973 647 5045 majoris
669 4976 908 5032 ambitus
924 4979 1128 5050 scripta
1148 4978 1207 5031 in
1232 4978 1512 5050 angustius
1530 4996 1697 5032 coar-

194 5052 359 5104 urent
392 5055 564 5131 itaque
607 5063 680 5117 ad
713 5079 968 5135 saporem
1005 5064 1157 5137 vulgi
1199 5062 1502 5119 redderent
1542 5064 1698 5119 habi·

208 5128 341 5195 flora.
384 5143 618 5221 Suntque
671 5152 833 5205 multi
885 5152 1182 5226 scriptores
1236 5147 1697 5227 πολυγραφώτεροι

1794 3934 2084 4009 hucusque
2108 3938 2332 3992 nonnisi
2362 3936 2580 4010 posuit,
2609 3936 2818 3990 scilicet
2851 3934 3160 3989 Heraclidis
3200 3935 3352 4008 frag-

1792 4035 1981 4077 menta
2017 4025 2204 4078 omnia
2249 4024 2321 4078 ab
2363 4023 2660 4078 Aristotele
2696 4031 2919 4093 accepta
2952 4038 3085 4078 esse.
3117 4020 3184 4074 Id
3213 4040 3348 4077 vero

1792 4107 2164 4166 demonstrari
2189 4111 2270 4164 ait
2296 4126 2364 4165 eo
2384 4148 2400 4177 ,
2428 4108 2585 4181 quod
2615 4107 2950 4163 Heracliden
2978 4124 3105 4161 cum
3126 4107 3348 4162 Aristo-

1794 4198 1935 4251 teliis
1976 4207 2288 4271 congruant
2314 4197 2641 4267 ubicunque
2667 4195 2785 4249 haec
2811 4212 2941 4248 cum
2970 4194 3077 4247 illis
3107 4212 3342 4267 compo·

1792 4301 1927 4338 nere
1953 4283 2136 4355 adhuc
2160 4284 2344 4337 liceat.
2383 4281 2712 4337 Recensebo
2735 4280 2970 4353 singula.

1869 4371 2088 4442 Fragm.
2121 4388 2170 4435 ι,
2196 4387 2217 4422 1
2259 4369 2422 4422 Iones
2441 4368 2511 4421 ab
2533 4369 2670 4421 Ione
2698 4382 2906 4419 nomen
2925 4365 3157 4421 babent.
3177 4366 3333 4421 Idem

1791 4456 2050 4510 novimus
2086 4472 2157 4510 ex
2197 4454 2515 4510 Aristotele.
2571 4482 2651 4496 —-
2689 4454 2783 4508 Fr.
2839 4470 2863 4506 1
2887 4491 2903 4519 ,
2939 4451 2974 4505 6
3039 4452 3343 4508 Pisistratus

1793 4542 1865 4597 33
1905 4560 2079 4598 annos
2119 4543 2391 4616 regnavit.
2423 4541 2715 4597 Consentit
2754 4540 3077 4596 Aristoteles
3109 4540 3234 4593 Pol.
3268 4542 3338 4609 V,

1789 4648 1857 4703 9,
1887 4628 1982 4685 23.
2008 4658 2084 4672 —-
2112 4630 2208 4685 Fr.
2258 4646 2326 4697 a,
2358 4634 2390 4693 4
2425 4628 2666 4683 Charilai
2689 4644 2929 4699 regnum
2960 4626 3206 4697 tyrannis
3232 4642 3337 4697 ap-

1786 4718 2049 4789 pellatur,
2067 4726 2133 4771 ut
2151 4714 2303 4788 apud
2321 4717 2552 4770 Aristot.
2585 4715 2706 4772 Pol.
2736 4715 2803 4779 V,
2837 4731 2933 4778 10,
2971 4710 3025 4766 3.
3053 4714 3342 4783 Lycurgus

1787 4799 2040 4880 κρυπτίαν
2066 4803 2330 4869 instituit,
2358 4800 2518 4873 quod
2544 4799 2696 4855 idem
2719 4817 2790 4854 ex
2819 4798 3118 4853 Aristotele
3140 4815 3340 4853 narra-

1788 4902 1881 4944 tur
1901 4890 1973 4944 fr.
2003 4889 2097 4946 60.
2128 4888 2538 4945 Lacedaemonii
2579 4885 2966 4959 Terpandrum
2998 4902 3339 4957 magnopere

1787 4978 2144 5032 honorarunt
2160 5017 2177 5045 ,
2203 4977 2363 5030 sicuti
2393 4976 2569 5048 liquet
2592 4975 2758 5028 etiam
2784 4990 2855 5027 ex
2879 4973 3111 5027 Aristot.
3141 4970 3208 5027 fr.
3238 4969 3335 5040 87.

1804 5100 1861 5107 w-
1892 5066 1984 5119 Fr.
2017 5063 2079 5130 3,
2119 5083 2140 5118 ι
2185 5064 2369 5117 Minos
2396 5063 2609 5135 primus
2633 5060 2980 5116 Cretensium
3024 5058 3335 5129 legislator.

1785 5154 1869 5205 De
1907 5151 2104 5207 eadem
2133 5169 2195 5206 re
2232 5151 2554 5206 Aristoteles
2595 5149 2715 5204 Pol.
2755 5149 2844 5215 11,
2880 5165 2934 5215 7.
2967 5177 3040 5191 -ν
3069 5146 3163 5201 Fr.
3199 5143 3261 5211 5,
3299 5164 3332 5198 2
