3900 6042
1530 515 1539 525 '
1596 506 2089 565 FRAGMENTA.
3258 515 3372 563 ⁴73

130 640 371 718 Μίθρῃ.
423 639 622 719 Γράφει
661 636 715 695 δὶ
745 637 906 701 οὕτως
947 635 1068 714 περὶ
1108 632 1290 692 τούτου
1337 637 1518 713 Δοῦρις
1563 636 1615 691 ἐν
1665 637 1729 712 τῇ
1820 636 2054 703 sthenes,
2085 638 2409 698 Demetrius,
2439 635 2766 699 Demoteles,
2801 638 3001 706 Apion.
3023 636 3178 687 Inter
3195 651 3383 687 omnes

126 726 367 805 ἑὸδόμῃ
387 731 493 785 τῶν
514 726 800 803 Ἱστοριῶν·
831 750 855 775 σι
875 722 971 781 Ἐν
995 720 1127 799 μόνῃ
1147 724 1247 778 τῶν
1274 722 1461 798 ἑορτῶν
1483 722 1587 776 τῶν
1609 720 1733 795 ἀγο-
1823 742 1933 777 non
1950 734 2164 777 constat
2185 741 2220 775 α
2240 720 2432 793 quihus
2445 718 2633 789 saetoe
2658 724 2782 785 sint,
2805 725 3108 789 justissimo
3125 738 3254 773 casu
3287 721 3381 773 ob·

128 812 337 883 μένων
368 812 473 869 ὑπὸ
511 814 729 889 Περσῶν
767 813 843 887 τῷ
877 809 1054 887 Μίθρῃ
1099 807 1339 885 βασιλεὺς
1392 803 1732 882 μεθύσκεται,
1826 814 2067 864 literatis
2103 821 2274 863 tamoe
2297 812 2578 861 vanitatis
2614 808 2933 861 auctoribus.
2965 808 3158 878 Aliqui
3191 824 3264 859 ea:
3300 805 3384 859 In's

128 899 245 957 καὶ
271 900 342 957 τὸ
374 899 634 976 Περσικὸν
658 900 890 974 ὀρχεῖται
911 919 924 932 ·
962 900 1066 953 τῶν
1090 895 1145 952 δὲ
1174 896 1367 952 λοιπῶν
1402 892 1562 957 οὐδεὶς·
1600 891 1735 949 κατὰ
1818 897 2183 969 prodiderunt
2201 900 2258 948 ίη
2277 893 2602 966 rhaphanos
2619 906 2678 947 et
2700 896 2898 947 alle'um
2926 905 2984 947 et
3003 912 3192 966 coepas
3231 895 3385 945 mille

130 985 249 1055 τὴν
269 986 483 1056 Ἀσίαν,
512 985 647 1042 ἀλλὰ
686 984 875 1049 πάντες
906 981 1190 1059 ἀπέχονται
1221 979 1359 1038 κατὰ
1403 978 1497 1048 τὴν
1530 975 1732 1054 ἡμέραν
1829 993 2089 1034 sexcenta
2111 983 2321 1034 talenta
2341 993 2592 1051 erogata.
2613 982 2680 1033 In
2699 981 3020 1034 narratione
3037 979 3108 1033 de
3140 979 3384 1035 Alexan-

130 1072 369 1143 ταύτην
397 1077 491 1142 τῆς
537 1070 818 1149 ὀρχήσεως.
858 1068 1064 1147 Πέρσαι
1106 1067 1228 1144 γὰρ,
1263 1066 1441 1143 ὥσπερ
1480 1064 1733 1130 ἱππεύειν,
1829 1067 1991 1121 driin
2013 1066 2310 1141 AEgyptum
2339 1067 2701 1140 expeditione
2723 1066 2794 1120 de
2822 1067 2906 1119 his
2924 1067 3010 1139 agi
3042 1066 3241 1137 potuit.

133 1158 303 1218 οὕτω
349 1159 443 1218 καὶ
472 1162 736 1237 ὀρχεῖσθαι
767 1156 1113 1234 μανθάνουσι*
1139 1155 1226 1212 καὶ
1274 1153 1535 1228 νομίζουσι
1563 1150 1657 1219 τὴν
1681 1151 1739 1206 ἐκ

138 1252 255 1316 τ’ἧς
295 1245 548 1324 ἐργασίας
600 1243 789 1313 ταύτης
829 1242 1028 1314 κίνησιν
1050 1244 1254 1317 ἕμμελῆ
1298 1262 1411 1296 τινα
1448 1237 1738 1314 λαμὸάνειν
2570 1224 2656 1276 ¹6·

136 1331 469 1407 γυμνασίαν
493 1336 584 1399 τῆς
610 1334 701 1388 τοῦ
725 1328 967 1405 σώματος
995 1328 1191 1407 ῥώμης.
1224 1354 1247 1377 n
2281 1361 2324 1412 E
2363 1359 2584 1417 LIBRO
2626 1338 2930 1414 &CT-Avo.

242 1422 556 1494 Exscripsit
570 1421 809 1474 Eustath·
836 1419 907 1473 ad
927 1418 1122 1491 Odyss.
1140 1435 1201 1489 p.
1231 1414 1396 1483 1834,
1422 1414 1488 1471 Il.
1509 1432 1568 1485 p.
1592 1410 1731 1485 957.

145 1508 247 1567 Cf.
283 1509 482 1563 Ctoeiae
510 1508 579 1563 fr.
618 1505 709 1561 55.

912 1662 998 1719 14.

252 1824 706 1889 AthenarusXIl,
731 1842 790 1896 p.
814 1822 948 1894 529,
974 1824 1021 1876 A
1045 1841 1059 1875 ε
1082 1821 1327 1885 Τοιοῦτος
1346 1820 1388 1876 δ’
1416 1820 1431 1896 (
1453 1822 1632 1893 qualis
1646 1821 1742 1875 Ni-

160 1932 318 1987 nyas
348 1931 449 1967 rex
475 1908 821 1982 luxuriosae)
870 1899 932 1977 ἦν
958 1906 1046 1964 καὶ
1089 1906 1564 1984 Σαρδανάπαλλος,
1601 1903 1657 1961 ὃν
1690 1906 1737 1961 οἵ

163 1996 275 2071 μὲν
307 1992 757 2071 Ἀνακυνδαράξεω
773 1992 1008 2068 λέγουσιν
1029 1991 1155 2063 υἱὸν,
1185 1995 1232 2049 οἱ
1261 1990 1315 2048 δὲ
1349 1990 1737 2066 Ἀναόαξάρου.

160 2082 313 2142 Ὀτι
341 2080 405 2151 δὴ
437 2073 521 2138 οῦν
546 2078 831 2158 Ἄρὸάκης,
863 2071 932 2145 εἷς
964 2082 1067 2135 τῶν
1100 2082 1191 2135 ὑπ’
1234 2078 1385 2136 αὐτὸν
1416 2080 1743 2157 στρατηγῶν,

167 2171 368 2239 Μῆδος
395 2166 565 2245 γένος,
599 2167 905 2245 διεπράξατο
934 2165 1017 2223 διά
1036 2168 1294 2231 τινος-τῶν
1308 2164 1568 2242 εὐνούχων
1589 2167 1744 2222 Σπα-

172 2253 434 2333 ραμείζου
464 2253 749 2311 θεάσασθαι
790 2252 1257 2330 Σαρδανάπαλλον,
1303 2249 1390 2308 καὶ
1422 2252 1567 2326 μόλις
1606 2252 1745 2328 αὐτῷ

174 2342 459 2421 ἐπετράπη
483 2340 677 2398 ἐκείνου
699 2338 1053 2411 ἐθελήσαντος,
1078 2343 1147 2404 ὡς
1163 2337 1402 2396 εἰσελθὼν
1432 2330 1561 2394 εἶδεν
1591 2336 1746 2394 αὐτὸν

175 2434 211 2486 ὃ
234 2431 419 2497 Μῆδος
463 2428 871 2508 ἐψιμυθιωμένον
899 2424 1400 2502 καῖ’κεκοσμημένον
1424 2424 1745 2502 γυναικιστὶ,

178 2514 281 2573 καὶ
299 2514 434 2591 μετὰ
457 2519 558 2572 τῶν
585 2513 921 2573 παλλακίδων
949 2512 1185 2580 ξαίνοντα
1222 2510 1515 2591 πορφύραν,
1550 2510 1747 2569 ἀναδά-

180 2605 286 2672 δην
316 2625 372 2659 τε
416 2601 526 2677 μετ’
570 2604 741 2658 αὐτῶν
778 2599 1088 2672 καθήμενον,
1134 2598 1427 2675 γυναικείαν
1464 2598 1518 2655 δὲ
1556 2596 1744 2667 στολὴν

181 2692 413 2768 ἔχοντα,
442 2688 532 2745 καὶ
568 2686 975 2766 κατεξυρημένον
1012 2685 1102 2744 τὸν
1129 2684 1382 2763 πώγωνα,
1406 2684 1495 2743 καὶ
1523 2707 1747 2742 κατακε-

184 2774 593 2853 κισσηρισμένον
638 2768 727 2849 (ἦν
767 2775 821 2832 δὲ
862 2773 951 2831 καὶ
994 2775 1251 2848 γάλακτος
1294 2772 1617 2849 λευκότερος,
1658 2771 1747 2828 καὶ

186 2862 556 2941 ὑπεγέγραπτο
584 2860 700 2927 τοὺς
726 2860 1042 2941 ὀφθαλμούς·
1073 2860 1183 2918 ἐπεὶ
1208 2858 1263 2917 δὲ
1284 2860 1372 2917 καὶ
1395 2859 1635 2938 προσεῖδε
1661 2857 1747 2915 τὸν

188 2949 478 3027 Ἆρὸάκην,
507 2947 573 3006 τὰ
619 2947 779 3006 λευκὰ
809 2943 1151 3004 ἐπαναὸαλὼν
1184 2950 1288 3013 τοῖς
1314 2948 1627 3026 ὀφθαλμοῖς)
1647 2967 1661 2983 ·
1701 2949 1751 3004 οἱ

198 3036 297 3113 μὲν
320 3036 536 3113 πολλοὶ,
588 3026 659 3093 ὧν
685 3037 797 3092 ἐστι
826 3033 915 3092 καὶ
955 3038 1167 3113 Δοῦρις,
1194 3037 1482 3113 ἱστοροῦσιν
1509 3035 1608 3090 ὑπὸ
1634 3032 1752 3090 τού-

188 3146 286 3181 του
314 3122 784 3199 ἀγανακτήσαντος,
808 3124 851 3178 εἷ
874 3127 1097 3187 τοιοῦτος
1121 3123 1290 3179 αὐτῶν
1323 3122 1601 3198 βασιλεύει,
1622 3143 1746 3196 συγ·

192 3210 503 3280 κεντηθέντα
558 3213 851 3269 ἀποθανεῖν.
902 3209 1139 3279 Κτησίας
1189 3207 1242 3265 δὲ
1292 3232 1341 3265 κ.
1399 3233 1450 3268 τ.
1499 3211 1555 3269 λ.
1610 3210 1750 3265 Vide

191 3304 385 3359 Ctesiae
427 3300 495 3355 fr.
548 3320 644 3372 20,
672 3320 729 3373 p.
763 3298 859 3355 36.
901 3300 1039 3355 Cum
1065 3297 1281 3354 Duride
1309 3298 1377 3355 cf.
1406 3300 1591 3354 Const-
1626 3296 1754 3355 Ma-

192 3406 353 3445 nasse
374 3406 430 3461 p.
461 3387 533 3443 26
564 3388 655 3446 ed.
694 3388 900 3443 MeurS.

938 3536 959 3570 1
974 3514 1027 3571 5.

281 3647 490 3707 Plinius
505 3655 578 3708 Η.
598 3655 668 3710 Ν.
688 3652 954 3719 XXXVI,
978 3670 1029 3707 c.
1060 3669 1127 3705 10
1149 3670 1161 3704 :
1190 3652 1298 3721 Qui
1312 3652 1460 3704 cleiis
1479 3650 1754 3723 (pyrami-

205 3740 395 3813 dibus)
424 3745 769 3813 scripserint,
826 3751 953 3793 sunt
990 3739 1322 3804 Her-odona,
1385 3738 1744 3803 Euhemerm,

207 3830 375 3882 Duris
428 3826 676 3891 Samira,
710 3830 1086 3897 Aristagoras,
1140 3827 1436 3891 Dionysius
1448 3866 1462 3891 ,
1505 3828 1755 3879 Artemi·-

208 3917 371 3969 dorus
388 3954 404 3982 ‚
454 3913 778 3967 Alexander
817 3912 1146 3983 Polybium,
1206 3914 1524 3977 ButorideS,
1594 3913 1758 3965 Ante·-

211 4091 297 4128 rex
316 4114 328 4135 ,
355 4078 405 4126 et
440 4077 682 4125 Persicum
710 4077 877 4136 saltat;
910 4090 1051 4125 nemo
1078 4089 1192 4124 vero
1222 4076 1347 4124 alius
1372 4090 1456 4136 per
1493 4075 1760 4123 universam

124 4162 133 4169 “
215 4154 402 4213 Asiam,
438 4153 521 4201 sed
555 4166 612 4201 eo
647 4153 724 4202 die
759 4166 926 4201 oninec
963 4152 1201 4201 abstinent
1234 4166 1263 4201 a
1296 4152 1563 4201 saltatione.
1606 4154 1760 4199 Persae

218 4232 342 4281 euim
356 4267 370 4291 ,
397 4233 453 4279 ut
470 4232 604 4293 equis
626 4230 732 4279 velli
746 4267 760 4291 ,
777 4231 846 4278 sic
866 4231 1009 4280 etiam
1026 4231 1201 4279 saltare
1225 4229 1448 4290 discunt3
1472 4229 1763 4277 existimant·

220 4321 310 4371 que
332 4308 477 4369 ipsam
514 4307 646 4356 illam
681 4309 1051 4357 commotionem
1070 4343 1083 4369 ,
1111 4321 1222 4369 quae
1257 4308 1507 4355 saltatione
1539 4305 1762 4363 eflicitur,

221 4387 458 4509 pzaptam
487 4383 579 4433 sibi
603 4384 993 4434 exercitationem
1017 4399 1118 4435 csse
1148 4385 1207 4434 ad
1233 4384 1522 4433 firmandum
1555 4382 1765 4443 corporis

222 4474 277 4510 ro
309 4473 379 4508 ur.
408 4479 432 4501 ι»

957 4528 1042 4577 14.

284 4620 459 4671 Eodem
483 4620 667 4682 ingenio
702 4621 1072 4685 sardanapalius
1104 4622 1225 4682 suit,
1258 4635 1402 4684 quem
1440 4620 1518 4669 alii
1554 4624 1768 4680 Anacyn·

226 4698 409 4747 daraxae
440 4697 590 4745 filium
610 4697 802 4758 dicunt,
821 4699 896 4747 alii
915 4713 1027 4747 vero
1048 4698 1330 4748 Anabaxari.
1366 4697 1516 4758 Igitur
1530 4696 1737 4745 Arbaces
1755 4730 1768 4753 ,

229 4789 348 4826 unus
367 4788 429 4829 ex
445 4775 548 4836 eiua
564 4777 828 4837 praesectiS,
854 4778 1023 4827 Medus
1053 4792 1250 4840 genere,
1275 4789 1425 4838 quum
1458 4776 1626 4835 egisset
1658 4787 1770 4822 cum

229 4854 517 4915 sparamizo,
548 4867 647 4902 uno
676 4867 738 4903 ex
756 4857 987 4905 eunuchis
1004 4861 1089 4917 ,ut
1117 4856 1307 4904 videndi
1338 4852 1661 4914 Sardanapalli
1684 4866 1770 4913 po-

232 4932 370 4981 testas
396 4930 484 4979 sibi
504 4932 721 4993 daretur,
740 4931 885 4995 idque
902 4934 1095 4982 tandem
1113 4971 1128 4995 ,
1154 4935 1256 4995 ipso
1287 4946 1392 4991 rege
1427 4933 1615 4980 volente
1631 4966 1645 4989 ,
1681 4929 1771 4977 im-

233 5009 451 5071 petrasset
471 5026 482 5056 :
503 5008 587 5058 ubi
617 5010 931 5070 introgressus
949 5011 1117 5060 Medus
1153 5010 1274 5059 vidit
1305 5010 1441 5059 illum
1476 5009 1773 5059 cerussatum

233 5086 545 5146 ornatumque
575 5085 891 5144 muliebriter,
928 5090 977 5135 et
1005 5101 1118 5135 cum
1146 5087 1398 5150 pellicibus
1429 5085 1773 5133 carminantem

235 5173 503 5225 purpuram,
526 5161 788 5223 etpedibus
806 5163 1010 5213 sublime
1022 5164 1253 5226 porrectis
1272 5176 1385 5211 cuni
1404 5162 1496 5211 illis
1512 5160 1773 5221 sedentem,

236 5237 446 5288 muliebri
479 5241 602 5288 stola
636 5241 892 5302 vestitum,
918 5256 1022 5292 rasa
1060 5241 1234 5302 barba,
1259 5244 1308 5291 et
1334 5241 1551 5303 laevigata
1574 5240 1775 5301 pumicis

237 5315 393 5373 attritu
432 5316 550 5365 l'acie
576 5320 591 5377 (
620 5320 725 5369 erat
766 5322 933 5369 aulem
964 5320 1087 5369 lacte
1126 5319 1385 5380 candidior,
1428 5317 1686 5379 oculosque
1729 5321 1775 5367 et

1908 1498 2186 1553 Anecdot.
2218 1499 2315 1554 Gr.
2347 1497 2583 1552 Bekkeri
2620 1516 2680 1570 p.
2718 1496 2826 1565 782
2852 1514 2866 1552 ε
2913 1499 3094 1570 Δοῦρις
3140 1493 3193 1551 δὲ
3223 1497 3250 1550 ὁ
3281 1494 3390 1552 Σά-

1834 1603 1947 1657 μιος
1975 1586 2003 1639 ὁ
2029 1580 2279 1659 ἱστορικὸς
2299 1585 2349 1638 ἐν
2377 1580 2532 1660 ὀγδόῃ
2571 1585 2670 1638 τῶν
2699 1581 3085 1652 Μακεδονικῶν,
3115 1580 3216 1637 ἀπὸ
3247 1581 3389 1640 Φοί-

1834 1692 1969 1734 νικος
2002 1675 2093 1725 τοῦ
2130 1668 2411 1745 Ἀχιλλέως
2440 1673 2628 1747 τροφοῦ
2657 1670 2762 1743 (ες.
2797 1666 3076 1737 Φοινικήῖα
3117 1666 3183 1723 τὰ
3211 1666 3389 1744 γράμ-

1836 1778 1976 1832 ματα
2007 1753 2466 1831 κληθῆναιλέγει).

1912 1846 1996 1902 Cf.
2012 1844 2311 1900 Diomedes
2332 1846 2391 1899 in
2409 1846 2691 1900 Villoison.
2719 1843 2930 1902 Anecd.
2950 1843 3049 1899 Gr.
3071 1845 3146 1910 Π,
3169 1863 3229 1916 p.
3254 1843 3390 1898 186:

1837 1934 1906 1990 Οἱ
1946 1930 2000 1987 δὲ
2029 1928 2107 1987 ὅτι
2157 1930 2420 1999 Φοινίκων
2471 1929 2611 1987 ἐστὶν
2646 1928 2865 2008 εὕρεσις,
2895 1931 2942 1986 οἱ
2984 1926 3037 1985 δὲ
3080 1927 3158 1984 ὅτι
3199 1932 3226 1986 ὁ
3270 1952 3390 1985 παι-

1836 2016 2065 2094 δαγωγὸς
2083 2022 2172 2074 τοῦ
2196 2016 2470 2095 Ἀχιλλέως
2500 2015 2683 2083 Φοῖνιξ
2706 2017 2911 2096 ἐφεῦρεν
2937 2014 3090 2072 αὐτά.

2573 2177 2661 2227 17.

2329 2300 2372 2353 Ε
2415 2299 2633 2353 LIBRO
2675 2299 2900 2358 NONO.

1916 2432 2211 2486 Athenaeus
2235 2430 2399 2496 XIII,
2426 2448 2484 2501 p.
2509 2428 2646 2496 606,
2685 2430 2735 2483 D
2773 2448 2787 2482 t
2821 2427 3050 2504 Δελφῖνα
3086 2427 3131 2482 δ’
3163 2426 3214 2482 ἐν
3237 2425 3396 2502 Ἰασῷ

1835 2515 2017 2580 παιδὸς
2038 2518 2316 2592 ἐρασθῆναι
2333 2514 2497 2588 λόγος,
2516 2516 2585 2578 ὡς
2608 2516 2800 2590 ἱστορεῖ
2828 2518 3012 2589 Δοῦρις
3041 2514 3090 2569 ἐν
3115 2516 3179 2591 τῇ
3209 2513 3384 2588 ἐνάτῃ.

1839 2601 1903 2660 ‘O
1933 2602 1987 2660 δὲ
2006 2602 2155 2679 λόγος
2185 2601 2323 2660 ἐστὶν
2349 2603 2488 2680 αὐτῷ
2513 2604 2540 2657 ὁ
2566 2598 2685 2678 περὶ
2728 2599 3084 2677 Ἀλεξάνδρου,
3113 2598 3201 2655 καὶ
3250 2598 3390 2675 λέγει

1836 2688 1996 2755 οὕτως
2015 2712 2028 2726 ·
2054 2716 2076 2739 α
2111 2688 2501 2767 Μετεπίμψατο
2525 2686 2576 2745 δὲ
2593 2686 2781 2745 καὶτὸν
2803 2689 2862 2743 ἐκ
2889 2691 2980 2756 τῆς
3001 2686 3177 2745 Ἰασοῦ
3208 2688 3393 2745 παῖδα.

1840 2776 1974 2855 Περὶ
1992 2774 2093 2853 γὰρ
2134 2773 2228 2845 τὴν
2257 2776 2408 2835 πόλιν
2448 2773 2642 2845 ταύτην
2671 2772 2931 2839 Διονύσιός
2959 2795 3033 2838 τις
3057 2765 3118 2843 ἦν
3143 2781 3292 2845 παῖς,
3343 2773 3398 2840 ὃς

1840 2864 1975 2940 μετὰ
2029 2867 2128 2921 τῶν
2159 2863 2329 2920 ἄλλων
2373 2865 2432 2919 ἐκ
2480 2861 2807 2940 παλαίστρας
2859 2860 3276 2940 παραγενόμενος
3312 2862 3397 2920 ἐπὶ

1839 2949 1933 3022 τὴν
1963 2952 2225 3009 θάλατταν
2251 2948 2541 3025 ἐκολύμὸα.
2590 2948 2777 3029 Δελφὶς
2800 2947 2854 3006 δὲ
2877 2947 3005 3027 πρὸς
3044 2948 3194 3005 αὐτὸν
3219 2950 3277 3005 ε’κ
3309 2954 3397 3006 τοῦ

1840 3037 2096 3115 πελάγους
2143 3037 2384 3111 ἀπήντα,
2414 3036 2505 3095 καὶ
2551 3035 2934 3113 ἀναλαμὸάνων
2985 3035 3070 3093 ἐπὶ
3110 3034 3176 3093 τὰ
3223 3039 3393 3108 νῶτα,

1842 3126 2017 3203 ἔφερεν
2043 3124 2129 3182 ἐπὶ
2151 3126 2393 3184 πλεῖστον
2410 3122 2724 3202 νηχόμενος,
2757 3122 2846 3181 καὶ
2880 3122 3038 3180 πάλιν
3068 3122 3397 3180 ἀποκαθίστα

1842 3213 1910 3279 εἷς
1925 3210 2021 3281 τὴν
2047 3216 2166 3289 γῆν.
2198 3238 2222 3264 n

1920 3302 2224 3357 Historiam
2265 3302 2457 3374 paullo
2500 3301 2661 3355 aliter
2708 3311 2938 3355 narrant
2989 3298 3270 3352 Plutarch.
3315 3299 3399 3352 De
3449 3351 3456 3364 ‚

1843 3390 2055 3443 sollert.
2079 3390 2246 3443 anim.
2278 3408 2327 3444 c.
2366 3387 2438 3442 36
2472 3387 2577 3461 (p.
2613 3385 2757 3441 1205
2783 3387 2984 3458 Didot)
3008 3398 3064 3440 et
3087 3387 3290 3439 AElian.
3324 3387 3396 3440 11.

1842 3480 1911 3532 A.
1942 3478 2032 3542 vl,
2071 3474 2165 3543 153
2203 3477 2420 3530 Tzetzes
2460 3476 2603 3530 Hist.
2633 3476 2766 3541 vll,
2825 3492 2953 3543 ¹17·
2986 3503 3064 3514 —·
3101 3471 3385 3526 Plutarch.

1846 3564 1884 3617 l.
1918 3563 1954 3617 l.
1991 3581 2004 3614 z
2038 3562 2148 3617 Τοῦ
2194 3558 2386 3623 πάθους
2411 3556 2665 3631 ἐπίσημον
2695 3555 2922 3615 Ἰασεῦσι
2950 3555 3009 3612 τὸ
3036 3553 3289 3634 χάραγμα
3312 3561 3399 3612 τοῦ

1844 3644 2161 3722 νομίσματός
2189 3646 2300 3702 ἐστι
2317 3689 2334 3718 ,
2354 3648 2478 3708 παῖς
2506 3642 2634 3721 ὑπὲρ
2664 3644 2891 3717 δελφῖνος
2919 3642 3218 3719 ὀχούμενος.
3247 3646 3406 3698 Con-r

1845 3735 1991 3790 ferre
2046 3735 2176 3788 licet
2210 3752 2410 3788 numos
2471 3733 2796 3805 fabulasque
2835 3732 3290 3785 Tarentinorum.
3339 3733 3401 3785 V.

1844 3823 2068 3877 Miiller.
2101 3823 2233 3876 Dor.
2254 3823 2306 3875 11
2328 3862 2344 3889 ,
2372 3840 2429 3893 p.
2458 3820 2594 3895 369,
2628 3818 2679 3873 3.
2703 3851 2781 3861 -
2812 3843 2836 3869 α
2860 3820 3068 3873 Plinius
3093 3820 3162 3874 H.
3189 3819 3257 3873 N.
3290 3818 3404 3879 IX,

1846 3909 1879 3961 8
1928 3907 2026 3984 (ex
2070 3925 2252 3980 eoque
2284 3908 2460 3962 Solin.
2508 3926 2559 3961 c.
2621 3904 2748 3975 12)'
2777 3915 3000 3975 narrat,
3048 3902 3204 3976 quod
3253 3901 3402 3973 apud

1850 4073 2102 4135 supercilia
2126 4073 2358 4135 picturata
2386 4070 2621 4129 habebam
2663 4072 2810 4130 atque
2833 4068 2976 4116 etiam
2994 4102 3008 4125 ,
3045 4066 3125 4113 ubi
3150 4064 3400 4125 conspexit

1854 4151 2117 4209 Arbacem,
2150 4149 2314 4198 album
2346 4147 2505 4195 denuo
2537 4146 2687 4195 oculis
2719 4147 2910 4205 insuper
2947 4142 3206 4204 imposuit)
3249 4160 3259 4188 :
3298 4144 3402 4189 tum

1853 4240 1998 4287 vero,
2021 4228 2074 4274 ut
2100 4226 2296 4274 tradunt
2324 4224 2536 4287 plerique
2554 4261 2567 4283 ,
2597 4225 2644 4270 et
2672 4222 2720 4270 iu
2749 4221 2820 4269 liis
2855 4220 3020 4279 Duris,
3051 4219 3111 4266 al)
3143 4218 3251 4277 illo,
3289 4215 3406 4264 indi-

1852 4306 2026 4366 gnante
2041 4304 2188 4352 talem
2202 4315 2303 4352 ease
2321 4301 2529 4364 ipsorum
2547 4302 2722 4360 regem,
2746 4297 2989 4346 confossus
3004 4294 3158 4356 periit.
3224 4303 3235 4314 ·

2594 4392 2677 4445 16.

1917 4500 2059 4548 Duris
2082 4498 2268 4548 Samius
2297 4497 2549 4546 historicus
2568 4495 2689 4544 libro
2708 4495 2879 4541 octavo
2905 4495 2973 4540 De
3005 4491 3148 4539 rebus
3181 4489 3404 4539 Macedo·

1856 4591 1974 4626 num
1998 4578 2158 4625 literas
2186 4574 2451 4625 Pboenicias
2472 4585 2648 4622 nomen
2666 4570 2840 4620 babere
2863 4570 2930 4617 ait
2951 4581 2980 4617 a
3002 4566 3224 4617 Phoenice
3255 4566 3406 4616 Achil·

1857 4656 1914 4704 lis
1930 4654 2182 4703 nutritore.
2587 4722 2646 4772 ¹⁷

1921 4846 2209 4907 Delphinum
2239 4857 2350 4891 vero
2373 4841 2483 4891 lassi
2508 4852 2708 4901 puerum
2739 4850 2920 4886 amasse
2947 4837 3071 4885 fama
3105 4837 3201 4893 est,
3228 4837 3282 4881 ut
3308 4836 3406 4882 tra·

1860 4925 1930 4974 dit
1953 4925 2092 4973 Duris
2118 4938 2243 4972 nono
2267 4922 2413 4982 libro,
2446 4921 2527 4969 ubi
2555 4920 2615 4968 de
2639 4919 2910 4967 Alexandro
2947 4915 3092 4964 verba
3113 4914 3315 4973 iacienS,
3345 4913 3409 4961 ita

1862 5003 2025 5052 scribit
2052 5023 2063 5051 :
2093 5022 2116 5044 «ι
2146 5000 2399 5051 arcessivit
2421 4999 2564 5047 etiam
2589 5010 2790 5060 puerum
2821 5009 2884 5043 ex
2909 4997 3052 5043 lasso,
3083 4994 3194 5041 Erat
3213 4991 3339 5038 enim
3358 4990 3404 5038 in

1863 5080 2111 5143 eooppido
2147 5092 2265 5141 puer
2299 5077 2492 5127 nomine
2541 5076 2812 5136 Dionysius,
2852 5072 2936 5134 qui
2968 5084 3116 5133 quum
3137 5083 3164 5118 e
3195 5069 3409 5131 palaestra

1863 5172 1976 5209 cum
2002 5157 2106 5206 aliis
2128 5156 2186 5204 ad
2223 5168 2354 5204 mare
2384 5168 2434 5204 se
2454 5149 2955 5213 contulisset,·ibiqne
2984 5147 3271 5203 urinaretur,
3299 5146 3410 5195 Del·

1865 5237 2039 5300 pbinus
2057 5249 2083 5285 e
2102 5236 2267 5297 pelago
2297 5234 2341 5282 ei
2364 5244 2618 5281 occurrens
2640 5230 2782 5277 dorso
2801 5241 2887 5276 suo
2910 5225 3186 5287 impositum
3210 5237 3410 5285 puerum

1867 5315 2064 5378 gestavit
2087 5313 2270 5375 longius
2291 5313 2459 5360 natans
2471 5348 2484 5370 ,
2511 5319 2769 5369 rursusque
2793 5306 2840 5354 in
2858 5306 3035 5352 terram
3054 5302 3284 5365 deposuit.
3308 5322 3327 5343 υ
