3900 6042
631 430 745 479 272
941 435 954 447 ·
1985 416 2445 479 ARlSTOXENl

629 550 682 607 δὲ
700 547 930 606 παλαιὰν
947 544 1315 614 διαπονήσαντι
1329 569 1344 615 ;
1357 546 1502 629 ’ᾼσῃ
1515 589 1530 615 ,
1557 546 1682 623 φησὶ
1701 590 1715 616 ,
1740 544 2088 626 σπανιώτερον
2115 549 2168 605 ἐν
2257 551 2340 605 uti
2359 552 2579 624 reliquo
2595 552 2747 605 omni
2769 553 3273 625 peripateticorum
3293 553 3455 626 vulgo
3470 556 3727 609 exsecrando

626 638 731 703 τοῖς
749 635 999 713 θεάτροις·
1034 637 1100 698 ὡς
1123 633 1221 710 οὐχ
1241 623 1348 689 οἷόν
1375 655 1430 689 τε
1451 630 1506 689 ὃν
1531 632 1714 702 πλήθει
1732 655 1788 689 τε
1819 631 1930 707 ἅμα
1956 634 2169 711 ἀρεστὸν
2260 639 2609 712 implacabile
2624 638 2833 709 juravit
2859 638 3075 697 odium.

629 713 759 780 εἶναι
802 724 891 779 καὶ
936 723 1154 799 ἀρχαῖον
1208 719 1304 789 τὴν
1344 718 1660 794 ἐπιστήμην.
1707 718 2048 798 Ἀριστόξενος
2075 719 2169 793 μὲν

629 800 714 866 οὗν
738 807 828 867 καὶ
859 813 1023 866 ταῦτα
1059 805 1384 876 ἐπιτήδευσιν
1407 804 1597 880 μετιὼν
1626 804 1910 881 δημοτικὴν
1934 805 2060 885 παρ’
2081 808 2168 864 οὗ·

628 895 710 954 δὲν
753 899 973 954 ἐποιεῖτο
1000 892 1166 967 δήμου
1201 893 1289 950 καὶ
1317 892 1476 970 ὄχλου
1504 891 1806 973 ὑπεροψίαν.
1890 893 1998 952 Καὶ
2022 895 2066 950 εἰ
2095 893 2168 969 μὴ

628 982 854 1061 ὑπάρχοι
883 980 994 1056 ἅμα
1021 987 1126 1045 τοῖς
1160 1002 1217 1036 τι
1243 979 1417 1053 νόμοις
1441 983 1534 1049 τῆς
1556 980 1742 1057 τέχνης
1777 979 2049 1055 ἐμμένειν,
2082 979 2175 1037 καὶ

628 1070 734 1135 τοῖς
778 1070 988 1133 πολλοῖς
1029 1065 1168 1146 ᾄδειν
1210 1064 1596 1144 κεχαρισμένα,
1633 1064 1727 1136 τὴν
1775 1064 1967 1144 τέχνην
2010 1063 2175 1123 εἵλετο

630 1157 745 1215 ἀντὶ
784 1159 876 1226 τῆς
910 1153 1310 1235 φιλανθρωπίας.
1354 1157 1404 1213 1.
1444 1174 1496 1211 e.
1537 1161 1896 1211 ,dr-ismenus
1940 1163 2175 1212 musicus

632 1248 935 1300 molliorem
977 1250 1106 1314 jam
1170 1240 1436 1312 effectam
1502 1248 1768 1297 musicam
1830 1240 2176 1298 con-oboram

625 1334 911 1400 nitebatur,
951 1344 1061 1385 tum
1102 1335 1284 1401 magis
1320 1331 1518 1384 viriles
1560 1332 1749 1385 modos
1792 1335 1907 1403 ipse
1942 1348 2141 1384 amans
2154 1371 2167 1397 ,

628 1432 740 1473 tum
767 1420 1048 1492 discipulis
1071 1421 1182 1471 suis
1193 1420 1558 1489 proecipieus,
1591 1429 1677 1483 ut,
1706 1416 1924 1487 absecta
1944 1418 2177 1471 mollitie

634 1523 977 1560 numerorum
991 1544 1006 1569 ‚
1058 1503 1409 1556 severioribus
1446 1503 1853 1556 delectarentur
1890 1508 1948 1557 in
1988 1515 2171 1559 cantu.

627 1594 768 1646 Eum
798 1597 963 1664 igitur
979 1609 1145 1663 quum
1174 1587 1916 1660 intermgatetfamiliarium
1937 1591 2165 1662 aliquis,

632 1680 783 1749 Quid
791 1696 967 1751 porro
993 1677 1253 1731 utilitatis
1273 1693 1584 1747 consequar,
1615 1680 1662 1728 si
1688 1677 1972 1748 negligam
1992 1694 2178 1731 recen-

630 1776 738 1818 tem
796 1770 1209 1836 suavioremque
1258 1774 1478 1816 cantum
1531 1779 1926 1838 exerceamque
1971 1781 2059 1816 me
2118 1767 2176 1815 in

627 1853 882 1906 vetusto?
903 1851 1042 1916 Hoc,
1077 1853 1278 1922 inquit,
1312 1861 1371 1902 ut
1393 1854 1575 1903 rarius
1613 1854 1672 1902 in
1701 1848 1934 1902 theatris
1968 1866 2170 1915 canas;

628 1938 929 2008 quasifi'eri
946 1954 1053 1989 non
1058 1940 1253 2007 possit,
1277 1945 1337 1987 ut
1348 1940 1468 2006 quis
1480 1946 1732 2007 acceptus
1741 1936 2173 2002 sitmultitudini,
2203 1968 2211 1975 ·

628 2033 686 2076 et
706 2023 851 2076 Idem
872 2026 1182 2093 antiquiore
1200 2022 1367 2073 simul
1383 2020 1633 2074 doctrina
1664 2022 1935 2075 excultus.
1972 2023 2175 2093 Itaque

628 2112 989 2162 Aristoxenus
1026 2103 1430 2180 quantumlibet
1464 2107 1793 2179 popularem
1831 2106 2180 2180 profiteretur

625 2208 827 2261 artem,
860 2213 967 2267 pro
988 2194 1173 2248 nihilo
1184 2205 1366 2247 tamen
1392 2194 1629 2247 ducebat
1639 2196 1838 2267 populi
1864 2196 2175 2249 multitudi-

627 2288 822 2354 m‘sque
840 2279 1145 2351 fastidium
1175 2299 1194 2332 .·
1221 2292 1413 2354 atque,
1440 2278 1648 2350 ubifas
1690 2300 1798 2335 non
1835 2294 1984 2349 erat,
2014 2283 2183 2335 simul

625 2380 687 2422 et
709 2373 844 2422 artis
877 2385 1093 2422 servare
1117 2369 1291 2438 leges,
1325 2379 1382 2420 et
1399 2366 1663 2421 adhibere
1696 2371 1754 2421 in
1788 2368 2035 2422 canendo
2054 2387 2176 2423 mo-

629 2457 729 2510 dos
755 2459 853 2527 qui
874 2456 1165 2528 placerent
1188 2454 1523 2506 multitudini
1544 2472 1564 2505 .·
1587 2458 1789 2508 sectari
1814 2465 1989 2508 artem
2010 2456 2180 2508 male-

630 2544 749 2607 bat,
790 2560 955 2615 quam
980 2545 1227 2613 gratiam
1255 2539 1532 2594 homiuum
1555 2545 1843 2614 aucupari.

707 2628 931 2701 Optime
955 2646 1081 2682 cum
1102 2627 1189 2681 his
1214 2627 1461 2681 concinit
1485 2644 1706 2681 morum
1726 2625 1982 2698 quaedam
2000 2637 2179 2681 auste-

630 2716 761 2770 ritas
788 2734 858 2770 ne
898 2715 1082 2770 dicam
1123 2714 1437 2779 morositas,
1501 2731 1670 2785 quam
1711 2710 1956 2768 AElianus
1996 2713 2180 2767 verbis

628 2820 795 2875 supra
808 2802 924 2873 jam
950 2800 1190 2856 laudatis
1217 2801 1430 2868 innuit,
1463 2800 1862 2854 Aristoxenum
1890 2800 2083 2855 dicens
2105 2800 2177 2876 τῷ

629 2884 817 2961 γέλωτι
846 2883 943 2942 ἀνὰ
982 2882 1168 2961 κράτος
1204 2882 1455 2958 πολέμιον
1490 2881 1745 2957 γενέσθαι.
1775 2886 2033 2940 Ceterum
2063 2895 2176 2938 stu·

633 2974 860 3028 diorum
909 2974 1025 3028 haec
1052 2973 1309 3027 severitas
1337 2973 1396 3024 in
1423 2972 1684 3044 gliscente
1731 2971 1832 3024 aevi
1862 2972 1945 3025 sui
1975 2989 2180 3025 corru-

630 3060 853 3132 ptione,
878 3068 1045 3130 atque
1069 3068 1424 3129 contemptus
1442 3057 1535 3110 ille
1549 3075 1695 3111 aurae
1716 3056 2005 3131 popularis
2028 3056 2180 3111 haud

632 3163 845 3218 paucos
893 3147 1102 3199 Nostro
1148 3144 1514 3198 excitaverint
1552 3142 1931 3211 adversarios3
1976 3142 2181 3214 quibus

631 3231 830 3286 deberi
872 3231 1139 3284 videntur
1164 3230 1352 3284 Procli
1391 3229 1484 3282 ina
1519 3247 1533 3281 ι
1564 3224 1692 3286 ὀτι
1716 3227 1773 3282 οὐ
1797 3224 1932 3284 πάνυ
1970 3225 2030 3284 τὸ
2061 3216 2181 3297 ἦθος

633 3314 764 3393 ἀνὴρ
805 3313 994 3380 ἐκεῖνος
1037 3311 1309 3388 μουσικὸς,
1340 3311 1453 3369 ἀλλ’
1480 3311 1618 3377 ὅπως
1655 3310 1716 3369 ἂν
1753 3310 1873 3390 δόξῃ
1913 3335 1964 3370 τι
2004 3312 2179 3370 καινὸν

633 3401 802 3478 λέγειν
857 3397 1227 3477 πεφροντικώς.
1278 3401 1423 3456 Talis
1475 3419 1651 3473 quum
1695 3401 2013 3455 Aristoxeni
2054 3419 2182 3456 mu-

631 3492 731 3546 sici
776 3489 994 3544 indoles
1035 3488 1236 3555 suerit,
1278 3487 1493 3560 optima
1521 3504 1757 3558 quaeque
1785 3474 2009 3559 sperare
2050 3488 2183 3543 licet

634 3576 707 3631 de
745 3577 1083 3631 Aristoxeno
1123 3575 1390 3628 historico
1408 3614 1423 3640 ,
1454 3574 1789 3628 narrationis
1832 3574 2043 3629 scilicet
2068 3576 2179 3628 sin·

634 3664 918 3717 ceritatem
942 3671 997 3715 et
1015 3660 1292 3731 judicium
1331 3658 1472 3730 juste
1502 3678 1776 3715 severum.
1805 3662 2002 3732 Neque
2029 3660 2182 3715 aliud

636 3747 872 3803 suadent
917 3748 1188 3820 reliquiae.
1234 3748 1587 3819 Quamquam
1613 3758 1744 3801 sunt
1767 3747 2070 3816 nonnulla,
2112 3747 2184 3802 de

635 3854 880 3908 quorum
903 3833 1016 3889 fide
1041 3833 1195 3888 haud
1221 3835 1500 3888 immerito
1524 3833 1837 3889 dubitatum
1861 3834 1961 3902 sit;
1985 3835 2069 3889 uti
2091 3834 2183 3887 illa

635 3941 757 3995 quae
782 3922 853 3977 de
874 3921 1020 3976 Indo
1043 3940 1174 3975 cmn
1200 3921 1429 3975 Socrate
1458 3920 1816 3994 colloquente
1846 3919 1953 3995 (fr.
1989 3919 2054 3975 31
2083 3918 2103 3995 )
2131 3930 2187 3975 et

635 4009 706 4063 de
765 4008 1008 4064 Platonis
1051 4006 1499 4080 expeditionibus
1547 4005 1650 4080 (fr.
1692 4004 1797 4081 31)
1821 3998 2186 4076 ‘narrantum

634 4094 839 4150 deinde
876 4113 1009 4149 vero
1039 4092 1197 4167 quod
1223 4111 1352 4148 cum
1375 4095 1495 4147 aliis
1516 4095 1702 4148 multis
1730 4092 1962 4148 tradidit
1995 4093 2066 4147 de
2094 4093 2186 4147 bi-

2717 923 2903 989 BIOI
2959 923 3360 991 ΑΝΔΡΩΝ.
3402 962 3414 974 ·

2264 1090 2442 1150 ΒΙΟΣ
2482 1091 3191 1257 ΠΥΘΑΓΟΡΟἏῚΕῙΙὲἶῙ)
3229 1095 3385 1154 ΤΩΝ
3426 1095 3734 1154 suaptim

2343 1441 2595 1498 Clemens
2641 1441 2799 1498 Alex.
2833 1442 3036 1497 strom.
3077 1444 3142 1510 Ι,
3202 1462 3262 1517 p.
3304 1462 3411 1515 129
3444 1441 3525 1497 ed.
3571 1443 3691 1514 Sylb.
3727 1462 3737 1494 :

2269 1525 2576 1605 Πυθαγόρας
2618 1525 2710 1602 μὲν
2747 1516 2835 1584 οὗν
2876 1526 3241 1605 Μνησάρχου,
3288 1528 3509 1601 Σάμιος,
3544 1525 3602 1591 ὥς
3632 1548 3741 1605 φησιν

2267 1610 2597 1683 Ἱππόὸοτος,
2625 1615 2694 1678 ὡς
2729 1612 2784 1669 δὲ
2809 1612 3155 1691 Ἀριστόξενος
3188 1616 3244 1671 ἐν
3278 1617 3355 1692 τῷ
3393 1612 3652 1691 Πυθαγόρου
3675 1612 3740 1689 βίῳ

2267 1699 2355 1757 καὶ
2375 1698 2707 1778 Ἀρίσταρχος
2730 1699 2819 1757 καὶ
2845 1698 3192 1776 Θεόπομπος,
3212 1698 3476 1779 Τυρρηνὸς
3496 1690 3571 1770 ἦν.
3588 1700 3739 1755 Eadem

2266 1789 2607 1846 Theodoret.
2634 1789 2842 1865 Θεραπ.
2875 1790 2934 1858 1,
2962 1807 3022 1862 p.
3054 1789 3191 1853 468.
3226 1787 3335 1846 Καὶ
3360 1785 3662 1865 Ἀριστοτέλης
3680 1785 3740 1842 καὶ

2267 1872 2601 1952 Θεόφραστος
2634 1876 2788 1950 apud
2826 1875 3172 1931 Clementem
3210 1895 3323 1950 pro
3358 1874 3445 1931 καὶ
3484 1872 3745 1950 Ἀρίσταρχος

2267 1957 2356 2018 καὶ
2395 1960 2709 2037 Θεόπομπος
2744 1962 2912 2017 scribi
2938 1964 3120 2018 voluit
3145 1964 3383 2020 Preller.
3420 1961 3489 2017 ad
3512 1962 3737 2017 Polemon.

2343 2137 2585 2208 Diogen.
2612 2137 2681 2193 L.
2712 2137 2879 2203 VIII,
2918 2155 2941 2190 1
2975 2154 2991 2189 :
3024 2133 3345 2214 Πυθαγόρας
3376 2178 3411 2195 ..
3435 2136 3500 2199 ὣς
3523 2128 3743 2209 Ἀριστόξε·

2269 2239 2349 2283 νος
2403 2217 2697 2297 Τυρρηνὸς,
2745 2219 2851 2276 ἀπὸ
2906 2227 3029 2294 μιᾶς
3077 2224 3186 2278 τῶν
3226 2220 3418 2291 νήσων,
3468 2219 3523 2284 ἃς
3551 2216 3743 2291 κατέσχον
3802 2244 3803 2277 3

2270 2304 2526 2375 Ἀθηναῖοι
2549 2303 2846 2383 Τυρρηνοὺς
2869 2305 3197 2373 ἐκὸαλόντες.
3223 2312 3491 2365 Lemnum
3518 2308 3605 2360 ins.
3628 2303 3745 2358 intel·

2270 2396 2377 2468 lige
2395 2435 2413 2467 ,
2444 2412 2609 2466 quam
2639 2413 2894 2467 expresse
2917 2397 3173 2451 nominat
3200 2397 3484 2452 Cleanthes
3501 2388 3741 2467 (Nauibus)
3804 2386 3805 2391 ¹

2268 2498 2360 2552 ap.
2411 2468 2828 2554 Porphyerit.
2864 2482 3026 2554 Pyth.
3062 2483 3188 2540 init.
3220 2483 3306 2541 Cf.
3332 2481 3596 2554 Menagius
3622 2477 3679 2531 ad
3706 2476 3744 2528 h.

2270 2569 2308 2621 l.
2339 2578 2395 2622 et
2412 2569 2633 2623 Miiller.
2661 2569 2811 2626 Min.
2835 2587 2894 2641 p.
2929 2568 3041 2632 438
3068 2589 3127 2627 n.
3162 2589 3222 2628 α.

3013 2698 3067 2735 2.

2346 2794 2582 2865 Diogen.
2614 2794 2681 2849 L.
2719 2795 2883 2866 VIII,
2914 2792 2949 2847 8
2984 2812 2998 2846 2
3039 2792 3194 2863 Φησὶ
3216 2791 3273 2850 δὲ
3294 2790 3384 2850 καὶ
3403 2779 3742 2868 Ἀριιττόξενος“·“ὲ
3810 2848 3811 2851 ,

2270 2875 2492 2932 πλεῖστα
2525 2878 2628 2932 τῶν
2665 2879 2852 2946 ἠθικῶν
2886 2876 3163 2955 δογμάτων
3187 2877 3370 2935 λαὸεἷν
3391 2876 3472 2933 τὸν
3505 2868 3743 2947 Πυθαγόραν

2272 2960 2418 3039 παρὰ
2449 2965 2539 3031 τῆς
2563 2962 2975 3038 Θεμιστοκλείας
3001 2967 3093 3034 τῆς
3133 2967 3410 3044 Δελφικῆς.

3016 3072 3073 3129 3.

2349 3185 2590 3258 Diogen.
2621 3187 2685 3240 L.
2729 3187 2783 3253 1,
2831 3185 2939 3241 118
2975 3183 3362 3263 εἏριστόξενος
3389 3185 3433 3240 δ’
3476 3184 3522 3240 ἐν
3559 3179 3621 3256 τῷ
3654 3170 3741 3249 mpi

2274 3267 2578 3347 Πυθαγόρου
2609 3268 2828 3327 καὶτῶν
2855 3270 3127 3349 γνωρίμων
3173 3274 3335 3329 αὐτοῦ
3374 3268 3491 3349 φησὶ
3515 3262 3742 3331 νοσήσαντα

2273 3354 2433 3501 ΞύᾸὸέ
2468 3354 2595 3431 (τὸν
2634 3355 2948 3433 Φερεκύδῃ)
2997 3356 3098 3414 ὑπὸ
3139 3355 3445 3434 Πυθαγόρου
3485 3354 3673 3430 ταφῆναι
3704 3345 3742 3400 ἕ*

2342 3480 2353 3511 ,
2403 3500 2416 3519 ,
2438 3483 2454 3500 .

2352 3660 2630 3732 Porphyr.
2666 3661 2775 3716 Vit.
2814 3661 2976 3733 Pyth.
3002 3660 3036 3733 S
3063 3680 3101 3733 9
3130 3679 3145 3714 ε
3182 3656 3436 3736 Γιγονότα
3462 3655 3502 3711 δ’
3531 3652 3637 3708 ὶτῦν
3662 3664 3741 3701 ‘M‘

2276 3743 2571 3821 σαράκοντα
2590 3787 2605 3814 ,
2632 3743 2786 3822 φησὶν
2814 3747 2843 3801 ὃ
2864 3743 3207 3823 Ἀριστόξενος
3223 3791 3242 3817 ‚
3267 3743 3357 3803 καὶ
3382 3744 3562 3821 ὁρῶντα
3584 3732 3660 3805 τὴν
3675 3732 3739 3786 τῠῧ

2281 3828 2649 3909 Πολυκράτους
2699 3830 2974 3909 τυραννίδα
3023 3830 3405 3911 συντονωτέραν
3446 3817 3605 3897 οὖσαν,
3642 3816 3740 3875 &tt

2277 3918 2449 3982 καλῶς
2483 3915 2620 3995 ἔχειν
2663 3916 2913 3998 ἐλευθέρῳ
2953 3918 3102 3998 ἀνδρὶ
3119 3964 3137 3991 ,
3177 3918 3273 3990 τὴν
3301 3911 3580 3975 ἐπιστασίαν
3604 3928 3651 3963 τε
3674 3898 3739 3960 1ῑῖ

2277 4004 2580 4062 δεσποτείαν
2621 4003 2696 4077 μὴ
2737 4003 3033 4081 ὑπομένειν,
3066 4004 3228 4072 οὕτως
3256 4003 3319 4075 δὴ
3357 4001 3446 4072 τὴν
3470 4002 3532 4065 εἰς
3563 3989 3739 4054 Ἰταλῖῦ*

2278 4090 2503 4170 ἄπαρσιν
2534 4090 2868 4161 ποιήσασθαι.
2906 4094 3049 4150 Vide
3092 4095 3337 4150 Clinton.
3370 4093 3429 4148 F.
3460 4086 3524 4143 Η.
3561 4081 3622 4139 ad
3638 4094 3735 4133 ann·

633 4184 815 4256 gamia
836 4182 1105 4255 Socratis;
1134 4198 1304 4253 quam
1323 4180 1399 4234 ob
1422 4198 1542 4235 rem
1560 4180 1829 4235 Luzacius
1851 4180 2186 4234 Aristoxeno
2280 4178 2415 4253 539.
2446 4179 2531 4235 Cf.
2562 4179 2633 4234 fr.
2667 4179 2760 4234 23.

657 4270 3738 4309 —-—-—-—--————--——---—-——-.-..—.-—-—--‘

636 4347 821 4405 viTA
894 4342 1765 4489 PYTHAGORgZRfflUSQUE
1820 4343 2157 4403 DlSClPU·

704 4608 1020 4670 Pythagoras,
1044 4604 1306 4655 Mnesarchi
1329 4605 1457 4654 filius
1472 4642 1487 4667 ,
1512 4604 1726 4666 Samius,
1750 4606 1807 4653 ut
1832 4605 1900 4654 ait
1937 4603 2181 4667 Hippobo·

635 4688 745 4746 tus;
768 4684 1032 4734 secundum
1060 4683 1393 4732 Aristoxenum
1416 4684 1466 4731 in
1497 4681 1620 4731 libro
1648 4681 1711 4732 de
1727 4682 1844 4731 Vita
1876 4682 2182 4745 Pythagora»,

635 4765 685 4811 et
714 4762 1031 4812 Aristarchum
1050 4763 1098 4810 et
1115 4760 1474 4822 Theopompum
1496 4761 1772 4822 Tyrrhenus
1796 4760 1904 4809 suit.

699 4839 1012 4901 Magoras,
1036 4837 1091 4885 ut
1125 4837 1441 4886 Aristoxenus
1458 4837 1554 4898 sit,
1585 4837 1862 4898 Tyrrhenus
1889 4836 1981 4884 tuit
2002 4848 2065 4884 ex
2086 4848 2184 4884 uua

636 4915 898 4964 insularum
915 4949 929 4973 ‚
950 4925 1071 4975 quas
1091 4911 1253 4972 ejectis
1272 4911 1527 4975 'tyrrhenis
1555 4912 1861 4962 Athenienses
1877 4911 2120 4961 tenebant.

703 5075 1012 5125 Aristoxenus
1038 5074 1106 5122 ait
1131 5073 1448 5134 Pythagoram
1480 5072 1685 5134 plurima
1708 5075 2055 5135 praeceptorum
2084 5085 2181 5121 mo·

639 5152 806 5201 talium
822 5149 1075 5211 sumpsisse
1092 5161 1120 5196 a
1139 5147 1483 5199 Themistoclea
1502 5147 1763 5198 sacerdote
1786 5149 2024 5210 Delphica.

3022 4347 3073 4397 3.

2333 4462 2643 4512 Aristoxenus
2682 4464 2734 4512 in
2774 4462 2897 4513 libro
2938 4463 2998 4513 de
3030 4465 3294 4527 Pythagora
3336 4462 3520 4524 eiusque
3548 4444 3735 4508 discipulis

2272 4538 2607 4600 Pherecydem,
2626 4553 2778 4601 quum
2795 4553 2859 4588 ex
2876 4540 3044 4589 morbo
3063 4545 3285 4591 mortuus
3299 4542 3432 4597 esset,
3456 4535 3499 4583 in
3517 4530 3613 4581 Delo
3624 4519 3734 4572 insul·

2271 4627 2302 4663 a
2325 4615 2593 4677 Pythagora
2614 4617 2683 4665 ait
2703 4629 2804 4666 esse
2824 4617 3081 4679 sepultum.

3012 4735 3067 4783 ⁴.

2334 4842 2640 4890 Aristoxenus
2688 4841 2833 4890 refert
2882 4840 3223 4903 Pythagoram,
3273 4850 3417 4889 annos
3463 4834 3604 4882 natum
3622 4827 3729 4907 ,αὕθ’

2271 4916 2520 4979 draginta,
2564 4930 2716 4979 quum
2764 4916 3026 4978 Polycratis
3072 4916 3367 4978 tyrannidem
3407 4902 3729 4959 vet-mmmm

2272 4997 2512 5056 cerneret,
2536 5008 2682 5057 quam
2703 4997 2756 5043 ut
2780 4995 2980 5055 ingenuo
3002 4994 3181 5043 homini
3208 4993 3448 5057 imperium
3468 4977 3726 5063 dominatum·

2270 5084 2368 5132 que
2397 5070 2532 5120 istius
2556 5072 2676 5121 ferre
2707 5071 2895 5133 lic-eret,
2929 5070 3019 5119 hac
3059 5072 3308 5121 occasione
3337 5071 3381 5119 in
3415 5062 3571 5116 ltaliam
3595 5053 3725 5101 ΜΨ·

2276 5160 2407 5196 sisse.
