3900 6042
1201 511 1342 571 TEG
1356 511 1726 572 EATARUM
1772 503 2237 571 RESPUBLICA
2251 550 2265 564 .

163 657 356 736 εἴρηται
378 697 393 723 ,
421 647 644 717 σώζεται
682 643 767 702 διὰ
809 643 892 700 τὸν
937 643 1121 699 τόπον·
1168 639 1471 708 ξενηλασίας
1509 636 1608 715 γὰρ
1650 635 1708 694 τὸ

161 747 332 822 πόρρω
358 735 666 804 πεποίηκεν.
693 730 787 790 Διὸ
815 728 905 786 καὶ
933 727 990 785 τὸ
1019 730 1117 784 τῶν
1142 726 1415 805 περιοίκων
1438 722 1579 800 μένει
1606 724 1709 787 τοῖς

166 826 362 908 Κρησὶν
379 870 396 895 ,
424 826 474 880 οἱ
505 822 548 878 δ’
579 817 783 881 εἵλωτες
811 816 1123 893 ἀφίστανται
1151 811 1425 877 πολλιὶκις·
1466 810 1582 868 οὔτε
1610 808 1711 887 γὰρ

165 915 460 992 ἐξωτερικῆς
487 910 653 986 ἀρχῆς
672 908 995 963 κοινωνοῦσιν
1016 905 1062 957 οἱ
1085 904 1307 979 Κρῆτες,
1332 898 1516 955 νεωστί
1534 919 1590 955 τε
1617 896 1711 953 πό·

174 1008 323 1078 λεμος
370 995 565 1066 ξενικὸς
606 990 916 1062 διαὸέὸηκεν
958 992 1029 1053 εἷς
1056 986 1149 1057 τὴν
1178 990 1352 1056 νῆσον,
1381 984 1435 1051 ὃς
1462 983 1712 1053 πεποίηκε

173 1087 387 1167 φανερὰν
407 1083 508 1152 τὴν
537 1079 805 1138 ἀσθένειαν
831 1081 932 1134 τῶν
962 1078 1071 1135 ἐκεῖ
1091 1074 1285 1150 νόμων.
1347 1072 1481 1152 Περὶ
1509 1070 1603 1147 μὲν
1625 1061 1713 1128 οὖν

133 1167 141 1174 ’
167 1175 345 1245 ταύτης
369 1170 600 1250 εἰρήσθω
620 1167 830 1225 τοσαῦθ’
854 1164 978 1240 ἡμῖν
1001 1167 1092 1233 τ’ἧς
1111 1159 1393 1225 πολιτείας.
1414 1160 1435 1236 ]

239 1350 432 1419 [Idem
463 1346 593 1401 Pol.
621 1344 755 1414 v11,
787 1361 855 1414 9,
892 1359 914 1394 1
951 1360 964 1393 ε
995 1341 1180 1395 Minos
1207 1338 1417 1411 primus
1441 1339 1498 1390 in
1527 1337 1718 1390 classes

173 1438 440 1512 populum
456 1431 680 1499 divisit;
697 1428 850 1484 idem
871 1423 1144 1482 συσσιτίων
1174 1435 1389 1478 auctor.
1409 1455 1485 1464 —-
1501 1422 1629 1488 vll,
1662 1439 1716 1488 τι,

176 1525 204 1580 5
239 1545 251 1577 :
280 1524 452 1596 Leges
473 1531 533 1575 et
560 1517 823 1572 educatio
851 1514 1146 1567 maximam
1169 1522 1386 1584 partem
1411 1510 1483 1564 ad
1508 1510 1718 1563 bellum

171 1621 427 1684 spectant.
455 1637 536 1649 —
561 1607 613 1672 Ι,
651 1623 700 1670 1,
722 1603 757 1657 6
778 1621 790 1655 ε
823 1596 1160 1673 Ἐπιμενίδης
1188 1599 1215 1652 ὁ
1238 1594 1379 1674 Κρὴς
1397 1593 1719 1669 ὁμοκάπνους

173 1700 404 1772 appellat
422 1714 524 1750 eos
549 1695 650 1767 qui
671 1692 934 1746 familiam
964 1690 1210 1760 aliquam
1250 1688 1595 1740 constituunt
1614 1683 1717 1756 (cs.

177 1788 338 1857 Resp.
369 1777 828 1851 Catanaeorum).
862 1808 938 1818 —
978 1776 1063 1842 11,
1096 1793 1165 1842 α,
1203 1791 1271 1828 ιο
1306 1793 1317 1827 :
1379 1769 1464 1830 Τὰ
1483 1769 1601 1847 περὶ
1628 1767 1721 1833 τὰς

174 1873 364 1939 κτήσεις
404 1870 460 1924 ἐν
494 1861 857 1937 Λακεδαίμονι
885 1859 976 1917 καὶ
1019 1859 1204 1938 Κρήτῃ
1233 1859 1336 1923 τοῖς
1374 1857 1652 1919 συσσιτίοις
1692 1858 1719 1911 ὁ

175 1954 436 2033 νομοθέτης
480 1951 782 2010 ἐκοίνωσεν.
831 1982 904 1994 -
953 1950 1039 2016 ll,
1086 1949 1153 2016 6,
1201 1967 1269 2001 21
1309 1967 1324 2001 ε
1368 1947 1718 2020 Syssitiorum

179 2047 472 2100 institutum
520 2039 680 2113 apud
717 2036 926 2095 Laced.
969 2036 1113 2089 male
1153 2052 1210 2089 se
1235 2034 1408 2089 habet
1452 2044 1723 2106 quatenus

138 2174 150 2186 .
177 2130 471 2202 symbolam
495 2127 575 2183 ad
600 2145 664 2181 ea
683 2139 1140 2195 unumquemque
1168 2120 1423 2175 conferre
1451 2129 1678 2192 oportet
1703 2138 1715 2171 :

181 2217 271 2274 ἔδει
294 2217 392 2292 γὰρ
417 2211 528 2270 ἀπὸ
553 2215 728 2269 κοινοῦ
759 2210 955 2286 μᾶλλον
993 2198 1122 2264 εἶναι
1158 2203 1253 2276 τὴν
1289 2205 1521 2278 σύνοδον,
1551 2204 1720 2262 καθοί-

182 2324 266 2378 περ
284 2306 333 2362 ἐν
349 2298 558 2378 Κρήτῃ.
573 2331 654 2340 -
668 2300 743 2366 11,
759 2299 817 2365 6,
839 2297 869 2350 3
901 2296 1198 2351 :Titessalis
1214 2305 1268 2348 et
1290 2293 1723 2349 Lacedaemoniis

185 2392 403 2445 Penestae
438 2399 498 2442 et
521 2386 746 2443 Helotae
772 2386 969 2456 saepius
999 2401 1179 2455 remp.
1228 2382 1525 2435 turbarunt
1559 2399 1571 2433 :
1601 2377 1720 2454 περὶ

185 2473 228 2530 δὲ
255 2472 363 2540 τοὺς
386 2476 611 2551 Κρῆτας
639 2467 784 2527 οὐδέν
813 2491 897 2525 πω
919 2470 1145 2524 τοιοῦτον
1174 2464 1530 2540 συμὸέὸηκεν·
1560 2463 1720 2522 αἴτιον

186 2559 222 2616 δ’
247 2558 363 2625 ἴσως
386 2558 445 2616 τὸ
469 2556 568 2622 τὰς
599 2553 900 2632 γειτνιώσας
923 2553 1124 2624 πόλεις,
1168 2551 1355 2632 καίπερ
1395 2549 1723 2626 πολεμούσας

188 2647 446 2717 ἀλλήλαις,
474 2643 748 2721 μηδεμίαν
769 2632 902 2698 εἶναι
929 2639 1212 2717 σύμμαχον
1239 2647 1345 2705 τοῖς
1361 2637 1724 2717 ἀφισταμένοις

188 2733 260 2790 διὰ
282 2733 338 2791 τὸ
373 2732 448 2809 μὴ
478 2728 769 2808 συμφέρειν
805 2726 898 2802 καὶ.
935 2728 1114 2790 αὐταῖς
1152 2724 1494 2801 κεκτημέναις
1519 2723 1722 2803 περιοί-

188 2844 304 2886 κους.
324 2821 692 2879 Contrarium
715 2828 834 2873 erat
855 2816 1006 2889 apud
1031 2812 1537 2888 Lacedaemonios]
1649 2805 1662 2834 ¹

725 2964 775 3021 Τ
783 2964 873 3022 ΕΓ
882 2962 1028 3022 ΕΑΤ
1031 2962 1155 3020 ΩΝ.

906 3093 999 3166 89.

258 3226 434 3284 Scliol.
457 3224 737 3298 Apollon.
763 3222 873 3278 nh.
903 3222 987 3290 11,
1004 3220 1141 3289 264,
1163 3221 1236 3276 de
1250 3221 1560 3277 Arcadibus
1587 3223 1711 3278 Pro-

192 3313 367 3366 selenis
386 3331 556 3386 agens
591 3328 607 3366 t
636 3306 986 3384 Ἀριστοτέλης
1014 3305 1066 3362 δὲ
1095 3309 1148 3363 ἐν
1167 3309 1233 3381 τῇ
1261 3309 1539 3382 Τεγεατῶν
1571 3308 1723 3364 πολι-

195 3394 291 3474 τεία
318 3397 467 3475 φησὶν
501 3395 590 3453 ὅτι
618 3392 871 3472 βάρὸαροι
906 3392 998 3461 τὴν
1025 3390 1299 3467 Ἀρκαδίαν
1325 3389 1569 3471 ᾤκησαν,
1593 3391 1726 3449 οἵτι-

196 3504 262 3546 νες
287 3482 638 3552 &Remmiam-av
668 3479 769 3537 ὑπὸ
795 3483 896 3537 τῶν
921 3478 1180 3555 Ἀρκάδων
1211 3478 1525 3554 ἐπιθεμένων
1556 3480 1726 3545 αὗτοῖς

197 3570 284 3643 πρὸ
305 3574 388 3626 τοῦ
422 3567 684 3626 ἐπιτεῖλαι
722 3563 813 3635 τὴν
844 3565 1062 3636 σελήνην
1083 3583 1098 3599 ·
1135 3563 1213 3621 διὸ
1247 3563 1724 3640 κατωνομάσθησαν

201 3654 515 3731 ΙΙροσέληνοι.

266 3746 327 3798 ln
357 3746 528 3804 schol.
576 3744 770 3799 Aldin.
799 3743 1256 3814 ad‘Aristophan.
1288 3742 1440 3800 Nub.
1474 3742 1580 3812 387
1612 3744 1728 3797 haec

199 3832 453 3886 transtulit
479 3834 777 3897 MusuruS,
801 3815 907 3902 pro
937 3825 1038 3883 ὑπὸ
1064 3829 1166 3883 τῶν
1189 3825 1331 3905 Ἀρκ.
1359 3830 1607 3884 scribens
1625 3828 1727 3886 ὑπὸ

201 3915 290 3969 τῶν
310 3919 392 3971 νῦν
418 3914 561 3993 'Apim
585 3927 643 3971 et
664 3915 867 3970 deinde
881 3911 1413 3990 προσωνομάσθησαν.
1440 3945 1516 3956 -
1537 3918 1727 3989 Expo-

201 4003 287 4055 sita
330 4004 641 4059 Aristotelis
684 4004 982 4073 sententia,
1010 4001 1321 4058 -scholiasta
1373 4019 1440 4055 ex
1498 4002 1731 4057 Duridis

3236 519 3253 565 1
3271 522 3297 566 3
3311 523 3338 569 3

1799 636 1944 689 libro
1956 635 2059 690 XV
2075 634 2242 689 refert
2260 633 2554 688 Arcadiam
2578 651 2785 687 nomen
2810 633 3016 688 habt-re
3037 637 3106 690 ab
3132 642 3349 694 Art-:ulo

1801 723 2143 777 orchomeni
2184 719 2324 777 filio.
2358 720 2525 791 Quod
2570 738 2742 792 quum
2774 722 2907 774 nihil
2952 725 3235 793 pertinere
3258 730 3347 780 vi-

1799 809 1998 862 deatur
2033 808 2105 862 ad
2145 806 2533 879 explicandam
2572 804 2905 882 προσελήνων
2940 812 3181 865 nominis
3223 817 3341 868 ori-
3391 832 3396 836 ·

1798 897 1985 968 ginem
2002 935 2019 963 ,
2056 896 2285 948 fortasse
2314 912 2441 948 cum
2483 894 2941 950 antecedentibus
2986 898 3062 950 ita
3108 883 3351 970 conjuuss

1800 982 2048 1055 gendum
2072 992 2181 1048 est,
2212 992 2276 1035 ut
2295 992 2598 1035 statuamus
2622 982 2898 1035 Duridem
2927 985 2983 1036 in
3004 985 3090 1038 his
3110 988 3267 1041 sicuti
3296 991 3351 1042 in

1799 1070 1920 1123 aliis
1938 1070 2126 1123 multis
2142 1069 2495 1136 Aristotelem
2515 1078 2763 1122 secutum
2787 1087 2899 1123 esse
2913 1111 2928 1138 ,
2960 1080 3126 1142 atque
3145 1074 3352 1128 Orcho-

1801 1158 1950 1211 meni
1982 1155 2274 1228 (primitus
2299 1151 2650 1231 Ἐρχομένου,
2673 1165 2735 1209 ut
2765 1158 2821 1210 in
2846 1157 3121 1230 inseriptt.
3164 1172 3218 1215 et
3243 1181 3352 1216 nu—

1803 1244 1927 1299 miS.
1943 1245 2010 1299 V.
2032 1243 2248 1296 Miiller.
2265 1243 2415 1295 Min.
2434 1259 2495 1313 p.
2519 1259 2648 1313 129,
2665 1242 3120 1300 Boeckh.0sscon„
3136 1265 3193 1318 p.
3221 1249 3352 1318 383)

1803 1326 1921 1381 filio
1950 1327 2186 1381 indicari
2213 1326 2515 1381 adventum
2553 1343 2747 1382 eorum
2766 1369 2780 1396 ,
2813 1331 2909 1400 qui
2935 1332 3147 1400 priscos
3176 1337 3353 1388 Arca-

1806 1415 1910 1469 diae
1955 1416 2163 1469 incolas
2203 1414 2486 1485 ejecerint.
2525 1417 2637 1470 Res
2678 1418 2792 1489 ipsa
2824 1417 3117 1473 reserenda
3146 1421 3217 1474 ad
3246 1424 3353 1476 Mi-

1808 1519 1940 1574 nyas
1964 1502 2139 1574 quiin
2153 1500 2315 1555 Elide
2328 1501 2485 1555 sedes
2501 1502 2804 1558 habebant.
2829 1505 3088 1559 Ceterum
3107 1507 3225 1562 haee
3246 1527 3357 1562 me·

1807 1606 1932 1643 rum
1958 1588 2245 1660 scriptoris
2261 1589 2477 1661 (malim
2501 1589 3040 1663 Orchomeniorum)
3068 1611 3359 1648 commen-

1808 1685 1924 1728 tum
1948 1694 2062 1729 esse
2084 1674 2309 1728 videtur
2332 1675 2571 1729 Miillero
2591 1676 2721 1731 Dor.
2760 1678 2845 1740 11,
2878 1695 2938 1748 p.
2963 1678 3059 1745 68,
3092 1700 3147 1734 n.
3176 1701 3230 1734 2.
3276 1714 3353 1723 -—

1808 1762 2129 1816 Scholiastae
2174 1761 2345 1815 verba
2398 1757 2475 1815 διὸ
2519 1759 3005 1832 κατωνομάσθησαν
3050 1766 3357 1843 προσέληνοι

1807 1847 1945 1901 nihil
1970 1865 2034 1901 ac
2059 1848 2411 1902 Aristotelem
2426 1849 2709 1919 pertinere
2734 1850 2998 1920 opinatur
3015 1851 3357 1918 Grasliofius‚

1809 1934 1960 1989 haud
1984 1935 2154 1989 dubie
2174 1952 2371 2007 parum
2388 1934 2556 2008 digua
2575 1935 2915 2007 philosopho
2936 1936 3160 1994 babens.
3183 1941 3361 1994 Scho-

1809 2022 1963 2076 liasta
1988 2032 2178 2094 aperte
2193 2021 2354 2075 aliter
2365 2023 2590 2092 statuit5
2616 2034 2801 2093 neque
2822 2020 3135 2095 quidquam
3163 2032 3247 2079 est
3261 2046 3364 2080 cur

1809 2125 2015 2162 errasse
2026 2108 2371 2162 scholiastam
2386 2109 2903 2178 censeamusQuam
2915 2127 3051 2170 vero
3064 2108 3232 2167 iidem
3244 2117 3287 2167 A
3296 2116 3366 2167 ri·

1810 2195 2033 2249 stoteles
2046 2193 2316 2264 ejusmodi
2334 2194 2726 2249 traditionibus
2734 2194 3016 2263 habuerit,
3030 2196 3088 2250 id
3105 2198 3161 2250 in
3173 2200 3363 2253 medio

1814 2281 2268 2353 relinquendum.
2304 2312 2383 2322 —
2399 2281 2657 2337 Aliorum
2677 2292 2994 2336 commenta
3021 2281 3093 2337 de
3111 2284 3365 2339 Prosele-

1811 2367 1894 2420 nis
1922 2369 2037 2420 istis
2064 2367 2377 2422 Arcadibus
2403 2366 2534 2421 vide
2557 2367 2709 2439 apud
2736 2368 2913 2423 schol.
2945 2369 3211 2441 Apollon.
3236 2373 3273 2426 l.
3299 2372 3336 2428 l.

1889 2452 2058 2525 Apud
2085 2454 2424 2508 Clementem
2454 2454 2513 2507 in
2548 2455 2903 2526 Protreptico
2950 2473 3011 2527 p.
3052 2454 3086 2509 8
3114 2458 3266 2529 Sylb.
3299 2476 3367 2512 ex

1811 2539 2107 2593 Aristotele
2130 2550 2489 2595 recensentur
2506 2541 2793 2613 Apollines
2812 2543 3063 2613 quinque
3077 2583 3092 2610 ,
3121 2561 3365 2615 quorum

1812 2636 2073 2697 quartum
2092 2628 2252 2699 ponit
2273 2625 2359 2681 τὸν
2388 2624 2612 2704 Ἀρκάδα
2629 2623 2717 2682 τὸν
2738 2627 3018 2696 Σειληνοῦ·
3036 2627 3207 2702 νόμιος
3221 2620 3367 2693 οὗτος

1810 2707 2061 2780 κέκληται
2086 2712 2215 2787 παρ’
2248 2711 2508 2790 Ἀρκάσιν.
2552 2715 2682 2767 Haec
2704 2723 2887 2768 tamen
2916 2732 3033 2769 non
3060 2734 3128 2770 ex
3154 2718 3369 2771 Politiis

1813 2800 1984 2871 petita
2010 2810 2163 2866 sunt,
2187 2799 2283 2854 sed
2312 2801 2512 2872 procul
2533 2799 2738 2866 dubio,
2764 2818 2890 2853 cum
2933 2801 3364 2858 Schneidewino

1817 2883 2166 2958 (Philologus
2193 2885 2323 2943 fasc.
2356 2889 2397 2952 1,
2453 2905 2542 2942 an.
2586 2886 2763 2960 1846)
2802 2886 3095 2942 reserenda
3140 2889 3212 2943 ad
3255 2893 3366 2945 Pe-

1813 2970 1969 3042 plum
1996 2972 2303 3026 Aristotelis
2335 2973 2421 3045 (v.
2454 2973 2595 3027 infra
2638 2973 2709 3031 fr.
2747 2971 2856 3036 281.
2882 2975 2919 3046 ).
2950 2975 3204 3032 Fortasse
3226 2995 3364 3031 vero

1813 3074 1883 3111 ex
1923 3058 2202 3114 Arcadum
2238 3061 2383 3133 Rep.
2428 3063 2635 3132 petitus
2678 3072 2759 3115 est
2796 3061 2951 3114 locus
2991 3060 3064 3114 de
3104 3064 3361 3128 musicis,

1812 3160 1981 3213 quem
2004 3161 2171 3215 supra
2208 3144 2310 3218 (fr.
2358 3145 2429 3215 87
2455 3144 2471 3220 )
2494 3146 2609 3217 jam
2652 3145 3061 3218 adscripsimuS.
3088 3149 3365 3217 Quantam

1809 3231 1922 3282 vim
1963 3231 2166 3286 musica
2207 3234 2266 3286 in
2301 3234 2615 3288 leniendam
2647 3235 2841 3306 priscae
2892 3234 3017 3287 vitae
3063 3235 3365 3290 ruditatem

1811 3316 1964 3388 apud
1993 3318 2238 3374 Arcades
2265 3309 2619 3388 exercuerit‘,⁸
2644 3322 2831 3375 multis
2859 3331 2913 3374 et
2946 3323 3169 3394 egregie
3193 3341 3363 3395 expo·

1813 3404 1895 3456 nit
1923 3404 2207 3476 Polybius,
2246 3409 2347 3462 Vix
2388 3409 2591 3462 intacta
2621 3409 2736 3461 haec
2762 3409 2990 3479 reliquit
3018 3410 3359 3465 Aristotcles.

1893 3490 2112 3546 Nomen
2150 3495 2459 3550 Aristotelis
2486 3495 2712 3550 fortasse
2735 3494 3127 3568 reponendum
3157 3508 3236 3550 est
3267 3516 3360 3571 ap.

1814 3576 1989 3629 schol.
2024 3579 2298 3651 Apollon.
2322 3582 2512 3638 Rhod.
2547 3581 2602 3648 I,
2642 3581 2771 3649 164,
2802 3582 2898 3636 ubi
2920 3598 2934 3637 ε
2956 3577 3257 3658 Λυκούργου
3279 3571 3367 3638 καὶ

1813 3656 2077 3730 Ἀντιόπης
2105 3661 2370 3738 Ἀγκαῖος,
2401 3674 2617 3739 τιμᾶται
2646 3665 2699 3724 δὲ
2719 3665 2841 3745 παρ’
2867 3665 2919 3723 Ἀ
2930 3665 3141 3743 ρκοίσιν,
3164 3665 3234 3731 ὥς
3258 3690 3364 3748 φη-

1815 3765 1896 3800 σιν
1926 3744 2310 3824 Ἀριστομένης.
2342 3756 2428 3809 De
2458 3759 2663 3808 Ancaeo
2688 3753 2907 3810 Arcade
2938 3754 3136 3808 eodem
3161 3755 3290 3825 jure
3314 3759 3367 3808 in

1815 3834 2095 3892 Arcadum
2134 3840 2275 3912 Rep.
2317 3841 2638 3896 Aristoteles
2668 3841 2856 3896 dicere
2896 3843 3115 3914 potuit,
3149 3860 3263 3914 quo
3293 3842 3365 3896 de

1816 3923 2020 3976 Ancaeo
2045 3926 2231 3979 Samio
2258 3927 2399 3982 dixit
2439 3929 2494 3981 in
2528 3929 2668 4002 nep.
2703 3930 3037 3985 Samiorum.
3071 3927 3156 3984 Cf.
3187 3939 3370 3983 tamen

1819 4026 1871 4062 v,
1902 4011 2279 4068 Aristomenes
2307 4016 2365 4068 in
2393 4016 2773 4087 scriptoribus
2800 4018 2970 4070 aetatis
2989 4017 3233 4074 incertae,

206 4168 311 4215 Nam
335 4180 486 4229 neque
507 4179 665 4230 quum
688 4166 790 4215 ullo
811 4166 1011 4227 irnperio
1034 4167 1234 4214 externo
1270 4165 1447 4214 liabent
1476 4179 1734 4217 commune

204 4243 443 4304 quidquam
472 4247 644 4294 Cretes
669 4263 682 4290 ε
705 4245 754 4292 et
776 4256 873 4292 non
904 4245 969 4292 ita
993 4242 1177 4304 pridem
1197 4242 1378 4290 bellum
1407 4243 1660 4292 externum
1684 4246 1732 4292 in

204 4319 386 4370 litaniam
403 4324 691 4372 translatum
710 4322 780 4370 est
800 4358 813 4381 ‚
832 4320 963 4382 quod
981 4319 1061 4368 inti
1069 4320 1307 4368 unitatem
1327 4320 1482 4379 legum
1498 4357 1511 4379 ‚
1540 4334 1651 4382 quae
1671 4321 1732 4369 ibi

205 4399 332 4456 sunt,
357 4399 592 4460 patefecit.
619 4401 692 4447 De
711 4393 800 4445 hac
828 4397 970 4458 igitur
1002 4396 1246 4456 republica
1285 4396 1516 4443 hactenus
1538 4409 1566 4443 a
1600 4396 1736 4445 nobis

206 4470 372 4522 dictum
401 4476 478 4523 sit.

884 4554 952 4602 88
977 4548 1030 4601 b.

262 4632 402 4696 [Qum
417 4637 475 4686 ad
509 4639 726 4686 fortunas
747 4638 796 4683 et
815 4647 914 4682 rem
936 4632 1214 4682 familiarem
1233 4633 1486 4693 pertinent,
1511 4632 1732 4682 Lacedae·

211 4724 336 4762 aione
351 4718 398 4764 et
416 4717 463 4764 in
491 4717 638 4764 creta
657 4711 889 4762 conviviis
914 4724 970 4760 ac
997 4709 1226 4761 sodalitiis
1248 4708 1532 4758 introductis
1549 4710 1733 4771 legisla-

213 4791 280 4835 tor
300 4793 564 4840 communia
595 4790 727 4840 seuit.

266 4869 558 4929 Syssitiorum
578 4869 848 4918 institutum
869 4867 994 4928 apud
1023 4859 1405 4916 Lacedaemonios
1427 4864 1552 4911 male
1571 4876 1621 4911 se
1655 4864 1732 4911 lia·

1821 4171 1955 4222 cidit.
1985 4179 2142 4226 causa
2159 4180 2323 4228 autem
2343 4179 2487 4240 huius
2508 4179 2577 4228 rei
2610 4181 2809 4229 tortasse
2836 4181 2906 4228 est
2919 4214 2934 4240 ,
2955 4178 3083 4240 quod
3108 4178 3237 4226 nulla
3258 4180 3369 4229 tini-

1820 4251 2048 4304 timarum
2061 4256 2326 4318 civitatum,
2341 4259 2564 4320 quamvis
2574 4259 2697 4308 inter
2711 4272 2761 4307 se
2773 4258 2951 4307 bellum
2965 4259 3148 4318 gerant,
3161 4258 3373 4317 praebeat

1819 4342 1871 4377 se
1891 4329 2006 4379 belli
2022 4333 2198 4382 sociam
2212 4371 2227 4394 ,
2246 4335 2543 4384 auxiliumve
2566 4335 2687 4383 serat
2705 4334 2855 4383 servia
2876 4334 2927 4380 in
2943 4332 3161 4380 dominos
3182 4335 3371 4395 conspi-

1821 4406 2035 4456 rantibus
2069 4413 2117 4457 et
2147 4424 2175 4458 a
2200 4411 2391 4460 civitate
2423 4409 2756 4460 deficientibus
2798 4430 2808 4458 ε
2846 4408 2954 4457 ideo
2987 4408 3117 4469 quod
3156 4422 3251 4456 non
3278 4410 3368 4458 sibi

1821 4485 2043 4544 expediat
2066 4487 2157 4535 illis
2176 4488 2408 4536 auxilium
2448 4490 2596 4548 terre,
2622 4490 2678 4536 ut
2705 4500 2814 4549 quoe
2842 4487 2986 4535 etiam
3015 4485 3190 4535 similes
3211 4500 3375 4536 servos

1821 4558 2022 4620 babent,
2042 4575 2162 4623 quos
2186 4564 2419 4614 Perimcos
2436 4567 2625 4612 vocant.
2645 4564 2662 4626 ]

2320 4718 2871 4787 ΤΕΘΕΑΤΑΒῙῙΜ.

2557 4877 2642 4928 88.

214 4941 283 4990 het
298 4948 521 5004 quatenus
530 4939 793 5007 symbolam
809 4943 868 4991 ad
878 4956 935 4992 ea
949 4953 1341 5003 unumquemque
1354 4940 1569 4988 conterre
1590 4952 1728 5000 opor·
1822 4942 1834 4954 ·

215 5020 291 5067 tet.
312 5022 565 5092 Oportebat
579 5021 707 5070 enim
725 5023 918 5081 sumptu
937 5019 1132 5081 publico
1153 5020 1446 5067 conventum
1461 5017 1595 5065 illum
1615 5016 1735 5076 fleri,

215 5096 594 5153 quietnadmodum
621 5098 668 5145 in
692 5099 850 5146 Creta.

269 5173 487 5223 Titeasalis
499 5178 547 5224 et
561 5174 927 5224 taeedaemoniis
944 5177 1151 5224 Penestae
1166 5175 1216 5221 et
1227 5171 1417 5222 Helotes
1433 5172 1605 5232 swpius
1620 5184 1739 5218 rem-

220 5250 437 5311 publicam
460 5253 728 5302 turbarunt.
756 5253 1060 5302 Cretensibus
1084 5256 1245 5301 antem
1279 5250 1510 5299 nihildum
1539 5250 1634 5297 tale
1660 5262 1736 5296 ac·

1885 5012 2162 5061 Aristoteles
2194 5011 2243 5059 in
2270 5013 2583 5072 Tegeatarum
2612 5009 2815 5070 Republ.
2849 5007 2965 5056 dicit
3002 5008 3116 5055 olim
3149 5005 3377 5054 barbaros

1826 5089 2074 5138 Arcadiam
2097 5088 2385 5137 inhabitasse
2402 5122 2416 5147 ,
2435 5086 2518 5148 qui
2539 5087 2678 5147 eiecti
2714 5087 2807 5134 sint
2834 5084 2895 5132 ab
2916 5081 3176 5133 Arcadibus
3191 5095 3373 5144 aggres-

1825 5169 1888 5214 sis
1909 5179 1991 5214 cos
2013 5168 2124 5214 ante
2142 5167 2302 5215 ortum
2338 5165 2464 5212 luna·
2479 5180 2492 5222 ;
2519 5163 2629 5212 hinc
2660 5161 2865 5212 Arcadas
2896 5159 3255 5222 cognominatos
3272 5173 3374 5210 esst:

1828 5245 2120 5294 Proselenos.
