3900 6042
525 493 635 547 392

512 615 894 676 καταλελύσθαι
922 613 1190 673 συνέὸαινε
1219 614 1343 693 παρ’
1376 616 1544 678 αὐτοῖς
1572 611 1662 677 τὰς
1690 612 1937 691 πατρίους
1962 615 2061 668 τῶν

512 708 640 762 θεῶν
666 702 840 778 τιμάς.
928 702 990 778 (2)
1011 701 1186 776 ’Ὅπερ
1214 703 1261 756 οἱ
1285 704 1373 768 τῆς
1398 699 1571 777 χώρας
1609 701 1827 774 ἐγγενεῖς
1863 698 2062 755 ὑπέλα-

512 790 623 860 6ον,
650 789 738 847 ἐὰν
778 788 855 864 μὴ
887 787 1000 853 τους
1037 786 1354 864 ἀλλοφύλους
1411 781 1868 859 μεταστήσωνται,
1896 785 2061 859 κρίσιν

512 881 608 935 οὐκ
638 876 845 934 ἔσεσθαι
873 877 972 930 τῶν
1003 876 1195 931 κακῶν.
1286 869 1448 936 Εὐθυς
1485 863 1574 927 ουν
1615 869 2062 945 ξενηλατουμένων

512 968 615 1022 τῶν
640 963 945 1030 ἀλλοεθνῶν,
979 963 1025 1017 οἱ
1043 960 1134 1034 μὲν
1156 957 1555 1048 ἐπιφανέστατοι
1583 958 1672 1015 καὶ
1707 955 2062 1036 δραστικώτα-

514 1075 593 1109 τοι
620 1049 993 1126 συστραφέντες
1020 1045 1373 1125 ἐξερρίφησαν,
1420 1027 1487 1110 ὥς
1504 1046 1634 1111 τινές
1662 1066 1834 1125 φασιν,
1870 1047 1941 1108 εἰς
1972 1041 2064 1113 τὴν

512 1137 746 1198 Ἑλλάδα
770 1135 860 1193 καί
896 1157 1035 1199 τινας
1062 1133 1262 1213 ἑτέρους
1289 1131 1504 1203 τόπους,
1538 1131 1741 1210 ἔχοντες
1774 1130 2066 1205 ἀξιολόγους

512 1225 801 1301 ἡγεμόνας,
827 1213 899 1279 ων
923 1226 1139 1298 ἡγοῖντο
1166 1219 1367 1284 Δείναος
1389 1221 1476 1276 καὶ
1510 1220 1721 1294 Κάδμος
1747 1222 1849 1275 τῶν
1892 1216 2062 1274 ἄλλων

514 1310 938 1388 ἐπιφανέστατοι·
969 1312 997 1365 ὁ
1037 1306 1092 1364 δὲ
1115 1305 1274 1372 πολυς
1317 1305 1444 1370 λεὼς
1472 1303 1704 1371 ἐξέπεσεν
1745 1306 1815 1369 εἷς
1854 1303 1949 1372 τὴν
1976 1309 2063 1359 νῦν

511 1396 838 1473 καλουμένην
868 1393 1143 1468 Ἰουδαίαν,
1165 1395 1222 1450 οὗ
1251 1392 1426 1500 πόρρω
1451 1389 1543 1467 μὲν
1566 1391 1807 1501 κειμένην
1839 1394 1929 1459 τῆς
1960 1392 2061 1448 Αἰ-

512 1485 744 1560 γύπτου,
777 1483 1043 1547 παντελῶς
1077 1478 1131 1538 δὲ
1154 1479 1345 1558 ἔρημον
1366 1501 1522 1537 ουσαν
1553 1481 1668 1535 κατ’
1700 1478 1919 1542 ἐκείνους
1947 1475 2063 1540 τους

511 1571 740 1649 χρόνους.
825 1570 888 1647 (3)
912 1567 1124 1644 Ηγεῖτο
1142 1565 1195 1623 δὲ
1233 1571 1324 1636 τῆς
1342 1564 1581 1628 ἀποικίας
1625 1568 1653 1622 ὃ
1681 1562 2066 1671 προσαγορευό-

514 1681 665 1731 μενος
693 1661 913 1727 Μωσῆς,
939 1654 1180 1735 φρονήσει
1204 1676 1259 1710 τε
1282 1653 1370 1710 καὶ
1398 1652 1604 1730 ἀνδρεία
1633 1651 1815 1709 πολυ
1788 1651 2062 1730 οιαφέρων.

514 1749 680 1810 Οὗτος
699 1745 753 1801 δὲ
772 1741 1195 1816 καταλαὸόμενος
1218 1739 1312 1807 τὴν
1340 1738 1538 1817 χώραν,
1579 1738 1739 1803 ἄλλας
1788 1761 1842 1794 τε
1891 1737 2065 1802 πόλεις

514 1833 683 1890 ἔκτισε
706 1831 794 1888 καὶ
814 1829 906 1899 τὴν
931 1852 1017 1884 νυν
1046 1818 1206 1885 ουσαν
1224 1825 1653 1905 ἐπιφανεστάτην,
1682 1823 2065 1898 ὀνομαζομένην

519 1918 879 1995 Ἱεροσόλυμα.
903 1914 1186 1992 Ἱδρύσατο
1202 1912 1255 1969 δὲ
1281 1911 1369 1968 καὶ
1406 1933 1463 1968 το
1493 1910 1718 2018 μαλιστα
1740 1915 1865 1987 παρ’
1895 1913 2068 1977 αὐτοῖς

516 2005 807 2079 τιμώμενον
826 1999 985 2078 ἱερόν,
1012 1999 1101 2056 καὶ
1125 1997 1217 2065 τὰς
1247 1996 1401 2072 τιμὰς
1429 1997 1518 2054 καὶ
1538 1996 1799 2073 ἁγιστείας
1822 2002 1911 2054 τοῦ
1931 1996 2066 2058 θείου

516 2087 810 2157 κατέδειξε,
837 2108 926 2143 και
948 2084 1014 2142 τὰ
1038 2083 1174 2142 κατὰ
1209 2083 1303 2152 τὴν
1348 2083 1614 2140 πολιτείαν
1644 2082 1982 2156 ἐνομοθέτησέ
2008 2106 2067 2140 τε

518 2199 607 2232 και
627 2174 844 2240 διέταξε.
929 2173 1099 2232 Διεῖλε
1123 2171 1177 2228 δὲ
1199 2171 1259 2230 τὸ
1277 2172 1467 2240 πλῆθος
1487 2172 1556 2236 εἷς
1576 2167 1774 2228 δώδεκα
1799 2169 1960 2250 φυλὰς
1981 2169 2066 2227 διὰ

515 2263 577 2319 τὸ
604 2262 689 2319 τὸν
788 2261 951 2364 ιθμὸνκ
952 2264 1130 2318 τοῦτον
1152 2258 1470 2316 τελειότατον
1500 2257 1792 2332 νομίζεσθαι
1812 2256 1901 2314 καὶ
1932 2255 2062 2332 σύμ-

519 2372 684 2428 φωνον
716 2264 847 2405 §geu
882 2350 956 2425 τῷ
1005 2345 1191 2415 πλήθει
1234 2348 1335 2403 τῶν
1380 2347 1556 2419 μηνῶν
1586 2348 1689 2400 τῶν
1727 2343 1815 2400 τὸν
1833 2343 2065 2401 ἐνιαυτὸν

520 2434 979 2514 συμπληρούντων.
1068 2435 1128 2509 (ι)
1170 2431 1413 2508 Ἄγαλμα
1437 2429 1490 2488 δὲ
1522 2432 1650 2489 θεῶν
1681 2429 1739 2488 τὸ
1776 2430 1986 2488 σύνολον
2008 2432 2065 2487 οὗ

519 2521 869 2580 κατεσκεύασε
886 2520 971 2579 διὰ
998 2517 1057 2577 τὸ
1083 2517 1157 2595 μὴ
1199 2518 1419 2596 νομίζειν
1454 2515 1888 2597 ἀνθρωπόμορφον
1935 2506 2064 2574 εἶναι

519 2609 608 2667 τὸν
626 2607 759 2681 θεόν,
794 2609 930 2666 ἀλλὰ
965 2607 1052 2665 τὸν
1079 2605 1387 2684 περιέχοντα
1427 2603 1521 2676 τὴν
1546 2608 1641 2680 γῆν
1671 2604 1881 2682 οὐρανὸν
1913 2602 2066 2677 μόνον

522 2687 652 2754 εἶναι
676 2696 788 2753 θεὸν
817 2717 907 2752 και
933 2697 1035 2751 τῶν
1062 2691 1196 2750 ὅλων
1219 2693 1412 2770 κύριον.
1495 2689 1608 2757 Τὰς
1635 2689 1690 2748 δὲ
1717 2690 1891 2756 θυσίας
1916 2688 2066 2761 ἐξηλ-

519 2781 781 2857 λαγμένας
814 2779 1164 2848 συνεστήσατο
1179 2783 1282 2837 τῶν
1302 2776 1447 2855 παρὰ
1469 2786 1574 2842 τοῖς
1595 2777 1768 2844 ἄλλοις
1794 2778 1958 2835 ἔθνεσι
1977 2775 2067 2835 καὶ

519 2866 611 2932 τὰς
634 2867 770 2924 κατὰ
794 2867 878 2925 τὸν
912 2867 1018 2945 βίον
1055 2864 1287 2942 ἀγωγάς
1318 2864 1404 2923 διὰ
1431 2864 1530 2943 γὰρ
1557 2864 1651 2934 τὴν
1689 2863 1822 2922 ἰδίαν
1857 2862 2068 2933 ξενηλα-

522 2953 638 3010 σίαν
661 2951 1009 3027 ἀπάνθρωπόν
1037 2975 1152 3008 τινα
1177 2951 1265 3009 καὶ
1304 2951 1562 3025 μισόξενον
1594 2951 1702 3028 βίον
1742 2950 2066 3027 εἰςηγήσατο

522 3039 799 3105 Ἐπιλέξας
826 3039 881 3095 δὲ
907 3041 1009 3096 τῶν
1042 3038 1239 3115 ἀνδρῶν
1273 3037 1388 3102 τους
1434 3037 1802 3115 χαριεστάτους
1846 3036 1936 3094 καὶ
1962 3041 2068 3111 μά-

521 3129 677 3183 λιστα
700 3123 1069 3200 δυνησομένους
1086 3130 1174 3180 τοῦ
1195 3123 1492 3194 σύμπαντος
1513 3123 1680 3189 ἔθνους
1696 3119 2066 3202 προΐστασθαι,

523 3292 890 3350 submoverent,
919 3292 1135 3339 futurum
1163 3294 1217 3340 ut
1245 3291 1383 3342 malis
1406 3305 1655 3353 nunquam
1679 3296 2067 3342 exonerarentur.

525 3370 697 3419 Statim
726 3368 866 3431 igitur
887 3368 1097 3430 expulsis
1117 3368 1319 3416 aliarum
1341 3369 1589 3422 nationum
1624 3368 1926 3428 hominihus,
1960 3383 2070 3432 pars

522 3446 813 3495 nobilissima
830 3447 877 3494 et
891 3445 1169 3498 strenuitate
1180 3446 1284 3494 aliis
1299 3439 1561 3508 praestans,
1581 3448 1867 3499 eximiorum
1887 3448 2067 3498 ducum

522 3524 743 3586 auspiciis
765 3523 816 3574 in
837 3523 1100 3584 Graeciam,
1126 3526 1179 3572 ut
1203 3523 1474 3585 perbibent,
1500 3527 1548 3573 et
1572 3524 1665 3574 alia
1687 3525 1908 3588 quaedam
1931 3528 2065 3588 loca,

522 3602 666 3649 variis
686 3602 860 3662 jactata
879 3601 1093 3661 casibus,
1121 3602 1360 3662 pervenit,
1384 3602 1559 3664 quibus
1578 3606 1768 3653 Danaus
1784 3609 1835 3654 et
1857 3605 2069 3655 Cadmus

522 3691 622 3738 proe
635 3678 803 3726 ceteris
816 3676 1064 3733 clarissimi
1080 3681 1329 3739 praeerant.
1383 3682 1495 3728 Pars
1507 3684 1666 3729 autem
1683 3681 1844 3742 populi
1858 3683 2070 3730 maxima

527 3754 574 3801 in
597 3756 800 3813 terram,
823 3766 935 3815 qum
963 3753 1133 3802 Judaea
1165 3768 1294 3803 nunc
1320 3760 1537 3817 vocatur,
1568 3757 1630 3805 ab
1654 3761 1852 3819 AEgypto
1874 3759 2067 3820 quidem

528 3830 654 3879 baud
678 3832 815 3894 longe
836 3831 1075 3894 dissitam,
1098 3835 1149 3882 at
1173 3834 1368 3882 omnino
1386 3835 1677 3897 temporibus
1695 3833 1791 3886 illis
1805 3838 2067 3900 desertam,

524 3907 699 3967 reiecta
717 3911 804 3957 est.
872 3907 937 3968 (ι)
959 3909 1170 3958 coloniae
1192 3909 1335 3969 hujus
1358 3911 1530 3960 ductor
1554 3917 1657 3962 erat
1676 3916 1828 3962 Moses
1843 3914 2067 3975 quidam,

524 3987 582 4032 ιιι
610 3985 893 4048 appellatur,
927 3985 1154 4046 sapientia
1194 3988 1243 4039 et
1268 3987 1544 4037 fortitudine
1578 3990 1785 4038 maxime
1810 3991 2068 4039 excellens.

528 4065 575 4110 ls
599 4063 828 4123 occupata
850 4060 1037 4122 regione
1058 4075 1207 4123 quum
1233 4062 1373 4112 urbes
1392 4063 1534 4125 alias,
1557 4067 1662 4113 tum
1681 4078 1791 4126 quae
1817 4079 1944 4113 nunc
1967 4067 2068 4114 cla—

525 4138 826 4199 rissimaest,
848 4138 1198 4201 Hierosolyma,
1221 4153 1279 4188 ac
1295 4142 1529 4202 templum
1550 4142 1612 4190 ibi
1631 4141 1866 4203 ,'quod1n
1883 4155 2069 4192 summa

522 4215 615 4263 illis
634 4215 935 4268 veneratione
952 4215 1172 4276 babetur,
1196 4215 1429 4268 condidit
1490 4221 1613 4266 Tum
1643 4218 1851 4265 numinis
1870 4218 2072 4267 bonores

521 4294 572 4339 et
591 4290 887 4339 caerimonias
902 4303 1144 4340 sacrorum
1159 4290 1348 4352 docuit;
1367 4294 1510 4343 etiam
1530 4293 1871 4354 rempublicam
1894 4293 2072 4353 legibus

520 4367 775 4427 instruxit,
794 4367 968 4429 atque
955 4380 1004 4415 ιιι
1022 4367 1238 4417 ordinem
1257 4371 1442 4419 certum
1460 4368 1654 4431 redegit.
1718 4369 2070 4420 multitudinem

522 4443 572 4489 in
594 4442 846 4491 duodecim
870 4443 1020 4492 tribus
1037 4443 1221 4504 divisit,
1240 4444 1373 4505 quod
1398 4458 1651 4500 numerum
1676 4445 1804 4496 hunc
1826 4446 2069 4507 perfectis-

521 4520 697 4566 simum
728 4532 854 4580 esse,
882 4531 940 4566 ac
969 4520 1242 4581 mensibus,
1273 4521 1359 4582 qui
1386 4533 1566 4569 annum
1590 4521 1771 4569 faciunt
1802 4521 2069 4583 integrum,

520 4594 806 4655 respondere
842 4594 1149 4652 existimaret.
1238 4598 1304 4657 (4)
1344 4599 1406 4654 At
1429 4598 1609 4647 nullam
1648 4598 1841 4650 omnino
1871 4597 2069 4648 deorum

521 4671 776 4732 imaginem
812 4673 1081 4724 statuamve
1118 4672 1395 4732 fabricavit,
1432 4674 1563 4734 quod
1606 4674 1653 4728 in
1694 4675 1841 4730 deum
1876 4676 2070 4725 minime

522 4745 694 4795 cadere
723 4746 925 4796 formam
952 4747 1235 4809 humanam,
1270 4749 1353 4798 sed
1377 4751 1554 4800 emtum
1582 4751 1700 4812 boc,
1733 4752 1862 4813 quod
1891 4756 2068 4803 terram

522 4822 898 4883 circumquaque
922 4823 1097 4884 ambit,
1130 4825 1286 4873 solum
1314 4825 1458 4874 deum
1485 4840 1587 4874 esse
1611 4832 1879 4889 cunctaque
1902 4829 1949 4876 in
1983 4843 2068 4890 po-

522 4899 695 4946 testate
720 4897 894 4946 babere
907 4898 1159 4959 judicaret.
1225 4901 1574 4950 Sacrificiorum
1604 4906 1766 4953 autem
1791 4905 1910 4954 ritus
1930 4907 2069 4956 vitae-

523 4986 620 5033 que
660 4975 1011 5028 conformandae
1050 4989 1233 5026 monem
1273 4977 1342 5028 ita
1376 4977 1608 5040 instItuit,
1648 4984 1703 5030 ιιι
1736 4994 1766 5029 a
1797 4985 2066 5032 ceterarum

523 5049 732 5110 gentium
769 5048 992 5099 institutis
1028 5052 1282 5113 plurimum
1321 5053 1623 5116 discreparet.
1716 5061 1838 5112 Nam
1878 5064 2069 5120 propter

525 5126 677 5184 gentis
706 5138 805 5172 sum
826 5126 1155 5186 relegationem
1188 5130 1493 5181 inhumanam
1512 5133 1753 5193 quandam
1779 5138 1829 5183 et
1859 5136 2067 5198 inhospi-

526 5198 670 5251 talem
696 5201 804 5249 wita·
830 5204 1058 5251 rationem
1084 5206 1320 5269 praecepit.
1384 5208 1522 5257 Viros
1541 5213 1769 5270 praeterea
1799 5213 2068 5273 gratiosissi-

1674 480 2094 540 BECATAEUS
2135 477 2533 538 ABDERITA.

2149 610 2354 676 τούτους
2381 612 2533 687 ἱερεῖς
2560 606 2817 674 ἀπέδειξε·
2846 605 2941 677 τὴν
2967 607 3022 664 δὲ
3042 605 3314 683 διατριῦὴν
3340 604 3524 672 ἔταξεν
3549 607 3712 662 αὐτῶν

2151 697 2379 772 γίνεσθαι
2400 696 2518 775 περὶ
2541 694 2747 772 τὸῖερὸν
2766 692 2855 751 καὶ
2873 695 2964 758 τὰς
2986 699 3078 750 τοῦ
3102 698 3218 751 θεοῦ
3242 693 3404 768 τιμάς
3429 716 3489 749 τε
3515 716 3608 750 και
3631 699 3711 750 θυ-

2152 783 2286 849 σίας.
2374 784 2439 860 (ι)
2473 783 2609 847 'leuc
2635 780 2819 848 αὐτοὺς
2850 781 2906 838 δὲ
2933 780 3022 839 καὶ
3055 780 3309 846 δικαστὰς
3338 780 3582 847 ἀπέδειξε
3617 785 3709 837 τῶν

2152 871 2407 947 μεγίστων
2429 869 2662 948 κρίσεων,
2694 868 2783 926 καὶ
2803 867 2895 938 τὴν
2918 872 3022 925 τῶν
3040 866 3214 942 νόμων
3235 891 3331 924 και
3353 871 3464 924 τῶν
3490 869 3618 925 ἐθῶν
3633 891 3712 945 φο

2152 958 2315 1027 λακὴν
2362 955 2552 1021 τούτοις
2597 955 2873 1034 ἐπέτρεψε·
2913 953 2992 1013 διὸ
3019 959 3109 1012 καὶ
3149 955 3378 1032 βασιλέα
3425 954 3495 1032 μὲ
3473 981 3528 1011 -ν
3558 956 3710 1030 μηδέ-

2153 1066 2278 1101 ποτε
2306 1048 2409 1102 τῶν
2434 1041 2715 1113 Ἰουδαίων,
2747 1041 2842 1111 τὴν
2885 1042 2941 1102 δὲ
2986 1065 3076 1100 του
3120 1043 3352 1112 πλήθους
3395 1043 3709 1120 προστασίαν

2153 1129 2381 1188 δίδοσθαι
2409 1130 2494 1187 διὰ
2538 1128 2729 1194 παντὸς
2755 1133 2830 1208 τῷ
2867 1130 3098 1187 δοκουντι
3130 1152 3232 1186 των
3257 1128 3448 1207 ἱερέων
3475 1129 3706 1207 φρονήσει

2152 1218 2241 1273 καὶ
2286 1221 2443 1295 ἀρετῇ
2471 1216 2731 1295 προέχειν.
2779 1219 2976 1275 Τοῦτον
3021 1214 3074 1273 δὲ
3113 1216 3599 1295 προσαγορεύουσιν
3639 1219 3714 1294 dp-

2153 1302 2363 1381 χιερέα,
2383 1304 2472 1361 καὶ
2490 1305 2776 1376 νομίζουσιν
2801 1306 2973 1368 αὑτοῖς
2997 1303 3211 1379 αγγελον
3241 1302 3486 1378 γίνεσθαι
3514 1307 3614 1360 τῶν
3633 1308 3711 1359 τοῧ

2154 1395 2206 1447 θε
2186 1413 2266 1449 εου
2290 1389 2715 1469 προςταγμάτων.
2801 1392 2847 1464 (6
2821 1395 2864 1458 6)
2898 1394 3095 1450 Τοῦτον
3123 1389 3177 1446 δὲ
3207 1387 3348 1446 κατὰ
3391 1389 3492 1454 τὰς
3533 1391 3712 1458 ἐκκλη-

2155 1477 2268 1542 σίας
2296 1478 2386 1535 καὶ
2405 1476 2498 1543 τὰς
2522 1477 2683 1541 ἄλλας
2706 1477 2942 1580 ρυνόδους
2965 1477 3120 1584 φησὶν
3144 1475 3380 1556 ἐκφέρειν
3415 1476 3490 1533 τὰ
3511 1499 3713 1553 παραγ-

2159 1563 2448 1640 γελλόμενα
2468 1607 2484 1634 ,
2512 1563 2601 1622 καὶ
2630 1562 2758 1643 πρὸς
2780 1570 2929 1621 τοῦτο
2949 1563 3006 1620 τὸ
3027 1562 3177 1642 μέρος
3195 1562 3362 1627 οὕτως
3385 1564 3619 1628 εὖτ-τιθεῖς
3639 1565 3714 1638 γί-

2152 1657 2330 1708 νεσθαι
2371 1673 2486 1716 τους
2534 1648 2843 1722 Ἰουδαίους,
2882 1650 3017 1716 ὥστε
3058 1674 3198 1728 παρα
3202 1671 3393 1728 Αρημα
3431 1651 3717 1715 πίπτοντας

2154 1737 2239 1794 ἐπὶ
2264 1736 2359 1807 τὴν
2381 1741 2474 1813 γῆν
2506 1739 2798 1816 προςκυνεῖν
2823 1760 2908 1795 τον
2937 1737 3132 1803 τούτοις
3158 1736 3576 1814 ἑρμηνεύοντα
3543 1761 3716 1815 αρχιε·

2155 1823 2264 1900 ρέα
2292 1823 2718 1902 Προςγέγραπται
2747 1824 2801 1882 δὲ
2825 1848 2915 1882 και
2933 1830 3038 1890 τοῖς
3056 1825 3230 1898 νόμοις
3257 1823 3346 1880 ἐπὶ
3369 1826 3717 1893 τελευτῆςὸτι

2156 1915 2350 1980 Μωσῆς
2376 1910 2599 1975 ἀκούσας
2637 1917 2728 1969 τοῦ
2765 1915 2880 1969 θεοῦ
2929 1913 3052 1970 ταδε
3096 1912 3214 1988 λέγε
3219 1934 3236 1966 ι
3281 1914 3389 1975 τοῖς
3420 1910 3713 1978 Ιουδαίοις.

2157 1996 2475 2067 Ἐποιησατο
2498 1998 2603 2054 δ’ὁ
2648 1996 2923 2072 νομοθέτης
2959 2001 3060 2055 τῶν
3103 2020 3161 2055 τε
3204 1997 3513 2068 πολεμικῶν
3561 1997 3719 2076 ἔργων

2152 2082 2350 2153 πολλὴν
2372 2083 2613 2162 πρόνοιαν
2642 2084 2732 2142 καὶ
2778 2082 2895 2150 τοὺς
2922 2083 3062 2149 νέους
3083 2083 3371 2160 ἠνάγκαζεν
3398 2085 3595 2141 ἀσκεῖν
3635 2087 3717 2142 ἀν-

2154 2170 2325 2251 δρείαν
2341 2193 2396 2228 τε
2420 2194 2509 2228 και
2528 2171 2806 2278 καρτερίαν
2825 2173 2914 2229 καὶ
2938 2171 2996 2230 τὸ
3015 2172 3226 2230 σύνολον
3244 2171 3521 2246 ὑπομονὴν
3549 2171 3719 2244 πάσης

2153 2255 2517 2324 κακοπαθείας.
2558 2261 2661 2362 ’.(7)
2691 2257 2955 2317 Ἐποιεῖτο
3000 2256 3056 2316 δὲ
3097 2258 3187 2316 και
3215 2257 3495 2336 στρατείας
3541 2261 3622 2324 εἰς
3657 2260 3719 2316 τὰ

2154 2344 2496 2422 πλησιόχωρα
2522 2347 2625 2402 τῶν
2653 2347 2848 2421 ἐθνῶν,
2871 2368 2961 2404 και
3005 2343 3207 2415 πολλὴν
3241 2346 3718 2453 κατακτησάμενος

2153 2429 2330 2508 χώραν
2363 2429 2851 2509 κατεκληρούχησε,
2884 2440 2988 2497 τοῖς
3015 2429 3110 2507 μὲν
3133 2431 3412 2497 ῖδιωταις”
3390 2454 3540 2497 ισους
3569 2435 3718 2503 xciii·

2160 2537 2253 2582 σας
2276 2515 2496 2595 κλήρους
2516 2561 2533 2590 ,
2561 2525 2665 2582 τοῖς
2692 2518 2736 2575 δ’
2756 2521 2946 2596 ἱερευσι
2967 2518 3227 2593 μείζονας,
3248 2517 3332 2576 ἵνα
3355 2518 3722 2593 inpeditam<

2158 2601 2559 2682 ἀξιολογωτέρας
2581 2603 2912 2682 προςόδους
2883 2606 3263 2684 απερίσπαστοι
3286 2608 3525 2681 συνεχῶς
3539 2628 3718 2684 προςε-

2158 2688 2377 2767 δρεύωσι
2399 2694 2511 2756 ταῖς
2535 2696 2625 2748 τοῦ
2646 2695 2761 2750 θεου
2788 2700 2983 2767 τιμαῖς.
3007 2694 3120 2750 Ουκ
3139 2691 3257 2762 ἐξῆν
3280 2692 3334 2750 δὲ
3352 2701 3463 2756 τοῖς
3488 2692 3722 2758 ἰδιώταις

2156 2774 2271 2842 τους
2296 2776 2448 2840 ἰδίους
2476 2776 2698 2856 κλήρους
2722 2781 2936 2849 πωλεῖν,
2960 2777 3097 2842 ὅπως
3117 2777 3193 2855 μή
3229 2801 3363 2845 τινες
3387 2777 3476 2836 διὰ
3502 2781 3721 2838 πλεονε·

2158 2860 2269 2929 ξίαν
2293 2863 2626 2940 ἀγοράζοντες
2651 2864 2767 2930 τους
2789 2865 3014 2942 κλήρους
3032 2864 3311 2924 ἐκθλίὸωσι
3332 2889 3455 2931 τους
3497 2868 3716 2944 ἄπορα.»

2156 2947 2332 3027 τέρους
2354 2950 2445 3007 και
2471 2951 2926 3020 κατασκευαζωσιν
2948 2953 3297 3028 ὀλιγανδρίαν.
3324 2959 3370 3028 (s
3341 2953 3388 3026 s)
3418 2955 3716 3032 Τεκνοτρο·

2159 3061 2269 3119 φειν
2297 3061 2353 3095 τε
2379 3037 2638 3114 ἠνάγκαζε
2666 3063 2783 3104 τους
2827 3040 2916 3098 ἐπὶ
2940 3044 3033 3108 τῆς
3072 3038 3280 3119 χώρας·
3308 3040 3401 3097 καὶ
3428 3041 3501 3098 δι’
3540 3042 3720 3117 ὀλίγης

2158 3125 2393 3196 δαπάνης
2413 3126 2794 3206 ἐκτρεφομένων
2830 3131 2933 3185 τῶν
2965 3131 3186 3207 βρεφῶν,
3215 3127 3298 3186 ἀεὶ
3327 3127 3393 3186 τὸ
3427 3128 3582 3204 γένος
3619 3133 3718 3188 τῶν

2153 3307 2285 3355 mos,
2329 3299 2380 3343 et
2421 3296 2506 3357 qui
2545 3297 2672 3357 genti
2717 3296 2954 3345 universae
2991 3309 3193 3357 pracesse
3235 3295 3452 3344 maxime
3503 3296 3718 3346 valerem

2152 3368 2351 3432 delegit,
2384 3384 2562 3433 eosque
2590 3371 2860 3421 sacerdotes
2877 3372 3072 3421 creavit.
3141 3372 3226 3421 His
3243 3385 3425 3421 munus
3438 3372 3560 3421 illud
3574 3372 3716 3422 desti·

2153 3450 2313 3509 navit,
2337 3451 2393 3498 ut
2415 3452 2645 3511 perpetuo
2661 3450 2896 3512 temptum
2916 3450 3149 3500 obeuntes
3169 3449 3247 3498 dei
3266 3449 3484 3499 cultibus
3506 3454 3554 3499 et
3571 3452 3708 3499 sacri

2154 3524 2274 3575 ficiis
2290 3530 2614 3588 operarentur.
2683 3527 2750 3588 (5)
2772 3526 2975 3575 Eosdem
2995 3527 3316 3575 maximarum
3336 3540 3534 3589 quoque
3556 3540 3712 3576 rei-un

2155 3599 2484 3663 disceptationi
2522 3602 2704 3663 judices
2735 3603 2972 3665 praet'ecit,
3001 3603 3260 3665 legumque
3291 3616 3354 3651 ac
3387 3603 3712 3652 institutorum

2154 3677 2419 3727 custodiam
2437 3678 2626 3727 illorum
2653 3679 2764 3727 {idei
2783 3680 3041 3728 commisit.
3108 3678 3345 3735 Quocirca
3363 3693 3616 3741 nunquam
3633 3683 3710 3729 Ju-

2154 3754 2270 3806 daeis
2283 3770 2438 3819 regem
2454 3757 2596 3807 fuisse
2614 3757 2766 3818 aiunt,
2782 3758 2864 3807 sed
2883 3757 3201 3807 multitudinis
3212 3757 3543 3818 gubernanda:
3555 3771 3712 3806 curm

2155 3834 2204 3880 et
2237 3835 2524 3893 potestatem
2544 3834 2589 3883 ei
2616 3834 2741 3883 tradi
2768 3837 3029 3896 perpetuo,
3052 3835 3137 3895 qui
3159 3835 3286 3882 inter
3314 3835 3590 3884 sacerdotes
3605 3849 3712 3896 μυ·

2153 3908 2316 3959 dentis
2343 3915 2393 3961 et
2426 3913 2605 3960 virtute
2639 3911 2914 3973 praecellere
2946 3911 3153 3961 videtur.
3241 3915 3384 3961 Hunc
3420 3914 3709 3962 sacerdotem

2155 3986 2416 4048 principem
2432 4000 2677 4036 summum
2700 3988 2974 4049 pontificem
2992 3988 3262 4049 appeltant;
3284 3989 3417 4038 hunc
3441 4003 3532 4051 pro
3553 3990 3711 4038 nuntio

2156 4065 2204 4112 et
2223 4063 2478 4125 interprete
2500 4064 2743 4125 jussurum
2763 4063 2838 4113 dei
2859 4063 3064 4123 beheim
3088 4066 3154 4125 (6)
3184 4064 3353 4113 hunc
3339 4079 3392 4114 ιιι
3413 4067 3710 4115 concionibus

2158 4138 2357 4200 publicis
2373 4140 2571 4202 aliisque
2597 4138 2928 4201 congressibus
2945 4140 3172 4188 mandata
3188 4141 3439 4202 proferre,
3458 4147 3604 4205 atque
3629 4144 3710 4192 liae

2155 4213 2203 4262 in
2223 4218 2356 4275 parte
2373 4219 2471 4263 tam
2492 4216 2750 4276 morigeros
2766 4229 2869 4266 oese
2885 4218 2914 4264 J
2922 4215 3086 4266 udaeos
3099 4217 3381 4279 perhibent,
3406 4222 3464 4267 ut
3480 4220 3709 4280 extempio

2155 4291 2217 4340 ad
2239 4294 2417 4341 terram
2445 4295 2667 4355 prostrati
2698 4307 2946 4344 sacrorum
2976 4294 3272 4357 antistium,
3301 4298 3503 4346 oracula
3523 4296 3595 4346 dei
3627 4297 3706 4346 sihi

2155 4368 2562 4431 interpretantem,
2577 4370 2794 4427 adorent.
2859 4375 2917 4421 ln
2935 4371 3031 4424 fine
3043 4374 3206 4421 autem
3224 4372 3412 4434 legibus
3429 4374 3707 4437 adscriptum

2156 4450 2262 4496 aet:
2289 4449 2444 4500 Mosoe
2475 4462 2683 4498 suoi-ron
2716 4463 2796 4498 nsi
2832 4463 2936 4503 msc
2968 4463 3100 4499 nicrr
3123 4463 3324 4498 muns.
3389 4451 3461 4500 Ad
3481 4452 3705 4501 hamul

2156 4526 2260 4572 tum
2283 4526 2426 4575 studii
2444 4539 2555 4575 cum
2573 4526 2742 4589 insigni
2760 4527 3046 4589 prudentia*
3033 4541 3079 4576 ιιι
3101 4541 3177 4577 res
3194 4529 3395 4578 bellioes
3413 4532 3573 4592 posuit
3590 4531 3704 4590 legs
3725 4525 3730 4529 ’

2156 4602 2297 4663 Ιιιιοι,
2331 4607 2381 4654 et
2399 4603 2600 4664 juvenes
2629 4604 2690 4654 ad
2713 4605 3017 4655 tolerantiam
3038 4608 3088 4654 et
3113 4605 3479 4664 fortitudinem,
3509 4607 3568 4656 ad
3593 4619 3702 4656 oon-

2154 4681 2387 4734 stantiam
2403 4679 2608 4742 denique
2641 4682 2690 4729 in
2709 4681 2936 4732 omnibus
2954 4682 3185 4735 aerumnis
3205 4683 3527 4732 exercendam
3545 4683 3700 4744 adegit.

2155 4757 2223 4819 (7)
2263 4757 2388 4815 Quin
2412 4758 2557 4810 etiam
2593 4757 2958 4820 expeditiones
2945 4773 2996 4808 ιιι
3025 4761 3191 4820 gentes
3227 4758 3459 4810 finitimas
3480 4759 3700 4822 suscepit,

2156 4836 2425 4896 multosque
2458 4838 2598 4885 terrae
2632 4836 2758 4886 bello
2798 4837 3047 4899 acquisitae
3077 4840 3265 4886 tractus
3303 4837 3588 4886 berwini-io
3617 4836 3702 4884 suis

2150 4911 2258 4971 jure
2277 4911 2582 4973 possidendos
2599 4913 2851 4974 attribuit,
2875 4914 2942 4962 ita
2961 4913 3184 4974 quidem,
3204 4916 3261 4962 ut
3292 4914 3495 4975 privatis
3509 4912 3701 4974 aquales

2154 4989 2293 5038 sortis
2312 4989 2470 5050 partes
2493 4991 2695 5048 iaceret,
2727 4991 3055 5040 sacerdotibus
3089 4991 3346 5052 maiores·
3378 4995 3436 5040 ut
3466 4993 3698 5051 ampliores

2155 5064 2463 5125 percipientes
2477 5064 2679 5125 reditus,
2695 5065 2772 5115 dei
2790 5067 3001 5116 cultibus
3017 5067 3210 5116 assidue
3227 5067 3350 5116 citra
3362 5067 3696 5116 distractionem

2156 5140 2501 5190 incumberent.
2564 5145 2661 5191 Nec
2675 5143 2872 5205 privatis
2887 5144 3028 5192 sortis
3040 5157 3141 5192 ιιιιιιΙ
3155 5144 3498 5205 patrimonium
3515 5143 3698 5195 vreden*

2156 5216 2351 5276 licebat,
2376 5230 2434 5264 ne
2463 5194 2637 5279 aliqui,
2671 5219 2813 5276 emtis
2831 5233 2915 5281 per
2933 5219 3184 5276 avaritiam
3213 5219 3375 5269 fundis
3393 5217 3692 5274 hereditatis.
