3900 6042
1050 444 1444 506 EXCERPTA
1489 447 1587 506 Ex
1636 447 1993 507 uts‘rotuA
2038 449 2356 511 monost
2399 451 2668 514 sthLt.
3388 476 3454 519 tx

766 628 908 703 [ΕΚ
953 628 1141 689 ΒΙΒΛ.
1184 628 1274 688 fl'.
1308 629 1330 706 ]

322 767 427 826 vi.
458 764 598 825 Ὅτι
628 764 888 842 Νεμέτωρ
912 764 1010 823 ὑπὸ
1032 771 1124 824 τοῦ
1156 766 1288 824 ἰδίου
1310 767 1533 846 ἀδελφοῦ
1556 765 1817 846 στερηθεὶς

2402 636 2486 711 [E
2526 636 2753 696 LIBRO
2799 636 2996 712 Vlii.]

1980 780 2062 826 vi.
2097 778 2337 842 Numitor,
2358 793 2503 841 quem
2523 782 2622 842 ipse
2643 782 2791 831 frater
2805 782 3023 832 Amulius
3042 782 3235 832 Attianis
3247 783 3484 846 imperans

251 856 338 921 τῆς
390 850 691 930 βοῑσιλεῖαςι
741 851 797 917 3<
837 850 1074 927 Ἀμόλῑθς
1112 855 1367 925 ἷκαλίῖῖθι
1409 853 1712 913 &namn
1763 852 1818 911 δῖ
1914 891 2061 942 regno
2084 882 2303 942 exuerat,
2327 890 2479 943 quum
2504 882 2625 931 titios
2641 895 2752 931 suos
2779 881 3040 931 Romulum
3059 885 3106 931 et
3126 884 3329 931 Remum
3354 896 3481 946 prae·

254 939 541 1009 Ἀλὸανῶν,
568 938 691 1004 τοὺς
714 938 871 1005 ἰδίους
889 937 1027 1004 υἱοὺς
1049 942 1178 1020 παρ’
1200 940 1413 1005 ἐλπίδας
1434 938 1814 1017 ἀναγνωρίσας,

252 1025 443 1101 Ῥίμον
459 1026 553 1084 καὶ
563 1025 870 1102 Ῥωμύλον,
892 1025 1233 1085 ἕπεὸούλευσε
1252 1026 1389 1085 κατὰ
1398 1032 1489 1085 τοῦ
1513 1026 1639 1085 ἰδίου
1663 1027 1821 1083 ἀδελ·

250 1119 350 1192 φοῦ
398 1114 524 1190 περὶ
560 1112 893 1192 ἀναιρέσεως.
938 1111 1015 1172 Ὃ
1050 1114 1140 1172 καὶ
1179 1113 1404 1191 γε’γονεν.
1452 1112 1816 1192 Μεταπεμψά·

250 1223 399 1277 μενοι
420 1198 526 1279 γὰρ
556 1198 674 1265 τοὺς
700 1203 892 1277 νομεῖς,
923 1199 1175 1277 ὥρμησαν
1205 1201 1294 1259 ἐπὶ
1321 1201 1388 1259 τὰ
1427 1200 1686 1280 βασίλεια,
1720 1198 1810 1259 καὶ

249 1288 392 1352 ἐντὸς
418 1290 524 1344 τῶν
558 1289 723 1365 θυρῶν
760 1285 1139 1365 εἰσεὸιοίσαντο,
1163 1289 1252 1345 καὶ
1286 1288 1309 1366 [
1337 1286 1453 1354 τοὺς
1480 1295 1499 1359 ]
1527 1286 1812 1367 ὑφισταμέ-

248 1394 366 1439 νους
394 1371 640 1453 ἀνῄρουν,
658 1371 872 1451 ὕστερον
895 1370 948 1430 δὲ
971 1372 1061 1431 καὶ
1082 1372 1235 1431 αὐτὸν
1246 1372 1344 1431 ’τὸν
1374 1372 1636 1449 Ἀμόλιον.

699 1512 723 1589 [
752 1515 847 1573 ΕΚ
866 1515 1065 1573 stes.
1092 1511 1382 1589 [ι’-ιω

328 1651 473 1711 Vll.
514 1649 645 1711 ‘Oti
669 1649 939 1710 Ὁστιλίου
959 1655 1048 1709 τοῦ
1070 1650 1268 1710 ὑπάτου
1295 1649 1737 1729 παραγενηθέντος
1762 1652 1821 1709 ἐκ

248 1735 482 1813 Ῥώμης
512 1739 584 1803 εἰς
621 1737 902 1817 Ἤπειρον,
933 1739 1188 1804 Θεόδοτος
1231 1738 1322 1795 καὶ
1355 1736 1739 1817 Φιλόστρατος,
1770 1739 1817 1794 οἱ

248 1825 493 1901 μάλιστα
522 1824 879 1904 Περσίζοντες,
905 1824 1219 1884 ίπεὸάλοντο
1240 1827 1314 1901 τῷ
1334 1825 1536 1901 βασιλεῖ
1555 1825 1816 1903 παραδοῦ·

248 1934 336 1968 ναι
350 1911 442 1969 τὸν
460 1909 683 1972 ὕπατον.
714 1911 1218 1988 Μεταπεμπομίνων
1238 1909 1293 1968 δὲ
1312 1913 1482 1969 αὐτῶν
1500 1911 1588 1968 τὸν
1608 1909 1819 1991 Περσέα

250 1999 393 2057 κατὰ
409 1998 575 2078 τάχος
593 2042 610 2069 ,
626 2003 655 2057 ὁ
679 1997 776 2074 μὲν
790 1997 1050 2066 Ὁστίλιος
1068 2000 1136 2076 (1)
1152 1996 1330 2055 λαὸὼν
1347 1997 1571 2078 ὑποψίαν
1596 2001 1818 2073 μετῆλθε

250 2084 465 2157 νυκτὸς,
498 2088 527 2143 ὁ
550 2083 605 2142 δὲ
636 2082 867 2163 Περσεὺς
888 2083 1179 2165 ὑστερηκὼς
1200 2087 1302 2142 τῶν
1332 2088 1547 2165 καιρῶν,
1582 2088 1677 2155 τῆς
1700 2084 1822 2163 περὶ

252 2172 341 2231 τὸν
365 2170 569 2231 ὕπατον
594 2170 895 2251 συλλήψεως
914 2170 1186 2250 ἀπέτυχεν.

338 2260 514 2318 vlu.
555 2256 691 2319 Ὅτι
715 2261 820 2317 τῶν
845 2259 1007 2338 φίλων
1040 2256 1369 2333 Πτολεμαίου
1396 2257 1663 2324 Διονύσιος
1682 2260 1712 2316 ὃ
1734 2281 1821 2316 κα·

256 2344 515 2422 λούμενος
547 2344 915 2425 Πετοσείραπις
942 2347 1005 2422 (1)
1037 2344 1370 2424 ἐπεχείρησεν
1406 2344 1820 2414 ἱξιδιοποιεῖσθαι

251 2432 319 2491 τὰ
357 2431 683 2511 πράγματα·
710 2431 851 2512 παρὸ
875 2431 963 2491 καὶ
996 2433 1061 2510 τῇ
1094 2431 1335 2512 βασιλείᾳ
1365 2432 1623 2509 μεγάλους
1657 2431 1822 2490 ‚eivsd-

253 2542 375 2585 νους
397 2518 760 2597 περιέστησεν·
787 2518 980 2598 ἰσχύων
1018 2518 1121 2599 γὰρ
1166 2519 1399 2596 μάλιστα
1433 2522 1538 2577 τῶν
1580 2518 1698 2596 περὶ
1724 2517 1819 2589 τὴν

254 2606 425 2676 αὐλὴν
466 2605 561 2665 καὶ
602 2606 810 2665 πάντων
850 2607 1149 2685 Αἰγυπτίων
1180 2604 1437 2685 προέχων,
1468 2610 1521 2665 ἐν
1553 2611 1657 2671 τοῖς
1683 2604 1822 2664 κατὰ

255 2693 496 2768 πόλεμον
524 2693 772 2759 κινδύνοις
795 2691 1146 2772 κατεφρόνησε
1172 2695 1277 2750 τῶν
1307 2691 1564 2770 βασιλέων
1592 2691 1821 2772 &peperi-(-

255 2805 361 2861 ρων
391 2781 481 2839 διά
512 2804 569 2839 τε
592 2779 684 2852 τὴν
713 2781 920 2852 ἡλικίαν
937 2780 1030 2839 καὶ
1056 2779 1152 2851 τὴν
1173 2780 1430 2860 ἀπειρίαν·
1455 2780 1821 2861 προσποιηθεὶς

253 2866 309 2925 δὲ
336 2867 441 2926 ὑπὸ
452 2872 542 2927 τοῦ
564 2866 914 2947 πρεσὸυτέρου
924 2866 1487 2947 παρακεκλῆσθαιπρὸς
1498 2866 1647 2946 φόνον
1667 2865 1825 2945 ἐμφύ·

252 2954 393 3027 λιον,
422 2953 641 3012 διέδωκε
652 2953 806 3030 λόγον
829 2955 900 3019 εἰς
923 2950 989 3009 τὰ
1009 2952 1183 3023 πλήθη
1198 2995 1215 3023 ,
1244 2951 1458 3031 φάσκων
1483 2951 1815 3011 ἕπιὸουλεύε-

255 3044 382 3098 σθαι
399 3040 488 3099 τὸν
521 3039 771 3118 νεώτερον
806 3041 1133 3115 Πτολεμαῖον
1164 3038 1265 3097 ὑπὸ
1292 3044 1383 3096 τοῦ
1412 3040 1657 3118 ἀδελφοῦ.
1686 3042 1820 3098 Συν·

250 3126 548 3205 δραμόντος
590 3124 644 3186 δὲ
672 3132 767 3186 τοῦ
800 3126 1026 3197 πλήθους
1053 3129 1125 3193 εἷς
1151 3124 1213 3184 τὸ
1241 3125 1472 3200 στάδιον,
1498 3125 1587 3185 καὶ
1616 3125 1827 3183 πάντων

213 3263 225 3270 .
247 3212 675 3294 παροξυνθέντων
702 3213 789 3273 ἐπὶ
829 3218 1069 3271 τοσοῦτον
1116 3214 1177 3289 (a)
1209 3209 1345 3270 ὥστε
1386 3214 1664 3292 ἐπιχειρεῖν
1705 3215 1826 3271 ἀνε-

1938 988 1992 1025 er
2024 989 2158 1038 spem
2184 981 2534 1040 recuperasset,
2557 979 2752 1029 fratrem
2780 993 2843 1029 ex
2863 979 3041 1029 insidiis
3063 980 3231 1029 tollere
3255 981 3475 1031 instituit.

1911 1074 2062 1137 idque
2083 1076 2266 1125 tactum
2297 1078 2386 1125 est.
2450 1078 2570 1126 Nam
2602 1079 2837 1127 Romulus
2858 1080 2907 1127 et
2931 1080 3109 1127 Remus
3126 1091 3237 1127 cum
3277 1080 3483 1141 pastori·

1913 1172 2005 1222 bus
2024 1208 2040 1234 ,
2072 1186 2198 1236 quos
2223 1174 2405 1225 auxilio
2436 1175 2813 1238 advocaverant,
2838 1177 3018 1239 regiam
3049 1176 3204 1227 adorti
3229 1178 3485 1239 fractisque

1912 1271 2065 1333 portis
2083 1272 2313 1335 ingressi,
2337 1274 2606 1324 resistentes
2632 1275 2855 1326 custodes
2882 1278 2932 1326 et
2958 1275 3132 1327 deinde
3160 1276 3317 1339 ipsum
3337 1276 3483 1326 etiam

1918 1371 2165 1422 Amulium
2183 1373 2539 1423 interfecerunt.

2309 1514 2391 1591 [s
2439 1515 2692 1575 ustus
2733 1516 3084 1593 xxx-xm

1971 1670 2080 1716 vn.
2101 1667 2303 1717 Hostilio
2326 1667 2520 1717 consule
2534 1670 2686 1717 Roma
2710 1668 2759 1717 in
2779 1669 2976 1731 Epirum
2990 1670 3205 1730 proiecto
3226 1704 3241 1729 ‚
3264 1667 3487 1721 Theodo-

1911 1766 1993 1813 tus
2010 1765 2060 1813 et
2092 1762 2433 1825 Philostratus,
2461 1765 2616 1814 Persei
2639 1764 2856 1827 partibus
2876 1763 3214 1826 addictissimi,
3251 1768 3348 1827 regi
3369 1766 3472 1815 tra·

1909 1866 2024 1916 dere
2046 1866 2292 1917 consulem
2306 1866 2581 1916 voluerunt.
2646 1867 2907 1918 confestim
2926 1867 3070 1931 igitur
3094 1871 3316 1917 Perseum
3330 1880 3485 1918 arces.

1908 1970 2041 2017 sunt.
2067 1971 2251 2018 Verum
2285 1967 2542 2027 Hostilius,
2561 1967 2760 2018 suborta
2777 1970 2845 2018 rei
2869 1969 3164 2031 suspicione,
3187 1972 3335 2019 noctu
3361 1970 3488 2019 clam

1911 2071 2140 2121 abscessit
2153 2107 2168 2131 ,
2194 2084 2252 2120 ac
2271 2074 2471 2122 Perseus
2487 2085 2594 2122 sero
2607 2072 2804 2122 veniens
2825 2072 3257 2135 comprehendendi
3277 2074 3486 2124 consulis

1912 2175 2319 2238 opportunitatem
2347 2174 2521 2225 amisit.

1980 2277 2107 2341 ῩΙΙΙ.
2129 2276 2397 2337 Dionysius,
2416 2289 2562 2339 quem
2573 2276 2875 2337 Petosarapin
2891 2278 3081 2336 vocant,
3102 2288 3228 2325 unus
3249 2275 3489 2326 examicis

1916 2372 2165 2423 Ptolernoei
2181 2409 2195 2434 ,
2228 2385 2468 2422 summam
2509 2385 2669 2422 rerum
2715 2371 2777 2421 ad
2815 2385 2868 2421 se
2907 2372 3181 2435 pertrahere
3219 2372 3487 2422 constituit.

1920 2468 2058 2519 Unde
2095 2468 2147 2518 tn
2185 2481 2357 2531 magna
2397 2468 2576 2531 regiam
2616 2470 2900 2530 potestatem
2949 2467 3223 2519 discrimina
3267 2467 3488 2528 conjecit.

1919 2566 2106 2615 Etenim
2129 2564 2254 2614 inter
2284 2565 2468 2614 aulicos
2489 2565 2675 2627 pollens
2704 2576 2852 2626 quam
2881 2564 3142 2626 plurimum
3172 2563 3487 2625 omniumque

1917 2657 2245 2721 ,Egyptiorum
2261 2657 2397 2707 facile
2418 2658 2663 2720 princeps,
2683 2658 2733 2707 in
2747 2657 2968 2720 periculis
2985 2657 3168 2707 bellicis
3198 2660 3486 2721 contempsit

1924 2769 2085 2818 regem
2104 2757 2364 2818 utrumque
2386 2755 2450 2805 ob
2475 2754 2780 2816 iuventutem
2799 2757 2850 2806 et
2866 2754 3169 2818 imperitiam.
3205 2758 3329 2805 Tum
3348 2756 3494 2818 igitur

1922 2848 2182 2900 simulabat
2202 2861 2254 2898 se
2279 2860 2308 2896 a
2332 2847 2590 2896 Ptolemaeo
2612 2849 2797 2896 seniore
2817 2847 2880 2896 ad
2902 2846 3082 2896 medem
3102 2847 3290 2896 civilem
3315 2860 3517 2913 μονα·-

1922 2946 2086 2992 catum
2108 2954 2209 2991 esse
2224 2977 2238 3001 ,
2257 2953 2315 2989 ac
2333 2953 2577 2989 rumorem
2609 2940 2735 2988 inter
2765 2940 2935 3000 vulgus
2955 2938 3206 3001 spargebat
3235 2938 3296 2988 de
3316 2939 3497 2988 insidiis

1917 3048 2031 3098 quas
2045 3034 2221 3096 juniori
2246 3033 2505 3083 Ptolemaeo
2527 3045 2556 3081 a
2582 3033 2727 3081 fratre
2751 3034 3069 3081 struerentur.
3136 3028 3208 3080 Ad
3235 3031 3340 3080 haec
3370 3044 3490 3080 con·

1919 3129 2143 3177 cursante
2156 3106 2205 3176 in
2219 3126 2426 3175 stadium
2437 3124 2895 3186 multitudine,adeo
2905 3124 3066 3173 cuncti
3075 3124 3345 3174 exaoerbati
3359 3126 3491 3185 sunt,

1922 3224 1980 3271 ut
1996 3221 2229 3271 seniorem
2250 3221 2445 3269 fratrem
2481 3219 2543 3269 de
2572 3218 2731 3267 medio
2759 3218 2926 3268 tollere
2948 3221 2998 3268 et
3016 3218 3196 3279 juniori
3215 3217 3404 3267 tradere
3422 3230 3493 3266 re·

318 3381 409 3428 vi.
446 3380 557 3429 Fal.
582 3386 699 3437 180,
719 3384 747 3429 5
770 3404 833 3414 —
863 3384 916 3427 10
943 3390 992 3427 r.
1011 3407 1075 3419 —
1097 3378 1426 3441 στερηθεὶς]
1458 3380 1677 3441 στεριθεὶς
1703 3378 1878 3428 codex.
1904 3381 1961 3428 ln
1984 3378 2078 3427 fine
2110 3376 2358 3439 ingruenti
2377 3375 2438 3425 de
2477 3388 2585 3425 meo
2604 3374 2763 3424 addidi
2795 3387 2963 3424 vocem
2984 3392 3089 3430 τους
3109 3375 3299 3424 uncinis
3324 3373 3493 3423 distin-

251 3454 403 3499 ctam.
435 3449 514 3497 Ct'.
541 3447 738 3497 Diodor.
767 3449 911 3509 (vn,
933 3454 961 3497 3
979 3460 1037 3509 a,
1062 3448 1153 3505 ¹2)
1178 3460 1257 3508 ap.
1280 3447 1454 3495 Euseb.
1475 3447 1655 3497 Chron.
1679 3461 1726 3510 p.
1754 3455 1863 3498 2¹2.

314 3519 428 3566 Vll.
462 3517 575 3567 Fol.
617 3522 730 3575 180,
756 3523 933 3565 u-to
965 3529 1013 3565 r.
1047 3515 1255 3565 Uberius
1291 3528 1394 3565 rem
1430 3519 1592 3566 narrat
1625 3517 1854 3578 Polybius
1886 3518 2036 3579 (Exc.
2062 3515 2171 3564 vai.
2188 3515 2393 3573 xxvii,
2428 3514 2538 3574 14),
2570 3525 2716 3573 quem
2744 3512 2791 3561 in
2816 3512 3076 3574 posteriore
3103 3512 3197 3560 hac
3227 3512 3384 3573 operis
3409 3512 3489 3560 sui

258 3590 399 3649 parte
430 3585 704 3635 exscribere
725 3587 847 3635 solet
874 3585 1126 3635 Diodorus.
1161 3586 1312 3635 Aulus
1337 3585 1564 3635 Hostilius
1589 3587 1786 3647 (consul
1822 3585 1899 3634 01.
1932 3591 2048 3645 152,
2069 3590 2115 3634 3.
2144 3585 2283 3643 170.)
2316 3583 2367 3632 in
2396 3582 2694 3637 Thessaliam
2716 3579 2778 3631 ad
2810 3585 3077 3632 exercitum
3110 3583 3412 3644 profecturus
3443 3582 3492 3630 in

258 3661 466 3720 Epirum
488 3658 714 3716 verterat,
736 3656 817 3705 ubi
838 3656 967 3718 apud
992 3658 1239 3705 Nestorem
1256 3654 1523 3705 diversatus
1538 3660 1626 3705 est.
1653 3659 1698 3707 ls
1719 3655 1836 3719 quid
1862 3653 2151 3704 molirentur
2170 3652 2447 3703 Theodotus
2475 3656 2524 3701 et
2555 3652 2874 3701 Philostratus
2892 3651 3120 3701 odoratus
3134 3688 3148 3711 ,
3176 3652 3350 3714 hospiti
3387 3664 3491 3700 rem

254 3725 520 3785 indicavit,
557 3724 643 3786 qui
674 3724 923 3772 confestim
963 3724 1132 3773 itinere
1163 3737 1248 3786 per
1279 3724 1473 3786 Epirum
1500 3723 1699 3784 relicto,
1732 3723 1844 3773 navi
1871 3724 2151 3786 Anticyram
2187 3725 2355 3772 vectus
2385 3722 2592 3784 indeque
2618 3722 2667 3770 in
2689 3722 2982 3771 Thessaliam
3009 3723 3199 3771 solvens
3219 3721 3492 3784 periculum

254 3794 426 3844 evasit.
461 3795 804 3853 Fragmentum
824 3793 1097 3855 ponendum
1130 3796 1235 3855 post
1261 3806 1366 3855 cap.
1390 3795 1433 3841 V
1455 3792 1535 3841 lib.
1559 3795 1706 3842 xxx.
1739 3796 1969 3843 ceterum
2002 3794 2240 3855 Excerpta
2260 3792 2650 3842 constantiniana
2673 3792 2828 3840 multo
2858 3792 3079 3840 uberiora
3112 3792 3281 3851 ruisse,
3314 3804 3404 3841 nec
3437 3795 3493 3840 ut

258 3866 494 3913 Nostrum
516 3861 710 3911 illorum
735 3864 1083 3923 Excerptorum
1107 3863 1490 3915 abbreviatorem
1516 3875 1545 3910 a
1566 3861 1647 3911 lib.
1693 3865 1785 3913 vu
1804 3863 1867 3912 ad
1884 3866 2018 3913 xxx
2042 3862 2219 3912 librum
2257 3862 2453 3912 Diodori
2484 3863 2777 3912 transiluisse
2820 3865 2968 3924 patet.
2987 3888 3050 3898 —
3070 3869 3089 3911 1
3113 3864 3140 3910 ὀ
3163 3863 3268 3923 μιν
3286 3863 3344 3911 ‘0
3359 3863 3490 3911 στί-

258 3931 421 3995 λιος]
451 3934 481 3981 ὁ
504 3933 553 3980 δὲ
576 3932 785 3987 ἀστὶλιοι.
807 3932 979 3981 codex.

320 4006 457 4052 viii.
490 4002 601 4051 Fot.
626 4006 713 4050 180
731 4038 747 4062 ,
776 4008 829 4051 to
849 4007 1117 4063 r.—180,
1144 4007 1202 4051 16
1223 4012 1273 4049 v.
1293 4026 1357 4037 —
1381 4005 1423 4051 i.
1446 4001 1898 4066 Πετοσάροιπις]
1917 4001 1996 4051 sic
2031 4015 2119 4063 pro
2137 4002 2452 4065 πετοσάρατης
2481 4002 2646 4065 scripsi
2669 4002 2729 4051 ad
2761 4002 3121 4052 similitudinem
3153 4001 3360 4050 nominis
3396 4004 3490 4051 lis·

258 4072 433 4134 τόσιρις
450 4106 464 4129 ,
494 4070 716 4118 aliorum.
750 4073 844 4119 Pet
866 4072 940 4120 vei
958 4075 1110 4134 pelen
1146 4070 1381 4131 significat
1405 4074 1668 4133 percinens
1691 4071 1763 4120 ad
1795 4073 1896 4121 :ita
1916 4074 1973 4119 ut
2000 4072 2294 4133 Petosarapis
2309 4072 2370 4120 sit
2385 4074 2647 4132 pertinens
2671 4070 2744 4119 ad
2769 4074 3024 4133 Sarapin,
3044 4082 3157 4131 quae
3176 4072 3248 4118 est
3266 4070 3489 4129 iuterpre-

262 4142 387 4190 tatio
422 4139 567 4200 graeci
594 4139 801 4188 nominis
822 4142 1077 4195 Διονύσιος.
1109 4142 1203 4189 Pro
1220 4140 1384 4202 Sarapi
1398 4176 1413 4200 ,
1435 4142 1600 4202 utpote
1616 4141 1708 4191 deo
1723 4141 1900 4201 insero,
1922 4141 2033 4201 poni
2057 4140 2201 4190 etiam
2224 4140 2381 4202 potuit
2403 4143 2668 4201 Αηιεηίεε,
2694 4153 2793 4202 quo
2812 4140 3005 4189 nomine
3033 4142 3281 4200 Dionysus
3306 4151 3491 4200 groecus

262 4210 553 4272 exprimitur
579 4209 626 4257 in
661 4210 1005 4271 inscriptione(
1028 4213 1278 4269 Letronne,
1301 4212 1638 4271 tusci-iptions
1662 4223 1743 4272 ον.
1776 4215 1828 4260 ec
1859 4212 1960 4261 lat.
1990 4210 2054 4259 de
2076 4203 2330 4272 1’12‘9ypee,
2365 4212 2417 4270 l,
2444 4212 2600 4269 390),
2619 4209 2701 4258 ubi
2743 4229 2756 4259 z
2784 4211 3158 4272 Πετεμπαμέντιι
3179 4213 3247 4270 τῷ
3269 4211 3349 4257 καὶ
3377 4214 3488 4257 Διο-

262 4282 422 4341 νύσῳ,
450 4280 723 4337 ΙΙετενο-ἡτει
758 4285 828 4341 τῷ
862 4282 942 4329 καὶ
965 4283 1112 4344 Ἑρμῆ
1142 4281 1242 4328 κτλ.
1266 4282 1496 4329 Ceterum
1513 4279 1575 4327 de
1600 4280 1824 4342 Dionysio
1843 4280 1935 4328 hoc
1957 4280 2150 4329 aliunde
2173 4293 2269 4329 non
2291 4283 2492 4329 constat.
2523 4281 2807 4329 Ptolemaeos
2829 4280 3039 4341 intellige
3058 4279 3181 4327 filios
3205 4278 3487 4339 Epiphauis,

266 4350 643 4399 philometorem
661 4352 711 4399 et
736 4352 996 4411 Euergeten
1020 4354 1058 4400 ll
1078 4351 1181 4399 sive
1202 4351 1515 4412 Physconem.
1539 4352 1611 4399 Ex
1629 4351 1787 4401 verbis
1803 4350 2115 4411 κατεφρόνησε
2133 4354 2228 4399 τῶν
2247 4351 2478 4413 βασιλέων
2498 4350 2764 4412 ἀμφοτέρων
2783 4351 2833 4398 et
2855 4349 3102 4412 ἀμφότεροι
3123 4340 3366 4411 βασιλΙικὰς
3380 4349 3488 4398 ἀνα-

265 4417 489 4472 λαβόντες
507 4418 675 4473 στολὰς
689 4454 703 4477 ,
723 4419 960 4480 colligitur
982 4418 1041 4468 de
1061 4420 1152 4469 illis
1175 4418 1473 4481 temporibus
1498 4420 1572 4481 agi
1586 4455 1601 4481 ,
1625 4420 1800 4482 quibus
1827 4419 2034 4480 iunctim
2062 4421 2231 4468 iratres
2253 4419 2532 4480 regnabant.
2565 4420 2722 4467 Verba
2741 4418 2995 4481 ἐγχειρίσαι
3015 4418 3065 4466 δὲ
3085 4422 3155 4479 τῷ
3177 4418 3389 4480 νεωτέρῳ
3406 4422 3490 4475 τὴν

268 4486 515 4549 βασιλείαν
539 4486 606 4534 ita
622 4486 977 4548 interpretanda
1005 4491 1144 4547 sunt,
1170 4492 1225 4538 ut
1256 4487 1560 4537 Alexandrini
1582 4490 1740 4538 occiso
1764 4490 2082 4539 Philometore
2104 4489 2163 4537 ad
2185 4502 2334 4537 unum
2358 4489 2651 4551 Physconem
2678 4500 2875 4553 regnum
2903 4488 3161 4536 transferre
3183 4486 3390 4535 voluisse
3410 4488 3486 4536 di·

267 4562 461 4606 untur.
491 4562 557 4604 Αο
578 4556 797 4606 similiter
813 4558 1119 4608 statuendum
1138 4558 1200 4608 de
1220 4559 1380 4608 verbis
1400 4572 1414 4606 ι
1434 4560 1809 4622 παραλαμὸάνειν
1833 4560 2047 4610 insicum
2065 4562 2120 4609 τὸ
2143 4560 2345 4621 διάδημα
2376 4562 2479 4608 κτλ.
2503 4559 2791 4621 Porphyrius
2812 4571 2888 4620 ap.
2917 4557 3089 4607 Euseb.
3111 4570 3160 4619 p.
3186 4564 3273 4606 tto
3290 4557 3368 4607 ed.
3396 4560 3487 4608 litai

271 4623 370 4680 (εἰ.
397 4622 614 4672 clinton.
656 4626 710 4673 F.
744 4626 803 4673 ll.
820 4626 941 4673 tom.
980 4629 1079 4687 111,
1102 4640 1152 4689 p.
1176 4633 1284 4678 319.
1320 4634 1437 4687 3863
1465 4630 1751 4678 Leti-annius
1771 4630 1805 4679 1.
1828 4631 1860 4679 l.
1894 4634 2014 4681 tom.
2045 4633 2093 4690 1,
2120 4644 2167 4692 p.
2199 4635 2254 4678 19
2285 4632 2428 4691 sqq.)
2455 4629 2841 4690 tratresjunetim
2865 4629 3349 4690 regnassetestatura
3379 4630 3489 4678 Phi·

270 4694 518 4743 lor-eteris
540 4693 814 4755 regnianuo
840 4695 1122 4747 duodecimo
1146 4711 1297 4760 usque
1315 4697 1379 4747 ad
1398 4698 1639 4749 decimum
1660 4700 1944 4761 septimum,
1962 4703 2062 4751 sive
2087 4699 2150 4748 ab
2169 4700 2359 4760 Olymp.
2389 4706 2472 4748 152
2488 4735 2503 4759 ,
2528 4706 2738 4759 3-153,
2766 4701 2813 4748 4.
2842 4701 3083 4748 170-1115
3101 4709 3145 4745 a.
3174 4698 3228 4745 c.
3253 4697 3385 4746 idem
3403 4711 3488 4747 sex

271 4775 513 4811 annorum
535 4764 751 4824 spatium
777 4764 915 4814 nob‘u
935 4766 1206 4816 concedunt
1226 4766 1490 4829 fragmenta
1517 4772 1604 4819 vll
1630 4773 1680 4818 et
1698 4772 1766 4819 lx
1786 4806 1801 4830 ,
1828 4784 2040 4833 quorum
2061 4770 2179 4821 iilud
2197 4770 2257 4819 ad
2275 4784 2354 4821 an.
2380 4776 2465 4822 170
2484 4808 2498 4832 ,
2519 4772 2611 4820 hoc
2628 4771 2688 4819 ad
2708 4784 2787 4819 an.
2814 4777 2899 4820 165
2925 4770 3376 4831 pertinet.ceterum
3403 4783 3487 4832 per

270 4844 424 4881 annos
442 4836 650 4882 170-188
666 4846 833 4881 revera
852 4847 976 4884 nutis
1000 4837 1214 4899 Physcon
1228 4836 1375 4886 trater
1388 4838 1545 4887 minor
1563 4839 1791 4901 regnavit,
1810 4853 1958 4902 quem
1976 4839 2282 4890 Alexandrini
2299 4878 2314 4903 ,
2335 4845 2586 4904 postquam
2608 4841 2899 4891 Philometor
2918 4839 3041 4887 inter
3059 4839 3252 4889 casium
3271 4843 3484 4889 montem

272 4904 323 4949 et
354 4901 600 4952 Pelusium
632 4901 698 4949 ab
720 4902 959 4951 Antiocho
984 4905 1226 4967 Epiphane
1258 4906 1427 4967 proelio
1450 4908 1607 4965 victus
1628 4911 1763 4969 erat,
1790 4922 1947 4972 regem
1971 4909 2060 4959 sibi
2091 4911 2439 4960 constituerant
2462 4912 2610 4972 (170).
2643 4914 2770 4961 'rum
2804 4909 3099 4959 Philometor
3131 4909 3177 4957 vi
3201 4921 3486 4970 recuperare

277 4984 498 5032 regnum,
514 4970 774 5031 instigante
792 4975 841 5020 et
855 4972 1054 5033 ,iuvante
1072 4976 1307 5024 Antiocho
1319 5010 1335 5036 ,
1352 4978 1574 5027 tentavit.
1596 4981 1709 5031 Mox
1726 4992 1876 5040 quum
1895 4978 2188 5029 Philometor
2199 4982 2250 5028 et
2270 4979 2488 5041 Physcon
2506 4981 2556 5030 et
2576 4979 2664 5041 ipsi
2689 4978 2998 5029 Alexandrini
3020 4978 3217 5027 consilia
3241 4978 3481 5037 Antiochi,

276 5044 438 5103 utpote
472 5042 662 5104 AEgypfi
692 5054 893 5101 reguum
915 5043 1208 5103 affectantis,
1238 5044 1611 5107 perspexissent,
1639 5045 1700 5095 de
1720 5059 1838 5107 pace
1863 5047 1986 5097 inter
2009 5048 2178 5097 fratres
2199 5049 2455 5109 convenit,
2487 5052 2538 5098 et
2570 5048 2909 5098 Alexandriam
2942 5060 3161 5098 reversus
3189 5047 3483 5097 Philometor

280 5122 377 5159 una
394 5122 507 5158 cum
530 5112 785 5171 Physcone
802 5110 1016 5169 regnavit
1039 5114 1149 5171 (an.
1178 5120 1262 5161 168
1277 5114 1308 5173 ).
1329 5114 1535 5169 Quando
1552 5118 1659 5163 orta
1671 5114 1733 5163 sit
1753 5115 2006 5177 discordia,
2018 5131 2115 5178 qua
2133 5116 2448 5168 ellectum‘est
2467 5122 2522 5168 ut
2543 5117 2650 5180 (01.
2677 5125 2779 5180 153,
2799 5122 2845 5167 4.
2861 5118 2971 5183 sti)
2994 5118 3284 5168 Philometor
3297 5130 3324 5164 a
3341 5117 3485 5166 fratrs

278 5182 457 5230 minore
478 5194 628 5243 regno
648 5179 910 5242 pelleretur
930 5181 945 5238 (
965 5181 1155 5232 Diodor.
1177 5186 1327 5233 xxxi
1344 5218 1359 5242 ,
1386 5186 1468 5243 18)
1486 5221 1501 5246 ,
1519 5185 1678 5234 dicere
1698 5199 1793 5234 non
1812 5186 1983 5235 habeo.
2009 5189 2137 5236 inter
2161 5188 2370 5237 fautores
2389 5190 2492 5249 ejus
2509 5191 2661 5250 ipsum
2685 5192 2903 5238 nostrum
2929 5186 3207 5249 Dionysium
3233 5199 3483 5236 numerare

280 5250 399 5305 licet.
423 5254 546 5309 Quae
570 5251 632 5300 de
656 5263 718 5299 eo
742 5252 1000 5299 narrantur
1022 5251 1264 5302 referenda
1287 5254 1477 5304 suntad
1502 5268 1581 5305 an.
1612 5259 1693 5305 167
1724 5256 1796 5305 vel
1829 5261 1926 5306 166.
1959 5258 2294 5318 Fragmentum
2319 5258 2596 5309 inseruerim
2622 5262 2726 5321 post
2745 5259 2827 5309 lib.
2855 5260 3041 5317 xxxi,
3067 5270 3110 5305 c.
3141 5263 3209 5305 15.
3236 5280 3299 5292 -
3322 5263 3364 5305 2.
3391 5271 3481 5305 το-
