<?xml version="1.0" encoding="UTF-8"?>
<!DOCTYPE html PUBLIC "-//W3C//DTD XHTML 1.0 Transitional//EN"
    "http://www.w3.org/TR/xhtml1/DTD/xhtml1-transitional.dtd">
<html xmlns="http://www.w3.org/1999/xhtml" xml:lang="en" lang="en">
 <head>
  <title>
</title>
<meta http-equiv="Content-Type" content="text/html;charset=utf-8" />
  <meta name='ocr-system' content='tesseract 3.04.00' />
  <meta name='ocr-capabilities' content='ocr_page ocr_carea ocr_par ocr_line ocrx_word'/>
</head>
<body>
  <div class='ocr_page' id='page_1' title='image "./fragmentahistor03unkngoog_0103.png"; bbox 0 0 3900 6042; ppageno 0'>
   <div class='ocr_carea' id='block_1_1' title="bbox 540 470 622 521">
    <p class='ocr_par' dir='ltr' id='par_1_1' title="bbox 540 470 622 521">
     <span class='ocr_line' id='line_1_1' title="bbox 540 470 622 521; baseline 0.012 -1"><span class='ocrx_word' id='word_1_1' title='bbox 540 470 622 521; x_wconf 68' lang='lat'><strong>⁴6</strong></span> 
     </span>
    </p>
   </div>
   <div class='ocr_carea' id='block_1_2' title="bbox 1937 451 2337 514">
    <p class='ocr_par' dir='ltr' id='par_1_2' title="bbox 1937 451 2337 514">
     <span class='ocr_line' id='line_1_2' title="bbox 1937 451 2337 514; baseline 0 -4"><span class='ocrx_word' id='word_1_2' title='bbox 1937 451 2145 514; x_wconf 80' lang='lat' dir='ltr'><strong>10le</strong></span> <span class='ocrx_word' id='word_1_3' title='bbox 2180 451 2337 510; x_wconf 86' lang='lat' dir='ltr'><strong>Cllll</strong></span> 
     </span>
    </p>
   </div>
   <div class='ocr_carea' id='block_1_3' title="bbox 536 573 3741 663">
    <p class='ocr_par' dir='ltr' id='par_1_3' title="bbox 536 573 3741 663">
     <span class='ocr_line' id='line_1_3' title="bbox 536 573 3741 663; baseline -0.005 -16"><span class='ocrx_word' id='word_1_4' title='bbox 536 589 738 659; x_wconf 88' lang='grc' dir='ltr'><strong>ζαντίου</strong></span> <span class='ocrx_word' id='word_1_5' title='bbox 768 584 987 652; x_wconf 87' lang='grc' dir='ltr'><strong>πολλους</strong></span> <span class='ocrx_word' id='word_1_6' title='bbox 1013 587 1115 642; x_wconf 87' lang='grc' dir='ltr'><strong>τῶν</strong></span> <span class='ocrx_word' id='word_1_7' title='bbox 1146 582 1424 663; x_wconf 69' lang='grc' dir='ltr'><strong>βαρόάρων</strong></span> <span class='ocrx_word' id='word_1_8' title='bbox 1451 579 1816 659; x_wconf 76' lang='grc' dir='ltr'>αἰχμαλώτους</span> <span class='ocrx_word' id='word_1_9' title='bbox 1838 579 2084 644; x_wconf 68' lang='grc' dir='ltr'><strong>λαὸόντες</strong></span> <span class='ocrx_word' id='word_1_10' title='bbox 2171 577 2298 658; x_wconf 86' lang='grc' dir='ltr'><strong>ψίαν</strong></span> <span class='ocrx_word' id='word_1_11' title='bbox 2326 577 2683 654; x_wconf 74' lang='grc' dir='ltr'><strong>ἀναμεμῖχθαι</strong></span> <span class='ocrx_word' id='word_1_12' title='bbox 2710 575 2800 634; x_wconf 75' lang='grc' dir='ltr'><strong>καὶ</strong></span> <span class='ocrx_word' id='word_1_13' title='bbox 2830 573 3194 655; x_wconf 62' lang='grc' dir='ltr'>περιφρόνησιν</span> <span class='ocrx_word' id='word_1_14' title='bbox 3219 577 3320 633; x_wconf 86' lang='grc' dir='ltr'><strong>τῶν</strong></span> <span class='ocrx_word' id='word_1_15' title='bbox 3346 573 3551 633; x_wconf 76' lang='grc' dir='ltr'><strong>ἄλλων·</strong></span> <span class='ocrx_word' id='word_1_16' title='bbox 3577 574 3741 633; x_wconf 76' lang='grc' dir='ltr'><strong>ἔπαι·</strong></span> 
     </span>
    </p>
   </div>
   <div class='ocr_carea' id='block_1_4' title="bbox 536 664 2101 2667">
    <p class='ocr_par' dir='ltr' id='par_1_4' title="bbox 536 664 2099 2234">
     <span class='ocr_line' id='line_1_4' title="bbox 537 664 2083 752; baseline -0.007 -17"><span class='ocrx_word' id='word_1_17' title='bbox 537 679 584 735; x_wconf 75' lang='grc' dir='ltr'><strong>οἱ</strong></span> <span class='ocrx_word' id='word_1_18' title='bbox 603 675 876 752; x_wconf 74' lang='grc' dir='ltr'><strong>σύμμαχοι</strong></span> <span class='ocrx_word' id='word_1_19' title='bbox 894 675 969 730; x_wconf 86' lang='grc' dir='ltr'><strong>τῶ</strong></span> <span class='ocrx_word' id='word_1_20' title='bbox 990 673 1083 749; x_wconf 82' lang='grc' dir='ltr'><strong>μὲν</strong></span> <span class='ocrx_word' id='word_1_21' title='bbox 1102 671 1308 747; x_wconf 86' lang='grc' dir='ltr'><strong>Κίμωνι</strong></span> <span class='ocrx_word' id='word_1_22' title='bbox 1327 671 1588 744; x_wconf 84' lang='grc' dir='ltr'><strong>διανεῖμαι</strong></span> <span class='ocrx_word' id='word_1_23' title='bbox 1607 667 1963 747; x_wconf 79' lang='grc' dir='ltr'><strong>προσέταξαν,</strong></span> <span class='ocrx_word' id='word_1_24' title='bbox 1986 670 2014 722; x_wconf 89' lang='lat'><strong>6</strong></span> <span class='ocrx_word' id='word_1_25' title='bbox 2030 664 2083 724; x_wconf 80' lang='grc' dir='ltr'><strong>δὲ</strong></span> 
     </span>
     <span class='ocr_line' id='line_1_5' title="bbox 536 753 2087 842; baseline -0.005 -23"><span class='ocrx_word' id='word_1_26' title='bbox 536 761 698 842; x_wconf 76' lang='grc' dir='ltr'><strong>χωρὶς</strong></span> <span class='ocrx_word' id='word_1_27' title='bbox 722 760 817 837; x_wconf 72' lang='grc' dir='ltr'><strong>μιν</strong></span> <span class='ocrx_word' id='word_1_28' title='bbox 840 758 1041 830; x_wconf 79' lang='grc' dir='ltr'><strong>αὐτους,</strong></span> <span class='ocrx_word' id='word_1_29' title='bbox 1054 758 1215 838; x_wconf 76' lang='grc' dir='ltr'><strong>χωρὶς</strong></span> <span class='ocrx_word' id='word_1_30' title='bbox 1238 757 1293 815; x_wconf 75' lang='grc' dir='ltr'><strong>δὲ</strong></span> <span class='ocrx_word' id='word_1_31' title='bbox 1311 755 1398 815; x_wconf 80' lang='grc' dir='ltr'><strong>τὸν</strong></span> <span class='ocrx_word' id='word_1_32' title='bbox 1413 778 1533 835; x_wconf 85' lang='grc' dir='ltr'><strong>περι</strong></span> <span class='ocrx_word' id='word_1_33' title='bbox 1546 778 1650 821; x_wconf 92' lang='grc' dir='ltr'><strong>τοις</strong></span> <span class='ocrx_word' id='word_1_34' title='bbox 1664 753 1871 828; x_wconf 77' lang='grc' dir='ltr'><strong>σώμασι</strong></span> <span class='ocrx_word' id='word_1_35' title='bbox 1890 754 2087 829; x_wconf 78' lang='grc' dir='ltr'><strong>κόσμον</strong></span> 
     </span>
     <span class='ocr_line' id='line_1_6' title="bbox 541 840 2087 925; baseline -0.006 -18"><span class='ocrx_word' id='word_1_36' title='bbox 541 852 712 908; x_wconf 77' lang='grc' dir='ltr'><strong>αὐτῶν</strong></span> <span class='ocrx_word' id='word_1_37' title='bbox 745 848 958 921; x_wconf 78' lang='grc' dir='ltr'><strong>ἔθηκεν,</strong></span> <span class='ocrx_word' id='word_1_38' title='bbox 983 850 1205 925; x_wconf 75' lang='grc' dir='ltr'><strong>ᾐτιῶντο</strong></span> <span class='ocrx_word' id='word_1_39' title='bbox 1226 845 1321 916; x_wconf 86' lang='grc' dir='ltr'><strong>τὴν</strong></span> <span class='ocrx_word' id='word_1_40' title='bbox 1351 841 1647 921; x_wconf 64' lang='grc' dir='ltr'><strong>διανομὴν“</strong></span> <span class='ocrx_word' id='word_1_41' title='bbox 1617 867 1688 909; x_wconf 89' lang='grc' dir='ltr'><strong>ως</strong></span> <span class='ocrx_word' id='word_1_42' title='bbox 1711 843 1905 900; x_wconf 78' lang='grc' dir='ltr'><strong>ἄνισον.</strong></span> <span class='ocrx_word' id='word_1_43' title='bbox 1936 841 2005 900; x_wconf 82' lang='lat'><strong>‘0</strong></span> <span class='ocrx_word' id='word_1_44' title='bbox 2030 840 2087 898; x_wconf 74' lang='grc' dir='ltr'><strong>δὲ</strong></span> 
     </span>
     <span class='ocr_line' id='line_1_7' title="bbox 539 927 2086 1017; baseline -0.008 -21"><span class='ocrx_word' id='word_1_45' title='bbox 539 941 642 996; x_wconf 86' lang='grc' dir='ltr'><strong>τῶν</strong></span> <span class='ocrx_word' id='word_1_46' title='bbox 657 935 879 1017; x_wconf 78' lang='grc' dir='ltr'><strong>μερίδων</strong></span> <span class='ocrx_word' id='word_1_47' title='bbox 903 933 1167 993; x_wconf 77' lang='grc' dir='ltr'><strong>ἐκέλευσεν</strong></span> <span class='ocrx_word' id='word_1_48' title='bbox 1192 930 1376 998; x_wconf 72' lang='grc' dir='ltr'><strong>αὐτους</strong></span> <span class='ocrx_word' id='word_1_49' title='bbox 1394 929 1601 990; x_wconf 74' lang='grc' dir='ltr'><strong>ἑλέσθαι</strong></span> <span class='ocrx_word' id='word_1_50' title='bbox 1619 929 1713 1000; x_wconf 76' lang='grc' dir='ltr'><strong>τὴν</strong></span> <span class='ocrx_word' id='word_1_51' title='bbox 1727 927 1933 1008; x_wconf 71' lang='grc' dir='ltr'><strong>ἑτέραν,</strong></span> <span class='ocrx_word' id='word_1_52' title='bbox 1948 927 2014 999; x_wconf 76' lang='grc' dir='ltr'><strong>ἣν</strong></span> <span class='ocrx_word' id='word_1_53' title='bbox 2039 928 2086 985; x_wconf 89' lang='grc' dir='ltr'><strong>δ</strong></span> 
     </span>
     <span class='ocr_line' id='line_1_8' title="bbox 541 1014 2089 1096; baseline -0.006 -13"><span class='ocrx_word' id='word_1_54' title='bbox 541 1023 604 1083; x_wconf 71' lang='grc' dir='ltr'><strong>ἂν</strong></span> <span class='ocrx_word' id='word_1_55' title='bbox 624 1027 807 1083; x_wconf 78' lang='grc' dir='ltr'><strong>ἐκεῖνοι</strong></span> <span class='ocrx_word' id='word_1_56' title='bbox 821 1018 1177 1080; x_wconf 79' lang='grc' dir='ltr'><strong>καταλίπωσιν</strong></span> <span class='ocrx_word' id='word_1_57' title='bbox 1199 1017 1489 1096; x_wconf 80' lang='grc' dir='ltr'><strong>ἀγαπήσειν</strong></span> <span class='ocrx_word' id='word_1_58' title='bbox 1510 1016 1825 1087; x_wconf 83' lang='grc' dir='ltr'><strong>’.Αθηναίους</strong></span> <span class='ocrx_word' id='word_1_59' title='bbox 1849 1018 1910 1092; x_wconf 75' lang='lat' dir='ltr'><strong>(a)</strong></span> <span class='ocrx_word' id='word_1_60' title='bbox 1928 1014 1998 1074; x_wconf 83' lang='lat' dir='ltr'>H</span> <span class='ocrx_word' id='word_1_61' title='bbox 2006 1037 2089 1093; x_wconf 87' lang='grc' dir='ltr'><strong>ρο·</strong></span> 
     </span>
     <span class='ocr_line' id='line_1_9' title="bbox 543 1101 2092 1191; baseline -0.006 -22"><span class='ocrx_word' id='word_1_62' title='bbox 543 1111 700 1191; x_wconf 80' lang='grc' dir='ltr'><strong>φύτου</strong></span> <span class='ocrx_word' id='word_1_63' title='bbox 715 1108 771 1167; x_wconf 69' lang='grc' dir='ltr'><strong>δὲ</strong></span> <span class='ocrx_word' id='word_1_64' title='bbox 783 1131 871 1167; x_wconf 90' lang='grc' dir='ltr'><strong>του</strong></span> <span class='ocrx_word' id='word_1_65' title='bbox 839 1106 1095 1183; x_wconf 62' lang='lat' dir='ltr'><strong>”Emptam</strong></span> <span class='ocrx_word' id='word_1_66' title='bbox 1109 1104 1590 1182; x_wconf 75' lang='grc' dir='ltr'><strong>συμὸουλεύσαντος</strong></span> <span class='ocrx_word' id='word_1_67' title='bbox 1606 1105 1859 1181; x_wconf 76' lang='grc' dir='ltr'><strong>αἱρεῖσθαι</strong></span> <span class='ocrx_word' id='word_1_68' title='bbox 1873 1101 1936 1160; x_wconf 76' lang='grc' dir='ltr'><strong>τὰ</strong></span> <span class='ocrx_word' id='word_1_69' title='bbox 1956 1105 2092 1182; x_wconf 80' lang='grc' dir='ltr'><strong>Περ·</strong></span> 
     </span>
     <span class='ocr_line' id='line_1_10' title="bbox 544 1187 2092 1275; baseline -0.006 -19"><span class='ocrx_word' id='word_1_70' title='bbox 544 1201 649 1257; x_wconf 88' lang='grc' dir='ltr'><strong>σῶν</strong></span> <span class='ocrx_word' id='word_1_71' title='bbox 678 1198 878 1275; x_wconf 71' lang='grc' dir='ltr'><strong>μᾶλλον</strong></span> <span class='ocrx_word' id='word_1_72' title='bbox 904 1194 940 1265; x_wconf 83' lang='grc' dir='ltr'>ἢ</span> <span class='ocrx_word' id='word_1_73' title='bbox 972 1194 1206 1274; x_wconf 83' lang='grc' dir='ltr'><strong>Πέρσας,</strong></span> <span class='ocrx_word' id='word_1_74' title='bbox 1234 1191 1322 1250; x_wconf 79' lang='grc' dir='ltr'><strong>τὸν</strong></span> <span class='ocrx_word' id='word_1_75' title='bbox 1359 1191 1453 1270; x_wconf 72' lang='grc' dir='ltr'><strong>μὲν</strong></span> <span class='ocrx_word' id='word_1_76' title='bbox 1481 1191 1676 1269; x_wconf 79' lang='grc' dir='ltr'><strong>κόσμον</strong></span> <span class='ocrx_word' id='word_1_77' title='bbox 1701 1189 1847 1249; x_wconf 75' lang='grc' dir='ltr'><strong>αὐτοὶ</strong></span> <span class='ocrx_word' id='word_1_78' title='bbox 1876 1187 2092 1262; x_wconf 75' lang='grc' dir='ltr'><strong>ἔλαὸον,</strong></span> 
     </span>
     <span class='ocr_line' id='line_1_11' title="bbox 544 1276 2095 1359; baseline -0.006 -14.947"><span class='ocrx_word' id='word_1_79' title='bbox 544 1282 829 1354; x_wconf 77' lang='grc' dir='ltr'><strong>Ἀθηναίοις</strong></span> <span class='ocrx_word' id='word_1_80' title='bbox 850 1279 905 1340; x_wconf 83' lang='grc' dir='ltr'><strong>δὲ</strong></span> <span class='ocrx_word' id='word_1_81' title='bbox 930 1280 1046 1346; x_wconf 75' lang='grc' dir='ltr'><strong>τοὺς</strong></span> <span class='ocrx_word' id='word_1_82' title='bbox 1067 1278 1432 1359; x_wconf 78' lang='grc' dir='ltr'><strong>αἰχμαλώτους</strong></span> <span class='ocrx_word' id='word_1_83' title='bbox 1454 1278 1730 1338; x_wconf 79' lang='grc' dir='ltr'><strong>ἀπέλιπον.</strong></span> <span class='ocrx_word' id='word_1_84' title='bbox 1757 1279 1823 1355; x_wconf 72' lang='grc'><strong>(4)</strong></span> <span class='ocrx_word' id='word_1_85' title='bbox 1854 1277 1961 1337; x_wconf 84' lang='grc' dir='ltr'><strong>Και</strong></span> <span class='ocrx_word' id='word_1_86' title='bbox 1977 1276 2095 1335; x_wconf 84' lang='grc' dir='ltr'><strong>τότε</strong></span> 
     </span>
     <span class='ocr_line' id='line_1_12' title="bbox 546 1357 2091 1447; baseline -0.005 -18"><span class='ocrx_word' id='word_1_87' title='bbox 546 1370 642 1445; x_wconf 74' lang='grc' dir='ltr'><strong>μὲν</strong></span> <span class='ocrx_word' id='word_1_88' title='bbox 663 1374 692 1428; x_wconf 98' lang='lat'><strong>6</strong></span> <span class='ocrx_word' id='word_1_89' title='bbox 707 1371 892 1447; x_wconf 80' lang='grc' dir='ltr'><strong>Κίμων</strong></span> <span class='ocrx_word' id='word_1_90' title='bbox 921 1366 1081 1444; x_wconf 81' lang='grc' dir='ltr'><strong>ἅπήει</strong></span> <span class='ocrx_word' id='word_1_91' title='bbox 1098 1368 1294 1445; x_wconf 85' lang='grc' dir='ltr'><strong>γελοῖος</strong></span> <span class='ocrx_word' id='word_1_92' title='bbox 1321 1357 1453 1424; x_wconf 72' lang='grc' dir='ltr'><strong>εἶναι</strong></span> <span class='ocrx_word' id='word_1_93' title='bbox 1471 1368 1637 1425; x_wconf 84' lang='grc' dir='ltr'><strong>δοκῶν</strong></span> <span class='ocrx_word' id='word_1_94' title='bbox 1657 1365 1962 1441; x_wconf 81' lang='grc' dir='ltr'><strong>διανομευς,</strong></span> <span class='ocrx_word' id='word_1_95' title='bbox 1987 1387 2091 1422; x_wconf 84' lang='grc' dir='ltr'><strong>των</strong></span> 
     </span>
     <span class='ocr_line' id='line_1_13' title="bbox 547 1452 2092 1535; baseline -0.005 -18"><span class='ocrx_word' id='word_1_96' title='bbox 547 1456 642 1535; x_wconf 67' lang='grc' dir='ltr'><strong>μὶν</strong></span> <span class='ocrx_word' id='word_1_97' title='bbox 683 1455 980 1535; x_wconf 78' lang='grc' dir='ltr'><strong>συμμάχων</strong></span> <span class='ocrx_word' id='word_1_98' title='bbox 1007 1453 1165 1532; x_wconf 80' lang='grc' dir='ltr'><strong>ψέλια</strong></span> <span class='ocrx_word' id='word_1_99' title='bbox 1192 1462 1365 1533; x_wconf 77' lang='grc' dir='ltr'><strong>χρυσᾶ</strong></span> <span class='ocrx_word' id='word_1_100' title='bbox 1393 1453 1484 1511; x_wconf 77' lang='grc' dir='ltr'><strong>καὶ</strong></span> <span class='ocrx_word' id='word_1_101' title='bbox 1512 1452 1772 1526; x_wconf 78' lang='grc' dir='ltr'><strong>μανιάκας</strong></span> <span class='ocrx_word' id='word_1_102' title='bbox 1814 1452 1905 1510; x_wconf 78' lang='grc' dir='ltr'><strong>καὶ</strong></span> <span class='ocrx_word' id='word_1_103' title='bbox 1933 1474 2092 1530; x_wconf 78' lang='grc' dir='ltr'><strong>στρε-</strong></span> 
     </span>
     <span class='ocr_line' id='line_1_14' title="bbox 546 1538 2073 1622; baseline -0.005 -19"><span class='ocrx_word' id='word_1_104' title='bbox 546 1543 704 1611; x_wconf 83' lang='grc' dir='ltr'><strong>πτους</strong></span> <span class='ocrx_word' id='word_1_105' title='bbox 731 1566 820 1604; x_wconf 84' lang='grc' dir='ltr'><strong>και</strong></span> <span class='ocrx_word' id='word_1_106' title='bbox 858 1542 1083 1608; x_wconf 79' lang='grc' dir='ltr'><strong>κάνδυας</strong></span> <span class='ocrx_word' id='word_1_107' title='bbox 1121 1540 1213 1600; x_wconf 79' lang='grc' dir='ltr'><strong>καὶ</strong></span> <span class='ocrx_word' id='word_1_108' title='bbox 1251 1540 1520 1622; x_wconf 73' lang='grc' dir='ltr'><strong>πορφύραν</strong></span> <span class='ocrx_word' id='word_1_109' title='bbox 1549 1538 1875 1620; x_wconf 71' lang='grc' dir='ltr'><strong>φερομένων,</strong></span> <span class='ocrx_word' id='word_1_110' title='bbox 1904 1542 2009 1596; x_wconf 86' lang='grc' dir='ltr'><strong>τῶν</strong></span> <span class='ocrx_word' id='word_1_111' title='bbox 2044 1539 2073 1595; x_wconf 85' lang='grc' dir='ltr'><strong>δ</strong></span> 
     </span>
     <span class='ocr_line' id='line_1_15' title="bbox 546 1624 2095 1706; baseline -0.005 -14.958"><span class='ocrx_word' id='word_1_112' title='bbox 546 1630 826 1703; x_wconf 79' lang='grc' dir='ltr'><strong>Ἀθηναίων</strong></span> <span class='ocrx_word' id='word_1_113' title='bbox 845 1629 1017 1706; x_wconf 77' lang='grc' dir='ltr'><strong>γυμνὰ</strong></span> <span class='ocrx_word' id='word_1_114' title='bbox 1040 1627 1262 1704; x_wconf 81' lang='grc' dir='ltr'><strong>σώματα</strong></span> <span class='ocrx_word' id='word_1_115' title='bbox 1284 1631 1458 1695; x_wconf 81' lang='grc' dir='ltr'><strong>κακῶς</strong></span> <span class='ocrx_word' id='word_1_116' title='bbox 1482 1628 1760 1704; x_wconf 75' lang='grc' dir='ltr'><strong>ἠσκημένα</strong></span> <span class='ocrx_word' id='word_1_117' title='bbox 1780 1624 1910 1705; x_wconf 78' lang='grc' dir='ltr'><strong>πρὸς</strong></span> <span class='ocrx_word' id='word_1_118' title='bbox 1936 1628 2095 1702; x_wconf 66' lang='grc' dir='ltr'><strong>ἔργα·</strong></span> 
     </span>
     <span class='ocr_line' id='line_1_16' title="bbox 547 1713 2097 1799; baseline -0.005 -22"><span class='ocrx_word' id='word_1_119' title='bbox 547 1718 665 1777; x_wconf 88' lang='grc' dir='ltr'><strong>σίαν</strong></span> <span class='ocrx_word' id='word_1_120' title='bbox 690 1717 1124 1799; x_wconf 80' lang='grc' dir='ltr'><strong>παραλαὸόντων.</strong></span> <span class='ocrx_word' id='word_1_121' title='bbox 1158 1717 1224 1792; x_wconf 77' lang='lat' dir='ltr'><strong>(a)</strong></span> <span class='ocrx_word' id='word_1_122' title='bbox 1255 1715 1461 1794; x_wconf 83' lang='grc' dir='ltr'><strong>Μικρὸν</strong></span> <span class='ocrx_word' id='word_1_123' title='bbox 1484 1714 1540 1772; x_wconf 66' lang='grc' dir='ltr'><strong>δὲ</strong></span> <span class='ocrx_word' id='word_1_124' title='bbox 1567 1713 1779 1794; x_wconf 76' lang='grc' dir='ltr'><strong>ὕστερον</strong></span> <span class='ocrx_word' id='word_1_125' title='bbox 1805 1715 1854 1771; x_wconf 80' lang='grc' dir='ltr'><strong>οἱ</strong></span> <span class='ocrx_word' id='word_1_126' title='bbox 1880 1715 1983 1769; x_wconf 84' lang='grc' dir='ltr'><strong>τῶν</strong></span> <span class='ocrx_word' id='word_1_127' title='bbox 2004 1716 2097 1770; x_wconf 71' lang='grc' dir='ltr'><strong>ἑα-</strong></span> 
     </span>
     <span class='ocr_line' id='line_1_17' title="bbox 546 1796 2097 1883; baseline -0.006 -18"><span class='ocrx_word' id='word_1_128' title='bbox 546 1804 788 1865; x_wconf 79' lang='grc' dir='ltr'><strong>λωκότων</strong></span> <span class='ocrx_word' id='word_1_129' title='bbox 817 1805 956 1883; x_wconf 81' lang='grc' dir='ltr'><strong>φίλοι</strong></span> <span class='ocrx_word' id='word_1_130' title='bbox 983 1803 1074 1862; x_wconf 82' lang='grc' dir='ltr'><strong>καὶ</strong></span> <span class='ocrx_word' id='word_1_131' title='bbox 1103 1803 1280 1861; x_wconf 82' lang='grc' dir='ltr'><strong>οἰκεῖοι</strong></span> <span class='ocrx_word' id='word_1_132' title='bbox 1323 1800 1730 1865; x_wconf 79' lang='grc' dir='ltr'><strong>καταὸαίνοντες</strong></span> <span class='ocrx_word' id='word_1_133' title='bbox 1758 1801 1816 1857; x_wconf 69' lang='grc' dir='ltr'><strong>ἐκ</strong></span> <span class='ocrx_word' id='word_1_134' title='bbox 1857 1796 2097 1878; x_wconf 79' lang='grc' dir='ltr'><strong>Φρυγίας</strong></span> 
     </span>
     <span class='ocr_line' id='line_1_18' title="bbox 549 1885 2093 1969; baseline -0.006 -18"><span class='ocrx_word' id='word_1_135' title='bbox 549 1893 639 1952; x_wconf 78' lang='grc' dir='ltr'><strong>καὶ</strong></span> <span class='ocrx_word' id='word_1_136' title='bbox 671 1890 866 1958; x_wconf 78' lang='grc' dir='ltr'><strong>Λυδίας</strong></span> <span class='ocrx_word' id='word_1_137' title='bbox 904 1892 1213 1969; x_wconf 78' lang='grc' dir='ltr'><strong>ἐλυτρουντο</strong></span> <span class='ocrx_word' id='word_1_138' title='bbox 1251 1887 1493 1966; x_wconf 75' lang='grc' dir='ltr'><strong>μεγάλων</strong></span> <span class='ocrx_word' id='word_1_139' title='bbox 1519 1886 1809 1967; x_wconf 71' lang='grc' dir='ltr'><strong>χρημάτων</strong></span> <span class='ocrx_word' id='word_1_140' title='bbox 1841 1885 2093 1963; x_wconf 74' lang='grc' dir='ltr'><strong>ἕκαστον,</strong></span> 
     </span>
     <span class='ocr_line' id='line_1_19' title="bbox 549 1973 2099 2082; baseline -0.006 -43"><span class='ocrx_word' id='word_1_141' title='bbox 549 1978 685 2039; x_wconf 80' lang='grc' dir='ltr'><strong>ὥστε</strong></span> <span class='ocrx_word' id='word_1_142' title='bbox 711 1984 786 2059; x_wconf 80' lang='grc' dir='ltr'><strong>τῷ</strong></span> <span class='ocrx_word' id='word_1_143' title='bbox 817 1977 1025 2054; x_wconf 81' lang='grc' dir='ltr'><strong>Κίμωνι</strong></span> <span class='ocrx_word' id='word_1_144' title='bbox 1046 1975 1315 2082; x_wconf 78' lang='grc' dir='ltr'><strong>τεσσάρων</strong></span> <span class='ocrx_word' id='word_1_145' title='bbox 1345 1979 1522 2052; x_wconf 85' lang='grc' dir='ltr'><strong>μηνῶν</strong></span> <span class='ocrx_word' id='word_1_146' title='bbox 1545 1973 1738 2055; x_wconf 74' lang='grc' dir='ltr'><strong>τροφὰς</strong></span> <span class='ocrx_word' id='word_1_147' title='bbox 1755 1975 1828 2040; x_wconf 81' lang='grc' dir='ltr'><strong>εἷς</strong></span> <span class='ocrx_word' id='word_1_148' title='bbox 1857 1973 1952 2040; x_wconf 73' lang='grc' dir='ltr'><strong>τὰς</strong></span> <span class='ocrx_word' id='word_1_149' title='bbox 1978 1977 2099 2039; x_wconf 79' lang='grc' dir='ltr'><strong>ναῦς</strong></span> 
     </span>
     <span class='ocr_line' id='line_1_20' title="bbox 550 2050 2099 2146; baseline -0.004 -22"><span class='ocrx_word' id='word_1_150' title='bbox 550 2065 775 2146; x_wconf 81' lang='grc' dir='ltr'><strong>υπάρξαι</strong></span> <span class='ocrx_word' id='word_1_151' title='bbox 801 2089 891 2123; x_wconf 87' lang='grc' dir='ltr'><strong>και</strong></span> <span class='ocrx_word' id='word_1_152' title='bbox 924 2062 1136 2144; x_wconf 79' lang='grc' dir='ltr'><strong>προσέτι</strong></span> <span class='ocrx_word' id='word_1_153' title='bbox 1162 2067 1229 2142; x_wconf 81' lang='grc' dir='ltr'><strong>τῇ</strong></span> <span class='ocrx_word' id='word_1_154' title='bbox 1263 2063 1412 2125; x_wconf 85' lang='grc' dir='ltr'><strong>πόλει</strong></span> <span class='ocrx_word' id='word_1_155' title='bbox 1452 2060 1666 2142; x_wconf 84' lang='grc' dir='ltr'><strong>χρυσίον</strong></span> <span class='ocrx_word' id='word_1_156' title='bbox 1700 2083 1797 2120; x_wconf 84' lang='grc' dir='ltr'><strong>ουκ</strong></span> <span class='ocrx_word' id='word_1_157' title='bbox 1819 2050 2001 2138; x_wconf 82' lang='grc' dir='ltr'><strong>ὀλίγον</strong></span> <span class='ocrx_word' id='word_1_158' title='bbox 2038 2062 2099 2119; x_wconf 72' lang='grc' dir='ltr'><strong>ἐκ</strong></span> 
     </span>
     <span class='ocr_line' id='line_1_21' title="bbox 552 2149 1288 2234; baseline -0.004 -23"><span class='ocrx_word' id='word_1_159' title='bbox 552 2156 655 2211; x_wconf 87' lang='grc' dir='ltr'><strong>τῶν</strong></span> <span class='ocrx_word' id='word_1_160' title='bbox 683 2151 886 2234; x_wconf 81' lang='grc' dir='ltr'><strong>λύτρων</strong></span> <span class='ocrx_word' id='word_1_161' title='bbox 911 2149 1288 2231; x_wconf 77' lang='grc' dir='ltr'><strong>περιγενέσθαι.</strong></span> 
     </span>
    </p>

    <p class='ocr_par' dir='ltr' id='par_1_5' title="bbox 551 2236 2101 2666">
     <span class='ocr_line' id='line_1_22' title="bbox 628 2236 2100 2312; baseline -0.004 -14"><span class='ocrx_word' id='word_1_162' title='bbox 628 2244 697 2298; x_wconf 88' lang='lat' dir='ltr'><strong>In</strong></span> <span class='ocrx_word' id='word_1_163' title='bbox 727 2241 883 2297; x_wconf 85' lang='lat' dir='ltr'><strong>idem</strong></span> <span class='ocrx_word' id='word_1_164' title='bbox 911 2239 1025 2295; x_wconf 82' lang='lat' dir='ltr'><strong>fere</strong></span> <span class='ocrx_word' id='word_1_165' title='bbox 1053 2249 1269 2312; x_wconf 88' lang='lat' dir='ltr'><strong>tempus</strong></span> <span class='ocrx_word' id='word_1_166' title='bbox 1310 2238 1537 2306; x_wconf 83' lang='lat' dir='ltr'><strong>incidit,</strong></span> <span class='ocrx_word' id='word_1_167' title='bbox 1574 2239 1678 2292; x_wconf 86' lang='lat' dir='ltr'><strong>nisi</strong></span> <span class='ocrx_word' id='word_1_168' title='bbox 1713 2237 1911 2311; x_wconf 81' lang='lat' dir='ltr'><strong>fallor,</strong></span> <span class='ocrx_word' id='word_1_169' title='bbox 1938 2236 2100 2310; x_wconf 86' lang='lat' dir='ltr'><strong>quod</strong></span> 
     </span>
     <span class='ocr_line' id='line_1_23' title="bbox 553 2320 2097 2400; baseline -0.003 -16"><span class='ocrx_word' id='word_1_170' title='bbox 553 2340 744 2385; x_wconf 85' lang='lat' dir='ltr'><strong>narrat</strong></span> <span class='ocrx_word' id='word_1_171' title='bbox 769 2328 1095 2383; x_wconf 86' lang='lat' dir='ltr'><strong>Plutarchus</strong></span> <span class='ocrx_word' id='word_1_172' title='bbox 1115 2329 1199 2382; x_wconf 87' lang='lat' dir='ltr'><strong>De</strong></span> <span class='ocrx_word' id='word_1_173' title='bbox 1217 2325 1453 2399; x_wconf 79' lang='lat' dir='ltr'><strong>profect.</strong></span> <span class='ocrx_word' id='word_1_174' title='bbox 1477 2326 1536 2379; x_wconf 88' lang='lat' dir='ltr'><strong>in</strong></span> <span class='ocrx_word' id='word_1_175' title='bbox 1561 2326 1692 2380; x_wconf 82' lang='lat' dir='ltr'><strong>virt.</strong></span> <span class='ocrx_word' id='word_1_176' title='bbox 1721 2344 1768 2380; x_wconf 91' lang='lat' dir='ltr'><strong>c.</strong></span> <span class='ocrx_word' id='word_1_177' title='bbox 1792 2323 1865 2378; x_wconf 85' lang='lat'><strong>8·</strong></span> <span class='ocrx_word' id='word_1_178' title='bbox 1894 2320 2097 2400; x_wconf 79' lang='grc' dir='ltr'><strong>Αἰσχύ-</strong></span> 
     </span>
     <span class='ocr_line' id='line_1_24' title="bbox 551 2408 2101 2492; baseline -0.003 -20"><span class='ocrx_word' id='word_1_179' title='bbox 551 2416 637 2478; x_wconf 92' lang='grc' dir='ltr'><strong>λος</strong></span> <span class='ocrx_word' id='word_1_180' title='bbox 657 2412 753 2487; x_wconf 73' lang='grc' dir='ltr'><strong>μὲν</strong></span> <span class='ocrx_word' id='word_1_181' title='bbox 770 2411 871 2492; x_wconf 81' lang='grc' dir='ltr'><strong>γὰρ</strong></span> <span class='ocrx_word' id='word_1_182' title='bbox 889 2412 1090 2488; x_wconf 82' lang='grc' dir='ltr'><strong>Ἰσθμοῖ</strong></span> <span class='ocrx_word' id='word_1_183' title='bbox 1108 2408 1360 2487; x_wconf 80' lang='grc' dir='ltr'><strong>θεώμενος</strong></span> <span class='ocrx_word' id='word_1_184' title='bbox 1378 2412 1554 2488; x_wconf 73' lang='grc' dir='ltr'><strong>ἀγῶνα</strong></span> <span class='ocrx_word' id='word_1_185' title='bbox 1575 2413 1784 2468; x_wconf 81' lang='grc' dir='ltr'><strong>πυκτῶν</strong></span> <span class='ocrx_word' id='word_1_186' title='bbox 1796 2454 1813 2482; x_wconf 88' lang='grc'><strong>,</strong></span> <span class='ocrx_word' id='word_1_187' title='bbox 1833 2409 1943 2468; x_wconf 65' lang='grc' dir='ltr'><strong>ἐπεὶ</strong></span> <span class='ocrx_word' id='word_1_188' title='bbox 1964 2411 2101 2482; x_wconf 87' lang='grc' dir='ltr'><strong>πλη-</strong></span> 
     </span>
     <span class='ocr_line' id='line_1_25' title="bbox 552 2494 2101 2584; baseline -0.003 -25"><span class='ocrx_word' id='word_1_189' title='bbox 552 2502 727 2582; x_wconf 86' lang='grc' dir='ltr'><strong>γέντος</strong></span> <span class='ocrx_word' id='word_1_190' title='bbox 768 2506 858 2559; x_wconf 79' lang='grc' dir='ltr'><strong>τοῦ</strong></span> <span class='ocrx_word' id='word_1_191' title='bbox 903 2498 1078 2580; x_wconf 79' lang='grc' dir='ltr'><strong>ἑτέρου</strong></span> <span class='ocrx_word' id='word_1_192' title='bbox 1117 2496 1177 2556; x_wconf 80' lang='grc' dir='ltr'><strong>τὸ</strong></span> <span class='ocrx_word' id='word_1_193' title='bbox 1205 2497 1417 2576; x_wconf 78' lang='grc' dir='ltr'><strong>θέατρον</strong></span> <span class='ocrx_word' id='word_1_194' title='bbox 1449 2495 1728 2584; x_wconf 78' lang='grc' dir='ltr'><strong>ἐξέκραγε,</strong></span> <span class='ocrx_word' id='word_1_195' title='bbox 1758 2496 1909 2566; x_wconf 84' lang='grc' dir='ltr'><strong>νύξας</strong></span> <span class='ocrx_word' id='word_1_196' title='bbox 1938 2494 2101 2557; x_wconf 84' lang='grc' dir='ltr'><strong>Ἴωνα</strong></span> 
     </span>
     <span class='ocr_line' id='line_1_26' title="bbox 553 2582 2095 2667; baseline -0.004 -19"><span class='ocrx_word' id='word_1_197' title='bbox 553 2588 640 2648; x_wconf 83' lang='grc' dir='ltr'><strong>τὸν</strong></span> <span class='ocrx_word' id='word_1_198' title='bbox 670 2589 830 2659; x_wconf 79' lang='grc' dir='ltr'><strong>Χῖον,</strong></span> <span class='ocrx_word' id='word_1_199' title='bbox 860 2586 1048 2667; x_wconf 73' lang='grc' dir='ltr'><strong>Ὁρᾷς,</strong></span> <span class='ocrx_word' id='word_1_200' title='bbox 1094 2582 1225 2665; x_wconf 83' lang='grc' dir='ltr'><strong>ἔφη,</strong></span> <span class='ocrx_word' id='word_1_201' title='bbox 1271 2608 1376 2644; x_wconf 89' lang='grc' dir='ltr'><strong>οιον</strong></span> <span class='ocrx_word' id='word_1_202' title='bbox 1414 2588 1450 2655; x_wconf 86' lang='grc' dir='ltr'>ἡ</span> <span class='ocrx_word' id='word_1_203' title='bbox 1480 2583 1700 2656; x_wconf 72' lang='grc' dir='ltr'><strong>ἄσκησίς</strong></span> <span class='ocrx_word' id='word_1_204' title='bbox 1735 2586 1899 2657; x_wconf 69' lang='grc' dir='ltr'><strong>ἐστιν,</strong></span> <span class='ocrx_word' id='word_1_205' title='bbox 1927 2589 1956 2643; x_wconf 89' lang='lat'><strong>6</strong></span> <span class='ocrx_word' id='word_1_206' title='bbox 1998 2606 2095 2642; x_wconf 89' lang='grc' dir='ltr'><strong>πε-</strong></span> 
     </span>
    </p>
   </div>
   <div class='ocr_carea' id='block_1_5' title="bbox 554 2672 2104 2839">
    <p class='ocr_par' dir='ltr' id='par_1_6' title="bbox 554 2672 2104 2839">
     <span class='ocr_line' id='line_1_27' title="bbox 554 2672 2104 2754; baseline -0.002 -20"><span class='ocrx_word' id='word_1_207' title='bbox 554 2674 767 2754; x_wconf 83' lang='grc' dir='ltr'><strong>πληγὼς</strong></span> <span class='ocrx_word' id='word_1_208' title='bbox 793 2684 998 2754; x_wconf 69' lang='grc' dir='ltr'><strong>σιωπᾷ,</strong></span> <span class='ocrx_word' id='word_1_209' title='bbox 1023 2677 1070 2731; x_wconf 82' lang='grc' dir='ltr'><strong>οἱ</strong></span> <span class='ocrx_word' id='word_1_210' title='bbox 1099 2672 1153 2732; x_wconf 82' lang='grc' dir='ltr'><strong>δὲ</strong></span> <span class='ocrx_word' id='word_1_211' title='bbox 1177 2672 1425 2750; x_wconf 81' lang='grc' dir='ltr'><strong>θεώμενοι</strong></span> <span class='ocrx_word' id='word_1_212' title='bbox 1453 2675 1634 2751; x_wconf 80' lang='grc' dir='ltr'><strong>βοῶσι.</strong></span> <span class='ocrx_word' id='word_1_213' title='bbox 1665 2675 1836 2747; x_wconf 88' lang='lat' dir='ltr'><strong>Quod</strong></span> <span class='ocrx_word' id='word_1_214' title='bbox 1871 2677 1933 2730; x_wconf 89' lang='lat' dir='ltr'><strong>in</strong></span> <span class='ocrx_word' id='word_1_215' title='bbox 1972 2675 2104 2731; x_wconf 83' lang='grc' dir='ltr'><strong>υπο·</strong></span> 
     </span>
     <span class='ocr_line' id='line_1_28' title="bbox 555 2761 1662 2839; baseline -0.005 -19"><span class='ocrx_word' id='word_1_216' title='bbox 555 2761 794 2839; x_wconf 83' lang='grc' dir='ltr'><strong>μνήμασι</strong></span> <span class='ocrx_word' id='word_1_217' title='bbox 812 2780 1125 2819; x_wconf 86' lang='lat' dir='ltr'><strong>memorare</strong></span> <span class='ocrx_word' id='word_1_218' title='bbox 1151 2763 1258 2817; x_wconf 87' lang='lat' dir='ltr'><strong>Ion</strong></span> <span class='ocrx_word' id='word_1_219' title='bbox 1272 2764 1367 2817; x_wconf 79' lang='lat' dir='ltr'><strong>vix</strong></span> <span class='ocrx_word' id='word_1_220' title='bbox 1397 2761 1662 2817; x_wconf 88' lang='lat' dir='ltr'><strong>omiserit.</strong></span> 
     </span>
    </p>
   </div>
   <div class='ocr_carea' id='block_1_6' title="bbox 635 2883 2102 3075">
    <p class='ocr_par' dir='ltr' id='par_1_7' title="bbox 635 2883 2076 3075">
     <span class='ocr_line' id='line_1_29' title="bbox 1297 2883 1353 2940; baseline -0.036 0"><span class='ocrx_word' id='word_1_221' title='bbox 1297 2883 1353 2940; x_wconf 86' lang='lat'><strong>5.</strong></span> 
     </span>
     <span class='ocr_line' id='line_1_30' title="bbox 635 2993 2102 3075; baseline -0.001 -16"><span class='ocrx_word' id='word_1_222' title='bbox 635 3004 917 3060; x_wconf 80' lang='lat' dir='ltr'>Plutarch.</span> <span class='ocrx_word' id='word_1_223' title='bbox 945 3003 1144 3060; x_wconf 87' lang='lat' dir='ltr'><strong>Pericl.</strong></span> <span class='ocrx_word' id='word_1_224' title='bbox 1170 3021 1219 3060; x_wconf 90' lang='lat' dir='ltr'><strong>c.</strong></span> <span class='ocrx_word' id='word_1_225' title='bbox 1245 3001 1308 3071; x_wconf 88' lang='lat'><strong>5,</strong></span> <span class='ocrx_word' id='word_1_226' title='bbox 1345 3001 1417 3057; x_wconf 86' lang='lat'><strong>3:</strong></span> <span class='ocrx_word' id='word_1_227' title='bbox 1440 2997 1505 3057; x_wconf 89' lang='grc' dir='ltr'><strong>Ὁ</strong></span> <span class='ocrx_word' id='word_1_228' title='bbox 1535 2996 1591 3056; x_wconf 72' lang='grc' dir='ltr'><strong>δὲ</strong></span> <span class='ocrx_word' id='word_1_229' title='bbox 1613 2997 1830 3070; x_wconf 77' lang='grc' dir='ltr'><strong>ποιητὴς</strong></span> <span class='ocrx_word' id='word_1_230' title='bbox 1855 2993 1983 3057; x_wconf 80' lang='grc' dir='ltr'><strong>Ἴων</strong></span> <span class='ocrx_word' id='word_1_231' title='bbox 2007 3021 2102 3075; x_wconf 84' lang='grc' dir='ltr'><strong>μο·</strong></span> 
     </span>
    </p>
   </div>
   <div class='ocr_carea' id='block_1_7' title="bbox 558 3075 2109 3256">
    <p class='ocr_par' dir='ltr' id='par_1_8' title="bbox 558 3075 2109 3256">
     <span class='ocr_line' id='line_1_31' title="bbox 558 3075 2104 3165; baseline -0.001 -18"><span class='ocrx_word' id='word_1_232' title='bbox 558 3087 779 3159; x_wconf 85' lang='grc' dir='ltr'><strong>θωνικήν</strong></span> <span class='ocrx_word' id='word_1_233' title='bbox 806 3109 933 3163; x_wconf 83' lang='grc' dir='ltr'><strong>φησι</strong></span> <span class='ocrx_word' id='word_1_234' title='bbox 955 3085 1049 3157; x_wconf 81' lang='grc' dir='ltr'><strong>τὴν</strong></span> <span class='ocrx_word' id='word_1_235' title='bbox 1078 3085 1288 3162; x_wconf 79' lang='grc' dir='ltr'><strong>ὁμιλίαν</strong></span> <span class='ocrx_word' id='word_1_236' title='bbox 1317 3108 1408 3143; x_wconf 81' lang='grc' dir='ltr'><strong>και</strong></span> <span class='ocrx_word' id='word_1_237' title='bbox 1434 3085 1691 3165; x_wconf 76' lang='grc' dir='ltr'><strong>υπότυφον</strong></span> <span class='ocrx_word' id='word_1_238' title='bbox 1719 3075 1852 3143; x_wconf 66' lang='grc' dir='ltr'><strong>εἶναι</strong></span> <span class='ocrx_word' id='word_1_239' title='bbox 1870 3107 1962 3143; x_wconf 89' lang='grc' dir='ltr'><strong>του</strong></span> <span class='ocrx_word' id='word_1_240' title='bbox 1992 3088 2104 3145; x_wconf 78' lang='grc' dir='ltr'><strong>Πε-</strong></span> 
     </span>
     <span class='ocr_line' id='line_1_32' title="bbox 561 3171 2109 3256; baseline -0.002 -22"><span class='ocrx_word' id='word_1_241' title='bbox 561 3174 792 3256; x_wconf 85' lang='grc' dir='ltr'><strong>ρικλέους</strong></span> <span class='ocrx_word' id='word_1_242' title='bbox 820 3174 911 3233; x_wconf 76' lang='grc' dir='ltr'><strong>καὶ</strong></span> <span class='ocrx_word' id='word_1_243' title='bbox 950 3174 1063 3240; x_wconf 81' lang='grc' dir='ltr'><strong>ταῖς</strong></span> <span class='ocrx_word' id='word_1_244' title='bbox 1091 3171 1468 3251; x_wconf 74' lang='grc' dir='ltr'><strong>μεγαλαυχίαις</strong></span> <span class='ocrx_word' id='word_1_245' title='bbox 1494 3174 1651 3232; x_wconf 79' lang='grc' dir='ltr'><strong>αὐτοῦ</strong></span> <span class='ocrx_word' id='word_1_246' title='bbox 1679 3171 1934 3244; x_wconf 67' lang='grc' dir='ltr'><strong>πολλὴνε</strong></span> <span class='ocrx_word' id='word_1_247' title='bbox 1914 3195 2109 3254; x_wconf 86' lang='grc' dir='ltr'><strong>υπερο-</strong></span> 
     </span>
    </p>
   </div>
   <div class='ocr_carea' id='block_1_8' title="bbox 558 3338 2116 3866">
    <p class='ocr_par' dir='ltr' id='par_1_9' title="bbox 558 3338 2116 3866">
     <span class='ocr_line' id='line_1_33' title="bbox 558 3338 2110 3403; baseline -0.003 -11"><span class='ocrx_word' id='word_1_248' title='bbox 558 3355 720 3403; x_wconf 81' lang='lat' dir='ltr'><strong>mone,</strong></span> <span class='ocrx_word' id='word_1_249' title='bbox 740 3340 1057 3398; x_wconf 79' lang='lat' dir='ltr'><strong>maximisque</strong></span> <span class='ocrx_word' id='word_1_250' title='bbox 1072 3351 1238 3390; x_wconf 85' lang='lat' dir='ltr'><strong>earum</strong></span> <span class='ocrx_word' id='word_1_251' title='bbox 1255 3338 1658 3399; x_wconf 84' lang='lat' dir='ltr'><strong>commemoratis,</strong></span> <span class='ocrx_word' id='word_1_252' title='bbox 1677 3351 1830 3388; x_wconf 89' lang='lat' dir='ltr'><strong>unum</strong></span> <span class='ocrx_word' id='word_1_253' title='bbox 1842 3338 1909 3388; x_wconf 84' lang='lat' dir='ltr'><strong>ait</strong></span> <span class='ocrx_word' id='word_1_254' title='bbox 1930 3339 2021 3388; x_wconf 86' lang='lat' dir='ltr'><strong>ab</strong></span> <span class='ocrx_word' id='word_1_255' title='bbox 2008 3351 2110 3401; x_wconf 79' lang='lat' dir='ltr'><strong>ipso</strong></span> 
     </span>
     <span class='ocr_line' id='line_1_34' title="bbox 560 3415 2113 3478; baseline -0.002 -10"><span class='ocrx_word' id='word_1_256' title='bbox 560 3432 758 3468; x_wconf 81' lang='lat' dir='ltr'><strong>suorum</strong></span> <span class='ocrx_word' id='word_1_257' title='bbox 792 3417 1180 3478; x_wconf 82' lang='lat' dir='ltr'><strong>strategematum</strong></span> <span class='ocrx_word' id='word_1_258' title='bbox 1214 3415 1490 3475; x_wconf 71' lang='lat' dir='ltr'><strong>recitatum,</strong></span> <span class='ocrx_word' id='word_1_259' title='bbox 1526 3415 1654 3477; x_wconf 88' lang='lat' dir='ltr'><strong>quod</strong></span> <span class='ocrx_word' id='word_1_260' title='bbox 1693 3415 2113 3477; x_wconf 84' lang='lat' dir='ltr'><strong>prudentissimum</strong></span> 
     </span>
     <span class='ocr_line' id='line_1_35' title="bbox 561 3493 2113 3560; baseline -0.002 -15"><span class='ocrx_word' id='word_1_261' title='bbox 561 3499 661 3560; x_wconf 85' lang='lat' dir='ltr'><strong>ipse</strong></span> <span class='ocrx_word' id='word_1_262' title='bbox 690 3496 942 3559; x_wconf 85' lang='lat' dir='ltr'><strong>judicaret.</strong></span> <span class='ocrx_word' id='word_1_263' title='bbox 1010 3495 1078 3556; x_wconf 85' lang='lat'><strong>(2)</strong></span> <span class='ocrx_word' id='word_1_264' title='bbox 1097 3493 1260 3545; x_wconf 83' lang='lat' dir='ltr'><strong>Socios</strong></span> <span class='ocrx_word' id='word_1_265' title='bbox 1279 3506 1479 3556; x_wconf 87' lang='lat' dir='ltr'><strong>quuma</strong></span> <span class='ocrx_word' id='word_1_266' title='bbox 1507 3496 1641 3544; x_wconf 86' lang='lat' dir='ltr'><strong>Sesto</strong></span> <span class='ocrx_word' id='word_1_267' title='bbox 1661 3496 1710 3543; x_wconf 88' lang='lat' dir='ltr'><strong>et</strong></span> <span class='ocrx_word' id='word_1_268' title='bbox 1737 3494 1961 3556; x_wconf 74' lang='lat' dir='ltr'><strong>Byzantio</strong></span> <span class='ocrx_word' id='word_1_269' title='bbox 1989 3494 2113 3542; x_wconf 90' lang='lat' dir='ltr'><strong>mul·</strong></span> 
     </span>
     <span class='ocr_line' id='line_1_36' title="bbox 559 3572 2113 3635; baseline -0.003 -10"><span class='ocrx_word' id='word_1_270' title='bbox 559 3577 640 3625; x_wconf 83' lang='lat' dir='ltr'><strong>tos</strong></span> <span class='ocrx_word' id='word_1_271' title='bbox 664 3574 893 3624; x_wconf 86' lang='lat' dir='ltr'><strong>barbaros</strong></span> <span class='ocrx_word' id='word_1_272' title='bbox 918 3573 1170 3635; x_wconf 84' lang='lat' dir='ltr'><strong>cepissent,</strong></span> <span class='ocrx_word' id='word_1_273' title='bbox 1202 3572 1503 3634; x_wconf 69' lang='lat' dir='ltr'><strong>partitionem</strong></span> <span class='ocrx_word' id='word_1_274' title='bbox 1531 3572 1620 3621; x_wconf 87' lang='lat' dir='ltr'><strong>sihi</strong></span> <span class='ocrx_word' id='word_1_275' title='bbox 1649 3572 1958 3622; x_wconf 68' lang='lat' dir='ltr'><strong>commisisse.</strong></span> <span class='ocrx_word' id='word_1_276' title='bbox 1989 3576 2113 3622; x_wconf 87' lang='lat' dir='ltr'><strong>&#39;rum</strong></span> 
     </span>
     <span class='ocr_line' id='line_1_37' title="bbox 560 3648 2115 3712; baseline -0.003 -12"><span class='ocrx_word' id='word_1_277' title='bbox 560 3665 614 3700; x_wconf 89' lang='lat' dir='ltr'><strong>se</strong></span> <span class='ocrx_word' id='word_1_278' title='bbox 642 3651 705 3700; x_wconf 85' lang='lat' dir='ltr'><strong>ab</strong></span> <span class='ocrx_word' id='word_1_279' title='bbox 728 3664 827 3699; x_wconf 85' lang='lat' dir='ltr'><strong>una</strong></span> <span class='ocrx_word' id='word_1_280' title='bbox 850 3653 983 3712; x_wconf 84' lang='lat' dir='ltr'><strong>parte</strong></span> <span class='ocrx_word' id='word_1_281' title='bbox 1003 3648 1230 3712; x_wconf 81' lang='lat' dir='ltr'><strong>captivis,</strong></span> <span class='ocrx_word' id='word_1_282' title='bbox 1248 3648 1311 3697; x_wconf 89' lang='lat' dir='ltr'><strong>ab</strong></span> <span class='ocrx_word' id='word_1_283' title='bbox 1330 3649 1481 3698; x_wconf 87' lang='lat' dir='ltr'><strong>altera</strong></span> <span class='ocrx_word' id='word_1_284' title='bbox 1499 3649 1710 3698; x_wconf 81' lang='lat' dir='ltr'><strong>vestibus</strong></span> <span class='ocrx_word' id='word_1_285' title='bbox 1731 3651 1780 3697; x_wconf 89' lang='lat' dir='ltr'><strong>et</strong></span> <span class='ocrx_word' id='word_1_286' title='bbox 1797 3649 2115 3697; x_wconf 89' lang='lat' dir='ltr'><strong>instrumento</strong></span> 
     </span>
     <span class='ocr_line' id='line_1_38' title="bbox 562 3724 2114 3788; baseline -0.002 -11"><span class='ocrx_word' id='word_1_287' title='bbox 562 3728 694 3777; x_wconf 87' lang='lat' dir='ltr'><strong>omni</strong></span> <span class='ocrx_word' id='word_1_288' title='bbox 712 3740 880 3777; x_wconf 86' lang='lat' dir='ltr'><strong>eorum</strong></span> <span class='ocrx_word' id='word_1_289' title='bbox 911 3726 1096 3788; x_wconf 89' lang='lat' dir='ltr'><strong>posito,</strong></span> <span class='ocrx_word' id='word_1_290' title='bbox 1120 3737 1274 3787; x_wconf 89' lang='lat' dir='ltr'><strong>quum</strong></span> <span class='ocrx_word' id='word_1_291' title='bbox 1296 3725 1458 3786; x_wconf 87' lang='lat' dir='ltr'><strong>inique</strong></span> <span class='ocrx_word' id='word_1_292' title='bbox 1481 3724 1527 3773; x_wconf 91' lang='lat' dir='ltr'><strong>iu</strong></span> <span class='ocrx_word' id='word_1_293' title='bbox 1549 3724 1781 3774; x_wconf 80' lang='lat' dir='ltr'><strong>divisione</strong></span> <span class='ocrx_word' id='word_1_294' title='bbox 1797 3727 2016 3774; x_wconf 76' lang='lat' dir='ltr'><strong>versatus</strong></span> <span class='ocrx_word' id='word_1_295' title='bbox 2041 3725 2114 3774; x_wconf 89' lang='lat' dir='ltr'><strong>di-</strong></span> 
     </span>
     <span class='ocr_line' id='line_1_39' title="bbox 563 3800 2116 3866; baseline -0.001 -14"><span class='ocrx_word' id='word_1_296' title='bbox 563 3807 772 3865; x_wconf 90' lang='lat' dir='ltr'><strong>ceretur,</strong></span> <span class='ocrx_word' id='word_1_297' title='bbox 797 3802 1041 3866; x_wconf 78' lang='lat' dir='ltr'><strong>optionem</strong></span> <span class='ocrx_word' id='word_1_298' title='bbox 1063 3800 1204 3850; x_wconf 84' lang='lat' dir='ltr'><strong>sociis</strong></span> <span class='ocrx_word' id='word_1_299' title='bbox 1234 3800 1417 3849; x_wconf 77' lang='lat' dir='ltr'>dedisse</span> <span class='ocrx_word' id='word_1_300' title='bbox 1443 3801 1633 3849; x_wconf 86' lang='lat' dir='ltr'><strong>utram</strong></span> <span class='ocrx_word' id='word_1_301' title='bbox 1620 3801 1707 3862; x_wconf 77' lang='lat' dir='ltr'><strong>ipsi</strong></span> <span class='ocrx_word' id='word_1_302' title='bbox 1734 3801 1913 3850; x_wconf 82' lang='lat' dir='ltr'><strong>vellent</strong></span> <span class='ocrx_word' id='word_1_303' title='bbox 1932 3803 2116 3862; x_wconf 77' lang='lat' dir='ltr'><strong>partem</strong></span> 
     </span>
    </p>
   </div>
   <div class='ocr_carea' id='block_1_9' title="bbox 565 3879 2127 5102">
    <p class='ocr_par' dir='ltr' id='par_1_10' title="bbox 565 3879 2124 4860">
     <span class='ocr_line' id='line_1_40' title="bbox 565 3879 2117 3945; baseline -0.002 -15"><span class='ocrx_word' id='word_1_304' title='bbox 565 3881 794 3945; x_wconf 80' lang='lat' dir='ltr'><strong>eligendi,</strong></span> <span class='ocrx_word' id='word_1_305' title='bbox 823 3880 1005 3942; x_wconf 86' lang='lat' dir='ltr'><strong>reliqua</strong></span> <span class='ocrx_word' id='word_1_306' title='bbox 1035 3879 1342 3929; x_wconf 77' lang='lat' dir='ltr'><strong>Athenienses</strong></span> <span class='ocrx_word' id='word_1_307' title='bbox 1372 3879 1622 3927; x_wconf 86' lang='lat' dir='ltr'><strong>contentos</strong></span> <span class='ocrx_word' id='word_1_308' title='bbox 1652 3879 1856 3928; x_wconf 79' lang='lat' dir='ltr'><strong>futuros.</strong></span> <span class='ocrx_word' id='word_1_309' title='bbox 1920 3880 1987 3941; x_wconf 83' lang='lat'><strong>(3)</strong></span> <span class='ocrx_word' id='word_1_310' title='bbox 2019 3883 2117 3929; x_wconf 79' lang='lat' dir='ltr'><strong>Au-</strong></span> 
     </span>
     <span class='ocr_line' id='line_1_41' title="bbox 566 3952 2118 4019; baseline -0.001 -13"><span class='ocrx_word' id='word_1_311' title='bbox 566 3962 698 4007; x_wconf 88' lang='lat' dir='ltr'><strong>ctore</strong></span> <span class='ocrx_word' id='word_1_312' title='bbox 724 3957 999 4019; x_wconf 74' lang='lat' dir='ltr'><strong>Heropbyto</strong></span> <span class='ocrx_word' id='word_1_313' title='bbox 1027 3954 1215 4015; x_wconf 88' lang='lat' dir='ltr'><strong>Samio,</strong></span> <span class='ocrx_word' id='word_1_314' title='bbox 1248 3955 1320 4002; x_wconf 89' lang='lat' dir='ltr'><strong>uti</strong></span> <span class='ocrx_word' id='word_1_315' title='bbox 1345 3956 1597 4003; x_wconf 70' lang='lat' dir='ltr'><strong>Permrum</strong></span> <span class='ocrx_word' id='word_1_316' title='bbox 1624 3952 1783 4015; x_wconf 88' lang='lat' dir='ltr'><strong>potius</strong></span> <span class='ocrx_word' id='word_1_317' title='bbox 1812 3954 1940 4003; x_wconf 85' lang='lat' dir='ltr'><strong>bona</strong></span> <span class='ocrx_word' id='word_1_318' title='bbox 1972 3967 2118 4015; x_wconf 81' lang='lat' dir='ltr'><strong>quam</strong></span> 
     </span>
     <span class='ocr_line' id='line_1_42' title="bbox 567 4033 2121 4098; baseline -0.002 -13"><span class='ocrx_word' id='word_1_319' title='bbox 567 4048 766 4098; x_wconf 87' lang='lat' dir='ltr'><strong>corpora</strong></span> <span class='ocrx_word' id='word_1_320' title='bbox 784 4035 1078 4097; x_wconf 80' lang='lat' dir='ltr'><strong>acciperent,</strong></span> <span class='ocrx_word' id='word_1_321' title='bbox 1102 4033 1169 4082; x_wconf 90' lang='lat' dir='ltr'><strong>illi</strong></span> <span class='ocrx_word' id='word_1_322' title='bbox 1187 4035 1465 4081; x_wconf 86' lang='lat' dir='ltr'><strong>ornamenta</strong></span> <span class='ocrx_word' id='word_1_323' title='bbox 1483 4045 1734 4094; x_wconf 88' lang='lat' dir='ltr'><strong>accepere,</strong></span> <span class='ocrx_word' id='word_1_324' title='bbox 1755 4033 2121 4082; x_wconf 75' lang='lat' dir='ltr'><strong>Atheniensibus</strong></span> 
     </span>
     <span class='ocr_line' id='line_1_43' title="bbox 566 4109 2120 4176; baseline -0.001 -13"><span class='ocrx_word' id='word_1_325' title='bbox 566 4114 778 4176; x_wconf 75' lang='lat' dir='ltr'><strong>captivos</strong></span> <span class='ocrx_word' id='word_1_326' title='bbox 801 4112 1131 4175; x_wconf 87' lang='lat' dir='ltr'><strong>reliquerunt·</strong></span> <span class='ocrx_word' id='word_1_327' title='bbox 1197 4111 1266 4173; x_wconf 77' lang='grc'><strong>(4)</strong></span> <span class='ocrx_word' id='word_1_328' title='bbox 1290 4123 1442 4172; x_wconf 89' lang='lat' dir='ltr'><strong>quum</strong></span> <span class='ocrx_word' id='word_1_329' title='bbox 1462 4109 1694 4172; x_wconf 88' lang='lat' dir='ltr'><strong>quidem</strong></span> <span class='ocrx_word' id='word_1_330' title='bbox 1680 4123 1780 4172; x_wconf 76' lang='lat' dir='ltr'><strong>ipse</strong></span> <span class='ocrx_word' id='word_1_331' title='bbox 1802 4111 1849 4159; x_wconf 93' lang='lat' dir='ltr'><strong>in</strong></span> <span class='ocrx_word' id='word_1_332' title='bbox 1868 4113 2120 4173; x_wconf 61' lang='lat' dir='ltr'><strong>praesentia</strong></span> 
     </span>
     <span class='ocr_line' id='line_1_44' title="bbox 567 4185 2123 4251; baseline -0.001 -13"><span class='ocrx_word' id='word_1_333' title='bbox 567 4189 682 4238; x_wconf 89' lang='lat' dir='ltr'><strong>risui</strong></span> <span class='ocrx_word' id='word_1_334' title='bbox 700 4189 972 4249; x_wconf 85' lang='lat' dir='ltr'><strong>haberetur,</strong></span> <span class='ocrx_word' id='word_1_335' title='bbox 992 4186 1124 4250; x_wconf 89' lang='lat' dir='ltr'><strong>quod</strong></span> <span class='ocrx_word' id='word_1_336' title='bbox 1142 4187 1299 4248; x_wconf 86' lang='lat' dir='ltr'><strong>inepte</strong></span> <span class='ocrx_word' id='word_1_337' title='bbox 1327 4185 1535 4248; x_wconf 85' lang='lat' dir='ltr'><strong>proedam</strong></span> <span class='ocrx_word' id='word_1_338' title='bbox 1554 4187 1927 4248; x_wconf 83' lang='lat' dir='ltr'><strong>partitusesset:</strong></span> <span class='ocrx_word' id='word_1_339' title='bbox 1948 4200 2123 4251; x_wconf 84' lang='lat' dir='ltr'><strong>nempe</strong></span> 
     </span>
     <span class='ocr_line' id='line_1_45' title="bbox 566 4265 2121 4330; baseline -0.001 -13"><span class='ocrx_word' id='word_1_340' title='bbox 566 4268 707 4317; x_wconf 88' lang='lat' dir='ltr'><strong>sociis</strong></span> <span class='ocrx_word' id='word_1_341' title='bbox 726 4267 937 4318; x_wconf 87' lang='lat' dir='ltr'><strong>armillas</strong></span> <span class='ocrx_word' id='word_1_342' title='bbox 956 4279 1127 4316; x_wconf 86' lang='lat' dir='ltr'><strong>aureas</strong></span> <span class='ocrx_word' id='word_1_343' title='bbox 1150 4268 1201 4316; x_wconf 92' lang='lat' dir='ltr'><strong>et</strong></span> <span class='ocrx_word' id='word_1_344' title='bbox 1219 4269 1413 4328; x_wconf 75' lang='lat' dir='ltr'><strong>torques</strong></span> <span class='ocrx_word' id='word_1_345' title='bbox 1437 4268 1487 4315; x_wconf 87' lang='lat' dir='ltr'><strong>et</strong></span> <span class='ocrx_word' id='word_1_346' title='bbox 1507 4265 1714 4328; x_wconf 78' lang='lat' dir='ltr'><strong>candyas</strong></span> <span class='ocrx_word' id='word_1_347' title='bbox 1733 4267 1784 4316; x_wconf 87' lang='lat' dir='ltr'><strong>et</strong></span> <span class='ocrx_word' id='word_1_348' title='bbox 1800 4266 1987 4315; x_wconf 86' lang='lat' dir='ltr'><strong>tunicas</strong></span> <span class='ocrx_word' id='word_1_349' title='bbox 2003 4279 2121 4330; x_wconf 88' lang='lat' dir='ltr'><strong>pur·</strong></span> 
     </span>
     <span class='ocr_line' id='line_1_46' title="bbox 569 4343 2120 4408; baseline -0.001 -13"><span class='ocrx_word' id='word_1_350' title='bbox 569 4359 740 4408; x_wconf 83' lang='lat' dir='ltr'><strong>pureas</strong></span> <span class='ocrx_word' id='word_1_351' title='bbox 758 4345 1110 4407; x_wconf 74' lang='lat' dir='ltr'><strong>auferentibus,</strong></span> <span class='ocrx_word' id='word_1_352' title='bbox 1132 4357 1285 4407; x_wconf 88' lang='lat' dir='ltr'><strong>quum</strong></span> <span class='ocrx_word' id='word_1_353' title='bbox 1308 4344 1616 4394; x_wconf 75' lang='lat' dir='ltr'><strong>Athenienses</strong></span> <span class='ocrx_word' id='word_1_354' title='bbox 1642 4343 1772 4393; x_wconf 83' lang='lat' dir='ltr'><strong>nuda</strong></span> <span class='ocrx_word' id='word_1_355' title='bbox 1792 4357 2020 4406; x_wconf 82' lang='lat' dir='ltr'><strong>corpora,</strong></span> <span class='ocrx_word' id='word_1_356' title='bbox 2039 4359 2120 4394; x_wconf 88' lang='lat' dir='ltr'><strong>ea·</strong></span> 
     </span>
     <span class='ocr_line' id='line_1_47' title="bbox 568 4420 2124 4484; baseline -0.001 -13"><span class='ocrx_word' id='word_1_357' title='bbox 568 4436 665 4484; x_wconf 90' lang='lat' dir='ltr'><strong>que</strong></span> <span class='ocrx_word' id='word_1_358' title='bbox 682 4423 807 4473; x_wconf 87' lang='lat' dir='ltr'><strong>male</strong></span> <span class='ocrx_word' id='word_1_359' title='bbox 829 4421 890 4470; x_wconf 89' lang='lat' dir='ltr'><strong>ad</strong></span> <span class='ocrx_word' id='word_1_360' title='bbox 911 4421 1126 4471; x_wconf 82' lang='lat' dir='ltr'><strong>laborem</strong></span> <span class='ocrx_word' id='word_1_361' title='bbox 1148 4420 1365 4471; x_wconf 85' lang='lat' dir='ltr'><strong>instituta</strong></span> <span class='ocrx_word' id='word_1_362' title='bbox 1385 4422 1669 4483; x_wconf 74' lang='lat' dir='ltr'><strong>acciperent.</strong></span> <span class='ocrx_word' id='word_1_363' title='bbox 1752 4421 1819 4482; x_wconf 80' lang='lat'><strong>(5)</strong></span> <span class='ocrx_word' id='word_1_364' title='bbox 1851 4422 1998 4470; x_wconf 82' lang='lat' dir='ltr'><strong>Paulo</strong></span> <span class='ocrx_word' id='word_1_365' title='bbox 2015 4423 2124 4484; x_wconf 81' lang='lat' dir='ltr'><strong>post</strong></span> 
     </span>
     <span class='ocr_line' id='line_1_48' title="bbox 568 4498 2122 4562; baseline -0.002 -12"><span class='ocrx_word' id='word_1_366' title='bbox 568 4502 869 4560; x_wconf 82' lang='lat' dir='ltr'><strong>captivorum</strong></span> <span class='ocrx_word' id='word_1_367' title='bbox 886 4500 1067 4549; x_wconf 86' lang='lat' dir='ltr'><strong>amicos</strong></span> <span class='ocrx_word' id='word_1_368' title='bbox 1082 4501 1133 4549; x_wconf 85' lang='lat' dir='ltr'><strong>et</strong></span> <span class='ocrx_word' id='word_1_369' title='bbox 1161 4499 1453 4562; x_wconf 88' lang='lat' dir='ltr'><strong>propinquos</strong></span> <span class='ocrx_word' id='word_1_370' title='bbox 1469 4512 1529 4549; x_wconf 81' lang='lat' dir='ltr'><strong>ex</strong></span> <span class='ocrx_word' id='word_1_371' title='bbox 1562 4498 1761 4561; x_wconf 80' lang='lat' dir='ltr'><strong>Phrygia</strong></span> <span class='ocrx_word' id='word_1_372' title='bbox 1790 4501 1840 4548; x_wconf 90' lang='lat' dir='ltr'><strong>et</strong></span> <span class='ocrx_word' id='word_1_373' title='bbox 1863 4499 2012 4561; x_wconf 81' lang='lat' dir='ltr'><strong>Lydia</strong></span> <span class='ocrx_word' id='word_1_374' title='bbox 2033 4499 2122 4548; x_wconf 88' lang='lat' dir='ltr'><strong>ad-</strong></span> 
     </span>
     <span class='ocr_line' id='line_1_49' title="bbox 570 4578 2122 4642; baseline -0.001 -13"><span class='ocrx_word' id='word_1_375' title='bbox 570 4582 846 4641; x_wconf 84' lang='lat' dir='ltr'><strong>ventantes,</strong></span> <span class='ocrx_word' id='word_1_376' title='bbox 869 4579 1080 4641; x_wconf 78' lang='lat' dir='ltr'><strong>singulos</strong></span> <span class='ocrx_word' id='word_1_377' title='bbox 1099 4579 1400 4641; x_wconf 78' lang='lat' dir='ltr'><strong>captivorum</strong></span> <span class='ocrx_word' id='word_1_378' title='bbox 1423 4591 1593 4640; x_wconf 79' lang='lat' dir='ltr'><strong>magna</strong></span> <span class='ocrx_word' id='word_1_379' title='bbox 1621 4578 1874 4628; x_wconf 77' lang='lat' dir='ltr'><strong>redemisse</strong></span> <span class='ocrx_word' id='word_1_380' title='bbox 1897 4578 2122 4642; x_wconf 85' lang='lat' dir='ltr'><strong>pecunia,</strong></span> 
     </span>
     <span class='ocr_line' id='line_1_50' title="bbox 571 4655 2122 4720; baseline -0.001 -13"><span class='ocrx_word' id='word_1_381' title='bbox 571 4660 640 4708; x_wconf 86' lang='lat' dir='ltr'><strong>ita</strong></span> <span class='ocrx_word' id='word_1_382' title='bbox 671 4661 728 4708; x_wconf 90' lang='lat' dir='ltr'><strong>ut</strong></span> <span class='ocrx_word' id='word_1_383' title='bbox 756 4659 986 4720; x_wconf 86' lang='lat' dir='ltr'><strong>quattuor</strong></span> <span class='ocrx_word' id='word_1_384' title='bbox 1004 4658 1239 4707; x_wconf 88' lang='lat' dir='ltr'><strong>mensium</strong></span> <span class='ocrx_word' id='word_1_385' title='bbox 1261 4656 1494 4719; x_wconf 83' lang='lat' dir='ltr'><strong>stipendia</strong></span> <span class='ocrx_word' id='word_1_386' title='bbox 1511 4656 1560 4706; x_wconf 89' lang='lat' dir='ltr'><strong>in</strong></span> <span class='ocrx_word' id='word_1_387' title='bbox 1580 4657 1780 4707; x_wconf 76' lang='lat' dir='ltr'><strong>classem</strong></span> <span class='ocrx_word' id='word_1_388' title='bbox 1796 4655 1909 4706; x_wconf 85' lang='lat' dir='ltr'><strong>inde</strong></span> <span class='ocrx_word' id='word_1_389' title='bbox 1926 4660 2122 4720; x_wconf 83' lang='lat' dir='ltr'><strong>nactus,</strong></span> 
     </span>
     <span class='ocr_line' id='line_1_51' title="bbox 571 4733 2123 4796; baseline 0 -13"><span class='ocrx_word' id='word_1_390' title='bbox 571 4747 630 4783; x_wconf 84' lang='lat' dir='ltr'><strong>ac</strong></span> <span class='ocrx_word' id='word_1_391' title='bbox 652 4736 883 4796; x_wconf 74' lang='lat' dir='ltr'><strong>praeterea</strong></span> <span class='ocrx_word' id='word_1_392' title='bbox 905 4748 969 4783; x_wconf 76' lang='lat' dir='ltr'><strong>ex</strong></span> <span class='ocrx_word' id='word_1_393' title='bbox 993 4734 1149 4795; x_wconf 83' lang='lat' dir='ltr'><strong>pretio</strong></span> <span class='ocrx_word' id='word_1_394' title='bbox 1167 4733 1548 4796; x_wconf 85' lang='lat' dir='ltr'><strong>redemptionum</strong></span> <span class='ocrx_word' id='word_1_395' title='bbox 1572 4733 1784 4783; x_wconf 90' lang='lat' dir='ltr'><strong>multum</strong></span> <span class='ocrx_word' id='word_1_396' title='bbox 1800 4734 1906 4783; x_wconf 85' lang='lat' dir='ltr'><strong>auri</strong></span> <span class='ocrx_word' id='word_1_397' title='bbox 1935 4733 1985 4782; x_wconf 91' lang='lat' dir='ltr'><strong>in</strong></span> <span class='ocrx_word' id='word_1_398' title='bbox 2002 4746 2123 4783; x_wconf 77' lang='lat' dir='ltr'><strong>aera·</strong></span> 
     </span>
     <span class='ocr_line' id='line_1_52' title="bbox 573 4810 1150 4860; baseline -0.002 0"><span class='ocrx_word' id='word_1_399' title='bbox 573 4811 699 4860; x_wconf 90' lang='lat' dir='ltr'><strong>rium</strong></span> <span class='ocrx_word' id='word_1_400' title='bbox 717 4811 782 4860; x_wconf 86' lang='lat' dir='ltr'><strong>sit</strong></span> <span class='ocrx_word' id='word_1_401' title='bbox 798 4810 1021 4860; x_wconf 85' lang='lat' dir='ltr'><strong>relatum.</strong></span> <span class='ocrx_word' id='word_1_402' title='bbox 1141 4832 1150 4846; x_wconf 93' lang='lat'><strong>·</strong></span> 
     </span>
    </p>

    <p class='ocr_par' dir='ltr' id='par_1_11' title="bbox 575 4884 2127 5102">
     <span class='ocr_line' id='line_1_53' title="bbox 635 4884 2127 4950; baseline -0.001 -13"><span class='ocrx_word' id='word_1_403' title='bbox 635 4886 886 4950; x_wconf 72' lang='lat' dir='ltr'><strong>AEschylus</strong></span> <span class='ocrx_word' id='word_1_404' title='bbox 895 4884 1110 4937; x_wconf 79' lang='lat' dir='ltr'><strong>isthmici</strong></span> <span class='ocrx_word' id='word_1_405' title='bbox 1124 4884 1396 4935; x_wconf 75' lang='lat' dir='ltr'><strong>certaminis</strong></span> <span class='ocrx_word' id='word_1_406' title='bbox 1411 4885 1668 4948; x_wconf 88' lang='lat' dir='ltr'><strong>spectator,</strong></span> <span class='ocrx_word' id='word_1_407' title='bbox 1690 4899 1841 4948; x_wconf 90' lang='lat' dir='ltr'><strong>quum</strong></span> <span class='ocrx_word' id='word_1_408' title='bbox 1855 4899 1980 4936; x_wconf 85' lang='lat' dir='ltr'><strong>unus</strong></span> <span class='ocrx_word' id='word_1_409' title='bbox 1994 4887 2127 4949; x_wconf 85' lang='lat' dir='ltr'><strong>pugi-</strong></span> 
     </span>
     <span class='ocr_line' id='line_1_54' title="bbox 575 4960 2123 5027; baseline 0.001 -15"><span class='ocrx_word' id='word_1_410' title='bbox 575 4963 678 5013; x_wconf 86' lang='lat' dir='ltr'><strong>lum</strong></span> <span class='ocrx_word' id='word_1_411' title='bbox 694 4965 881 5027; x_wconf 83' lang='lat' dir='ltr'><strong>plagam</strong></span> <span class='ocrx_word' id='word_1_412' title='bbox 898 4962 1182 5024; x_wconf 83' lang='lat' dir='ltr'><strong>accepisset,</strong></span> <span class='ocrx_word' id='word_1_413' title='bbox 1200 4960 1541 5023; x_wconf 83' lang='lat' dir='ltr'><strong>theatrumque</strong></span> <span class='ocrx_word' id='word_1_414' title='bbox 1561 4961 1818 5013; x_wconf 88' lang='lat' dir='ltr'><strong>clamorem</strong></span> <span class='ocrx_word' id='word_1_415' title='bbox 1837 4963 2123 5022; x_wconf 80' lang='lat' dir='ltr'><strong>sustulisset,</strong></span> 
     </span>
     <span class='ocr_line' id='line_1_55' title="bbox 575 5035 2127 5102; baseline -0.001 -12"><span class='ocrx_word' id='word_1_416' title='bbox 575 5041 725 5091; x_wconf 88' lang='lat' dir='ltr'><strong>latere</strong></span> <span class='ocrx_word' id='word_1_417' title='bbox 743 5041 870 5090; x_wconf 86' lang='lat' dir='ltr'><strong>Ionis</strong></span> <span class='ocrx_word' id='word_1_418' title='bbox 882 5039 988 5089; x_wconf 83' lang='lat' dir='ltr'><strong>Chii</strong></span> <span class='ocrx_word' id='word_1_419' title='bbox 1008 5039 1151 5098; x_wconf 79' lang='lat' dir='ltr'><strong>fosso,</strong></span> <span class='ocrx_word' id='word_1_420' title='bbox 1171 5037 1280 5087; x_wconf 80' lang='lat' dir='ltr'><strong>ntis</strong></span> <span class='ocrx_word' id='word_1_421' title='bbox 1294 5035 1725 5087; x_wconf 80' lang='lat' dir='ltr'><strong>animadverteret.</strong></span> <span class='ocrx_word' id='word_1_422' title='bbox 1712 5039 1916 5089; x_wconf 20' lang='lat' dir='ltr'><strong>&amp;Viden</strong></span> <span class='ocrx_word' id='word_1_423' title='bbox 1919 5039 2127 5102; x_wconf 84' lang='lat' dir='ltr'><strong>,inquit,</strong></span> 
     </span>
    </p>
   </div>
   <div class='ocr_carea' id='block_1_10' title="bbox 577 5113 2124 5242">
    <p class='ocr_par' dir='ltr' id='par_1_12' title="bbox 577 5113 2124 5242">
     <span class='ocr_line' id='line_1_56' title="bbox 577 5113 2124 5241; baseline 0.001 -75"><span class='ocrx_word' id='word_1_424' title='bbox 577 5116 854 5241; x_wconf 63' lang='lat' dir='ltr'><strong>exer-teitatio</strong></span> <span class='ocrx_word' id='word_1_425' title='bbox 880 5115 996 5179; x_wconf 84' lang='lat' dir='ltr'><strong>quid</strong></span> <span class='ocrx_word' id='word_1_426' title='bbox 1041 5113 1219 5178; x_wconf 69' lang='lat' dir='ltr'><strong>possit?</strong></span> <span class='ocrx_word' id='word_1_427' title='bbox 1261 5116 1388 5165; x_wconf 83' lang='lat' dir='ltr'><strong>tacet</strong></span> <span class='ocrx_word' id='word_1_428' title='bbox 1419 5113 1569 5177; x_wconf 74' lang='lat' dir='ltr'><strong>ictm,</strong></span> <span class='ocrx_word' id='word_1_429' title='bbox 1610 5117 1899 5176; x_wconf 77' lang='lat' dir='ltr'><strong>spectatores</strong></span> <span class='ocrx_word' id='word_1_430' title='bbox 1941 5115 2124 5167; x_wconf 75' lang='lat' dir='ltr'><strong>vocite-</strong></span> 
     </span>
     <span class='ocr_line' id='line_1_57' title="bbox 590 5205 759 5242; baseline 0 -1"><span class='ocrx_word' id='word_1_431' title='bbox 590 5205 677 5242; x_wconf 81' lang='lat' dir='ltr'><strong>ran</strong></span> <span class='ocrx_word' id='word_1_432' title='bbox 700 5206 759 5241; x_wconf 86' lang='lat' dir='ltr'><strong>ur</strong></span> 
     </span>
    </p>
   </div>
   <div class='ocr_carea' id='block_1_11' title="bbox 2023 1002 2147 1787">
    <p class='ocr_par' dir='ltr' id='par_1_13' title="bbox 2023 1002 2147 1787">
     <span class='ocr_line' id='line_1_58' title="bbox 2023 1002 2147 1787; baseline 0 0"><span class='ocrx_word' id='word_1_433' title='bbox 2023 1002 2147 1787; x_wconf 58' lang='grc' dir='ltr'><strong>ἰἱ</strong></span> 
     </span>
    </p>
   </div>
   <div class='ocr_carea' id='block_1_12' title="bbox 2173 662 3759 1348">
    <p class='ocr_par' dir='ltr' id='par_1_14' title="bbox 2173 662 3759 1348">
     <span class='ocr_line' id='line_1_59' title="bbox 2173 662 3731 740; baseline -0.002 -18"><span class='ocrx_word' id='word_1_434' title='bbox 2173 688 2248 723; x_wconf 84' lang='grc' dir='ltr'><strong>νει</strong></span> <span class='ocrx_word' id='word_1_435' title='bbox 2226 663 2325 722; x_wconf 79' lang='grc' dir='ltr'><strong>δὲ</strong></span> <span class='ocrx_word' id='word_1_436' title='bbox 2347 664 2407 721; x_wconf 81' lang='grc' dir='ltr'><strong>τὸ</strong></span> <span class='ocrx_word' id='word_1_437' title='bbox 2441 663 2680 739; x_wconf 84' lang='grc' dir='ltr'><strong>Κίμωνος</strong></span> <span class='ocrx_word' id='word_1_438' title='bbox 2707 663 2927 739; x_wconf 76' lang='grc' dir='ltr'><strong>ἐμμελὲς</strong></span> <span class='ocrx_word' id='word_1_439' title='bbox 2956 662 3047 720; x_wconf 78' lang='grc' dir='ltr'><strong>καὶ</strong></span> <span class='ocrx_word' id='word_1_440' title='bbox 3068 662 3223 740; x_wconf 77' lang='grc' dir='ltr'><strong>ὑγρὸν</strong></span> <span class='ocrx_word' id='word_1_441' title='bbox 3247 662 3340 721; x_wconf 76' lang='grc' dir='ltr'><strong>καὶ</strong></span> <span class='ocrx_word' id='word_1_442' title='bbox 3369 662 3731 739; x_wconf 77' lang='grc' dir='ltr'><strong>μεμουσωμέ-</strong></span> 
     </span>
     <span class='ocr_line' id='line_1_60' title="bbox 2175 748 3743 831; baseline -0.001 -21"><span class='ocrx_word' id='word_1_443' title='bbox 2175 775 2260 810; x_wconf 90' lang='grc' dir='ltr'><strong>νον</strong></span> <span class='ocrx_word' id='word_1_444' title='bbox 2284 753 2337 809; x_wconf 69' lang='grc' dir='ltr'><strong>ὶν</strong></span> <span class='ocrx_word' id='word_1_445' title='bbox 2359 759 2474 818; x_wconf 84' lang='grc' dir='ltr'><strong>ταῖς</strong></span> <span class='ocrx_word' id='word_1_446' title='bbox 2499 751 2813 831; x_wconf 80' lang='grc' dir='ltr'><strong>περιφοραῖς.</strong></span> <span class='ocrx_word' id='word_1_447' title='bbox 2849 751 2914 827; x_wconf 72' lang='grc' dir='ltr'><strong>(ι)</strong></span> <span class='ocrx_word' id='word_1_448' title='bbox 2938 748 3079 808; x_wconf 80' lang='grc' dir='ltr'><strong>Ἀλλ’</strong></span> <span class='ocrx_word' id='word_1_449' title='bbox 3098 748 3258 810; x_wconf 85' lang='grc' dir='ltr'><strong>Ἴωνα</strong></span> <span class='ocrx_word' id='word_1_450' title='bbox 3279 748 3431 826; x_wconf 62' lang='grc' dir='ltr'><strong>μὴ’</strong></span> <span class='ocrx_word' id='word_1_451' title='bbox 3394 772 3581 830; x_wconf 85' lang='grc' dir='ltr'><strong>ωσπερ</strong></span> <span class='ocrx_word' id='word_1_452' title='bbox 3601 773 3743 828; x_wconf 81' lang='grc' dir='ltr'><strong>τρα-</strong></span> 
     </span>
     <span class='ocr_line' id='line_1_61' title="bbox 2175 834 3746 918; baseline 0.001 -23"><span class='ocrx_word' id='word_1_453' title='bbox 2175 838 2327 918; x_wconf 76' lang='grc' dir='ltr'><strong>γικὴν</strong></span> <span class='ocrx_word' id='word_1_454' title='bbox 2344 837 2684 897; x_wconf 82' lang='grc' dir='ltr'><strong>διδασκαλίαν</strong></span> <span class='ocrx_word' id='word_1_455' title='bbox 2709 837 2945 905; x_wconf 79' lang='grc' dir='ltr'><strong>ἀξιουντα</strong></span> <span class='ocrx_word' id='word_1_456' title='bbox 2965 834 3061 908; x_wconf 84' lang='grc' dir='ltr'><strong>τὴν</strong></span> <span class='ocrx_word' id='word_1_457' title='bbox 3084 835 3319 918; x_wconf 59' lang='lat' dir='ltr'><strong>&amp;pst-hv*</strong></span> <span class='ocrx_word' id='word_1_458' title='bbox 3289 859 3429 916; x_wconf 80' lang='grc' dir='ltr'><strong>εχειν</strong></span> <span class='ocrx_word' id='word_1_459' title='bbox 3444 859 3500 896; x_wconf 85' lang='grc' dir='ltr'><strong>τι</strong></span> <span class='ocrx_word' id='word_1_460' title='bbox 3520 837 3746 903; x_wconf 82' lang='grc' dir='ltr'><strong>πάντως</strong></span> 
     </span>
     <span class='ocr_line' id='line_1_62' title="bbox 2177 924 3745 1006; baseline 0 -22"><span class='ocrx_word' id='word_1_461' title='bbox 2177 926 2268 984; x_wconf 84' lang='grc' dir='ltr'><strong>καὶ</strong></span> <span class='ocrx_word' id='word_1_462' title='bbox 2301 924 2579 1005; x_wconf 76' lang='grc' dir='ltr'><strong>σατυρικὸν</strong></span> <span class='ocrx_word' id='word_1_463' title='bbox 2624 924 2778 1006; x_wconf 79' lang='grc' dir='ltr'><strong>μέρος</strong></span> <span class='ocrx_word' id='word_1_464' title='bbox 2811 927 3005 1000; x_wconf 77' lang='grc' dir='ltr'><strong>ἐῶμεν·</strong></span> <span class='ocrx_word' id='word_1_465' title='bbox 3031 925 3149 992; x_wconf 73' lang='grc' dir='ltr'><strong>τοὺς</strong></span> <span class='ocrx_word' id='word_1_466' title='bbox 3188 924 3244 984; x_wconf 77' lang='grc' dir='ltr'><strong>δὲ</strong></span> <span class='ocrx_word' id='word_1_467' title='bbox 3270 930 3361 983; x_wconf 77' lang='grc' dir='ltr'><strong>τοῦ</strong></span> <span class='ocrx_word' id='word_1_468' title='bbox 3408 927 3745 1005; x_wconf 76' lang='grc' dir='ltr'><strong>Περικλέους</strong></span> 
     </span>
     <span class='ocr_line' id='line_1_63' title="bbox 2176 1011 3755 1094; baseline -0.001 -23"><span class='ocrx_word' id='word_1_469' title='bbox 2176 1011 2273 1085; x_wconf 74' lang='grc' dir='ltr'><strong>τὴν</strong></span> <span class='ocrx_word' id='word_1_470' title='bbox 2301 1013 2596 1090; x_wconf 74' lang='grc' dir='ltr'><strong>σεμνότητα</strong></span> <span class='ocrx_word' id='word_1_471' title='bbox 2625 1011 2969 1088; x_wconf 84' lang='grc' dir='ltr'><strong>δοξοκομπίαν</strong></span> <span class='ocrx_word' id='word_1_472' title='bbox 2995 1034 3052 1071; x_wconf 87' lang='grc' dir='ltr'><strong>τε</strong></span> <span class='ocrx_word' id='word_1_473' title='bbox 3089 1013 3180 1070; x_wconf 81' lang='grc' dir='ltr'><strong>καὶ</strong></span> <span class='ocrx_word' id='word_1_474' title='bbox 3218 1018 3377 1094; x_wconf 76' lang='grc' dir='ltr'><strong>τῦφον</strong></span> <span class='ocrx_word' id='word_1_475' title='bbox 3405 1014 3755 1072; x_wconf 75' lang='grc' dir='ltr'><strong>ἀποκαλοῦν-</strong></span> 
     </span>
     <span class='ocr_line' id='line_1_64' title="bbox 2177 1097 3753 1180; baseline 0.001 -22"><span class='ocrx_word' id='word_1_476' title='bbox 2177 1122 2269 1167; x_wconf 88' lang='grc' dir='ltr'><strong>τας</strong></span> <span class='ocrx_word' id='word_1_477' title='bbox 2310 1103 2339 1158; x_wconf 84' lang='grc' dir='ltr'><strong>ὁ</strong></span> <span class='ocrx_word' id='word_1_478' title='bbox 2382 1098 2565 1171; x_wconf 82' lang='grc' dir='ltr'><strong>Ζήνων</strong></span> <span class='ocrx_word' id='word_1_479' title='bbox 2593 1099 2883 1180; x_wconf 75' lang='grc' dir='ltr'><strong>παρεκάλει</strong></span> <span class='ocrx_word' id='word_1_480' title='bbox 2910 1097 3001 1157; x_wconf 77' lang='grc' dir='ltr'><strong>καὶ</strong></span> <span class='ocrx_word' id='word_1_481' title='bbox 3046 1099 3233 1166; x_wconf 75' lang='grc' dir='ltr'><strong>αὐτούς</strong></span> <span class='ocrx_word' id='word_1_482' title='bbox 3257 1123 3311 1159; x_wconf 89' lang='grc' dir='ltr'><strong>τι</strong></span> <span class='ocrx_word' id='word_1_483' title='bbox 3350 1105 3561 1159; x_wconf 75' lang='grc' dir='ltr'><strong>τοιοῦτο</strong></span> <span class='ocrx_word' id='word_1_484' title='bbox 3588 1099 3753 1169; x_wconf 81' lang='grc' dir='ltr'><strong>δοξο-</strong></span> 
     </span>
     <span class='ocr_line' id='line_1_65' title="bbox 2180 1184 3759 1267; baseline 0 -21"><span class='ocrx_word' id='word_1_485' title='bbox 2180 1189 2399 1264; x_wconf 84' lang='grc' dir='ltr'><strong>κομπεῖν</strong></span> <span class='ocrx_word' id='word_1_486' title='bbox 2419 1231 2435 1260; x_wconf 95' lang='grc'><strong>,</strong></span> <span class='ocrx_word' id='word_1_487' title='bbox 2457 1192 2526 1254; x_wconf 80' lang='grc' dir='ltr'><strong>ὥς</strong></span> <span class='ocrx_word' id='word_1_488' title='bbox 2549 1191 2641 1258; x_wconf 79' lang='grc' dir='ltr'><strong>τῆς</strong></span> <span class='ocrx_word' id='word_1_489' title='bbox 2669 1184 3063 1267; x_wconf 81' lang='grc' dir='ltr'><strong>προσποιήσεως</strong></span> <span class='ocrx_word' id='word_1_490' title='bbox 3091 1188 3251 1257; x_wconf 75' lang='grc' dir='ltr'><strong>αὐτῆς</strong></span> <span class='ocrx_word' id='word_1_491' title='bbox 3269 1190 3373 1245; x_wconf 79' lang='grc' dir='ltr'><strong>τῶν</strong></span> <span class='ocrx_word' id='word_1_492' title='bbox 3399 1188 3583 1245; x_wconf 74' lang='grc' dir='ltr'><strong>καλῶν</strong></span> <span class='ocrx_word' id='word_1_493' title='bbox 3613 1191 3759 1246; x_wconf 68' lang='grc' dir='ltr'><strong>ὕπο-</strong></span> 
     </span>
     <span class='ocr_line' id='line_1_66' title="bbox 2180 1272 3492 1348; baseline -0.003 -15"><span class='ocrx_word' id='word_1_494' title='bbox 2180 1272 2426 1346; x_wconf 80' lang='grc' dir='ltr'><strong>ποιούσης</strong></span> <span class='ocrx_word' id='word_1_495' title='bbox 2448 1273 2564 1333; x_wconf 74' lang='grc' dir='ltr'><strong>τινὰ</strong></span> <span class='ocrx_word' id='word_1_496' title='bbox 2584 1273 2873 1348; x_wconf 81' lang='grc' dir='ltr'><strong>λεληθότως</strong></span> <span class='ocrx_word' id='word_1_497' title='bbox 2894 1275 3052 1345; x_wconf 79' lang='grc' dir='ltr'><strong>ζῆλον</strong></span> <span class='ocrx_word' id='word_1_498' title='bbox 3072 1272 3165 1332; x_wconf 75' lang='grc' dir='ltr'><strong>καὶ</strong></span> <span class='ocrx_word' id='word_1_499' title='bbox 3194 1272 3492 1344; x_wconf 89' lang='grc' dir='ltr'><strong>συνήθειαν.</strong></span> 
     </span>
    </p>
   </div>
   <div class='ocr_carea' id='block_1_13' title="bbox 2927 1394 2984 1452">
    <p class='ocr_par' dir='ltr' id='par_1_15' title="bbox 2927 1394 2984 1452">
     <span class='ocr_line' id='line_1_67' title="bbox 2927 1394 2984 1452; baseline 0.035 -2"><span class='ocrx_word' id='word_1_500' title='bbox 2927 1394 2984 1452; x_wconf 89' lang='grc'><strong>6.</strong></span> 
     </span>
    </p>
   </div>
   <div class='ocr_carea' id='block_1_14' title="bbox 2181 1512 3760 1778">
    <p class='ocr_par' dir='ltr' id='par_1_16' title="bbox 2181 1512 3760 1777">
     <span class='ocr_line' id='line_1_68' title="bbox 2260 1512 3757 1598; baseline 0 -17"><span class='ocrx_word' id='word_1_501' title='bbox 2260 1526 2541 1581; x_wconf 83' lang='lat' dir='ltr'><strong>Plutarch.</strong></span> <span class='ocrx_word' id='word_1_502' title='bbox 2564 1523 2789 1583; x_wconf 83' lang='lat' dir='ltr'><strong>Cimon.</strong></span> <span class='ocrx_word' id='word_1_503' title='bbox 2821 1544 2872 1583; x_wconf 91' lang='lat' dir='ltr'><strong>c.</strong></span> <span class='ocrx_word' id='word_1_504' title='bbox 2897 1524 2929 1581; x_wconf 90' lang='lat'><strong>5</strong></span> <span class='ocrx_word' id='word_1_505' title='bbox 2960 1545 2975 1579; x_wconf 70' lang='grc' dir='ltr'><strong><em>ε</em></strong></span> <span class='ocrx_word' id='word_1_506' title='bbox 3006 1512 3112 1583; x_wconf 70' lang='grc' dir='ltr'><strong>’Ἦν</strong></span> <span class='ocrx_word' id='word_1_507' title='bbox 3143 1522 3197 1581; x_wconf 77' lang='grc' dir='ltr'><strong>δὲ</strong></span> <span class='ocrx_word' id='word_1_508' title='bbox 3226 1522 3315 1581; x_wconf 81' lang='grc' dir='ltr'><strong>καὶ</strong></span> <span class='ocrx_word' id='word_1_509' title='bbox 3345 1523 3488 1581; x_wconf 79' lang='grc' dir='ltr'><strong>ἰδέαν</strong></span> <span class='ocrx_word' id='word_1_510' title='bbox 3514 1526 3578 1581; x_wconf 84' lang='grc' dir='ltr'><strong>οὗ</strong></span> <span class='ocrx_word' id='word_1_511' title='bbox 3605 1546 3757 1598; x_wconf 88' lang='grc' dir='ltr'><strong>μεμ-</strong></span> 
     </span>
     <span class='ocr_line' id='line_1_69' title="bbox 2183 1608 3760 1690; baseline 0 -22"><span class='ocrx_word' id='word_1_512' title='bbox 2183 1609 2309 1676; x_wconf 81' lang='grc' dir='ltr'><strong>πτὸς</strong></span> <span class='ocrx_word' id='word_1_513' title='bbox 2331 1613 2387 1687; x_wconf 86' lang='lat'><strong>(6</strong></span> <span class='ocrx_word' id='word_1_514' title='bbox 2418 1609 2670 1688; x_wconf 85' lang='grc' dir='ltr'><strong>Κίμων),</strong></span> <span class='ocrx_word' id='word_1_515' title='bbox 2695 1613 2767 1676; x_wconf 79' lang='grc' dir='ltr'><strong>ὡς</strong></span> <span class='ocrx_word' id='word_1_516' title='bbox 2801 1608 2930 1670; x_wconf 84' lang='grc' dir='ltr'><strong>Ἴων</strong></span> <span class='ocrx_word' id='word_1_517' title='bbox 2958 1613 2988 1668; x_wconf 89' lang='lat'><strong>6</strong></span> <span class='ocrx_word' id='word_1_518' title='bbox 3013 1609 3234 1681; x_wconf 84' lang='grc' dir='ltr'><strong>ποιητής</strong></span> <span class='ocrx_word' id='word_1_519' title='bbox 3257 1632 3449 1690; x_wconf 77' lang='grc' dir='ltr'><strong>φησιν,</strong></span> <span class='ocrx_word' id='word_1_520' title='bbox 3478 1611 3625 1668; x_wconf 77' lang='grc' dir='ltr'><strong>ἀλλὰ</strong></span> <span class='ocrx_word' id='word_1_521' title='bbox 3656 1613 3760 1687; x_wconf 79' lang='grc' dir='ltr'><strong>μέ·-</strong></span> 
     </span>
     <span class='ocr_line' id='line_1_70' title="bbox 2181 1695 3555 1778; baseline -0.001 -23"><span class='ocrx_word' id='word_1_522' title='bbox 2181 1721 2313 1777; x_wconf 82' lang='grc' dir='ltr'><strong>γας,</strong></span> <span class='ocrx_word' id='word_1_523' title='bbox 2340 1696 2468 1777; x_wconf 80' lang='grc' dir='ltr'><strong>οὔλῃ</strong></span> <span class='ocrx_word' id='word_1_524' title='bbox 2494 1698 2585 1756; x_wconf 78' lang='grc' dir='ltr'><strong>καὶ</strong></span> <span class='ocrx_word' id='word_1_525' title='bbox 2612 1698 2785 1778; x_wconf 81' lang='grc' dir='ltr'><strong>πολλῇ</strong></span> <span class='ocrx_word' id='word_1_526' title='bbox 2809 1695 2953 1777; x_wconf 81' lang='grc' dir='ltr'><strong>τριχὶ</strong></span> <span class='ocrx_word' id='word_1_527' title='bbox 2972 1699 3152 1772; x_wconf 82' lang='grc' dir='ltr'><strong>κομῶν</strong></span> <span class='ocrx_word' id='word_1_528' title='bbox 3175 1695 3271 1767; x_wconf 79' lang='grc' dir='ltr'><strong>τὴν</strong></span> <span class='ocrx_word' id='word_1_529' title='bbox 3294 1697 3555 1775; x_wconf 65' lang='grc' dir='ltr'><strong>κεφαλήν.</strong></span> 
     </span>
    </p>
   </div>
   <div class='ocr_carea' id='block_1_15' title="bbox 2934 1839 2988 1890">
    <p class='ocr_par' dir='ltr' id='par_1_17' title="bbox 2934 1839 2988 1890">
     <span class='ocr_line' id='line_1_71' title="bbox 2934 1839 2988 1890; baseline 0 -16"><span class='ocrx_word' id='word_1_530' title='bbox 2934 1839 2988 1890; x_wconf 89' lang='grc'><strong>7.</strong></span> 
     </span>
    </p>
   </div>
   <div class='ocr_carea' id='block_1_16' title="bbox 2186 1950 3767 2716">
    <p class='ocr_par' dir='ltr' id='par_1_18' title="bbox 2186 1950 3767 2716">
     <span class='ocr_line' id='line_1_72' title="bbox 2265 1950 3762 2027; baseline 0.002 -21"><span class='ocrx_word' id='word_1_531' title='bbox 2265 1953 2546 2008; x_wconf 85' lang='lat' dir='ltr'><strong>Plutarch.</strong></span> <span class='ocrx_word' id='word_1_532' title='bbox 2598 1953 2817 2009; x_wconf 88' lang='lat' dir='ltr'><strong>Cimon.</strong></span> <span class='ocrx_word' id='word_1_533' title='bbox 2879 1971 2930 2008; x_wconf 93' lang='lat' dir='ltr'><strong>c.</strong></span> <span class='ocrx_word' id='word_1_534' title='bbox 2998 1950 3091 2011; x_wconf 84' lang='lat'><strong>16.</strong></span> <span class='ocrx_word' id='word_1_535' title='bbox 3148 1951 3564 2008; x_wconf 83' lang='lat' dir='ltr'><strong>Lacedaemonii</strong></span> <span class='ocrx_word' id='word_1_536' title='bbox 3624 1963 3762 2027; x_wconf 83' lang='lat' dir='ltr'><strong>post</strong></span> 
     </span>
     <span class='ocr_line' id='line_1_73' title="bbox 2186 2040 3762 2113; baseline -0.001 -18"><span class='ocrx_word' id='word_1_537' title='bbox 2186 2042 2441 2113; x_wconf 85' lang='lat' dir='ltr'><strong>Spartam</strong></span> <span class='ocrx_word' id='word_1_538' title='bbox 2484 2051 2644 2096; x_wconf 74' lang='lat' dir='ltr'><strong>terrae</strong></span> <span class='ocrx_word' id='word_1_539' title='bbox 2671 2050 2833 2095; x_wconf 79' lang='lat' dir='ltr'><strong>motu</strong></span> <span class='ocrx_word' id='word_1_540' title='bbox 2863 2057 3187 2094; x_wconf 85' lang='lat' dir='ltr'><strong>concussam</strong></span> <span class='ocrx_word' id='word_1_541' title='bbox 3229 2040 3301 2093; x_wconf 89' lang='lat' dir='ltr'><strong>ab</strong></span> <span class='ocrx_word' id='word_1_542' title='bbox 3342 2040 3655 2095; x_wconf 83' lang='lat' dir='ltr'><strong>Helotibus</strong></span> <span class='ocrx_word' id='word_1_543' title='bbox 3704 2051 3762 2097; x_wconf 84' lang='lat' dir='ltr'><strong>et</strong></span> 
     </span>
     <span class='ocr_line' id='line_1_74' title="bbox 2186 2125 3762 2200; baseline 0.002 -20"><span class='ocrx_word' id='word_1_544' title='bbox 2186 2126 2464 2181; x_wconf 83' lang='lat' dir='ltr'><strong>Messeniis</strong></span> <span class='ocrx_word' id='word_1_545' title='bbox 2484 2126 2738 2195; x_wconf 85' lang='lat' dir='ltr'><strong>lacessiti,</strong></span> <span class='ocrx_word' id='word_1_546' title='bbox 2758 2128 2923 2182; x_wconf 85' lang='lat' dir='ltr'><strong>misso</strong></span> <span class='ocrx_word' id='word_1_547' title='bbox 2942 2125 3219 2181; x_wconf 86' lang='lat' dir='ltr'><strong>Periclida</strong></span> <span class='ocrx_word' id='word_1_548' title='bbox 3239 2127 3420 2200; x_wconf 81' lang='lat' dir='ltr'><strong>legato</strong></span> <span class='ocrx_word' id='word_1_549' title='bbox 3438 2126 3762 2183; x_wconf 83' lang='lat' dir='ltr'><strong>Athenien-</strong></span> 
     </span>
     <span class='ocr_line' id='line_1_75' title="bbox 2187 2210 3759 2290; baseline 0.003 -25"><span class='ocrx_word' id='word_1_550' title='bbox 2187 2213 2328 2266; x_wconf 86' lang='lat' dir='ltr'><strong>sium</strong></span> <span class='ocrx_word' id='word_1_551' title='bbox 2368 2213 2673 2285; x_wconf 83' lang='lat' dir='ltr'><strong>implorant</strong></span> <span class='ocrx_word' id='word_1_552' title='bbox 2702 2214 2973 2268; x_wconf 84' lang='lat' dir='ltr'><strong>auxilium</strong></span> <span class='ocrx_word' id='word_1_553' title='bbox 3006 2210 3130 2288; x_wconf 92' lang='lat' dir='ltr'><strong>[Ol.</strong></span> <span class='ocrx_word' id='word_1_554' title='bbox 3178 2231 3271 2286; x_wconf 88' lang='lat'><strong>79,</strong></span> <span class='ocrx_word' id='word_1_555' title='bbox 3307 2211 3501 2276; x_wconf 74' lang='grc' dir='ltr'><strong>ι.464</strong></span> <span class='ocrx_word' id='word_1_556' title='bbox 3530 2230 3584 2267; x_wconf 79' lang='lat' dir='ltr'><strong>a.</strong></span> <span class='ocrx_word' id='word_1_557' title='bbox 3634 2213 3759 2290; x_wconf 79' lang='lat' dir='ltr'><strong>C...]</strong></span> 
     </span>
     <span class='ocr_line' id='line_1_76' title="bbox 2188 2298 3763 2373; baseline 0 -18"><span class='ocrx_word' id='word_1_558' title='bbox 2188 2302 2317 2355; x_wconf 87' lang='lat' dir='ltr'><strong>Non</strong></span> <span class='ocrx_word' id='word_1_559' title='bbox 2340 2318 2451 2355; x_wconf 87' lang='lat' dir='ltr'><strong>esse</strong></span> <span class='ocrx_word' id='word_1_560' title='bbox 2470 2300 2554 2353; x_wconf 87' lang='lat' dir='ltr'><strong>his</strong></span> <span class='ocrx_word' id='word_1_561' title='bbox 2580 2298 3087 2373; x_wconf 88' lang='lat' dir='ltr'><strong>obtemperandum</strong></span> <span class='ocrx_word' id='word_1_562' title='bbox 3113 2299 3361 2371; x_wconf 86' lang='lat' dir='ltr'><strong>probare</strong></span> <span class='ocrx_word' id='word_1_563' title='bbox 3382 2299 3610 2372; x_wconf 89' lang='lat' dir='ltr'><strong>populo</strong></span> <span class='ocrx_word' id='word_1_564' title='bbox 3635 2311 3763 2355; x_wconf 83' lang='lat' dir='ltr'><strong>stu-</strong></span> 
     </span>
     <span class='ocr_line' id='line_1_77' title="bbox 2191 2384 3762 2460; baseline -0.001 -18"><span class='ocrx_word' id='word_1_565' title='bbox 2191 2387 2287 2442; x_wconf 86' lang='lat' dir='ltr'><strong>det</strong></span> <span class='ocrx_word' id='word_1_566' title='bbox 2320 2387 2629 2460; x_wconf 84' lang='lat' dir='ltr'><strong>Ephialtes;</strong></span> <span class='ocrx_word' id='word_1_567' title='bbox 2654 2385 2753 2441; x_wconf 89' lang='lat' dir='ltr'><strong>sed</strong></span> <span class='ocrx_word' id='word_1_568' title='bbox 2775 2386 3055 2459; x_wconf 83' lang='lat' dir='ltr'><strong>pervincit</strong></span> <span class='ocrx_word' id='word_1_569' title='bbox 3090 2385 3362 2439; x_wconf 82' lang='lat' dir='ltr'><strong>sententia</strong></span> <span class='ocrx_word' id='word_1_570' title='bbox 3380 2384 3659 2444; x_wconf 55' lang='lat' dir='ltr'><strong>Cimoni&amp;</strong></span> <span class='ocrx_word' id='word_1_571' title='bbox 3692 2384 3762 2444; x_wconf 91' lang='grc' dir='ltr'>Ο</span> 
     </span>
     <span class='ocr_line' id='line_1_78' title="bbox 2191 2458 3765 2548; baseline 0.002 -20"><span class='ocrx_word' id='word_1_572' title='bbox 2191 2471 2235 2542; x_wconf 87' lang='grc' dir='ltr'><strong>δ’</strong></span> <span class='ocrx_word' id='word_1_573' title='bbox 2265 2468 2389 2531; x_wconf 78' lang='grc' dir='ltr'><strong>Ἴων</strong></span> <span class='ocrx_word' id='word_1_574' title='bbox 2423 2470 2840 2548; x_wconf 81' lang='grc' dir='ltr'><strong>ἀπομνημονεύει</strong></span> <span class='ocrx_word' id='word_1_575' title='bbox 2866 2469 2956 2528; x_wconf 78' lang='grc' dir='ltr'><strong>καὶ</strong></span> <span class='ocrx_word' id='word_1_576' title='bbox 2982 2468 3070 2527; x_wconf 83' lang='grc' dir='ltr'><strong>τὸν</strong></span> <span class='ocrx_word' id='word_1_577' title='bbox 3094 2467 3274 2546; x_wconf 87' lang='grc' dir='ltr'><strong>λόγον,</strong></span> <span class='ocrx_word' id='word_1_578' title='bbox 3302 2458 3348 2548; x_wconf 74' lang='grc' dir='ltr'>ᾧ</span> <span class='ocrx_word' id='word_1_579' title='bbox 3369 2469 3605 2543; x_wconf 80' lang='grc' dir='ltr'><strong>μάλιστα</strong></span> <span class='ocrx_word' id='word_1_580' title='bbox 3641 2473 3765 2532; x_wconf 78' lang='grc' dir='ltr'><strong>τους</strong></span> 
     </span>
     <span class='ocr_line' id='line_1_79' title="bbox 2193 2554 3767 2654; baseline -0.001 -37.987"><span class='ocrx_word' id='word_1_581' title='bbox 2193 2557 2489 2630; x_wconf 80' lang='grc' dir='ltr'><strong>Ἀθηναίους</strong></span> <span class='ocrx_word' id='word_1_582' title='bbox 2511 2557 2716 2629; x_wconf 77' lang='grc' dir='ltr'><strong>ἐκίνησε</strong></span> <span class='ocrx_word' id='word_1_583' title='bbox 2743 2558 3068 2654; x_wconf 86' lang='grc' dir='ltr'><strong>παρακαλῶν</strong></span> <span class='ocrx_word' id='word_1_584' title='bbox 3091 2556 3226 2632; x_wconf 84' lang='grc' dir='ltr'><strong>μήτε</strong></span> <span class='ocrx_word' id='word_1_585' title='bbox 3253 2557 3349 2624; x_wconf 75' lang='grc' dir='ltr'><strong>τὴν</strong></span> <span class='ocrx_word' id='word_1_586' title='bbox 3374 2554 3618 2616; x_wconf 82' lang='grc' dir='ltr'><strong>Ἑλλαδα</strong></span> <span class='ocrx_word' id='word_1_587' title='bbox 3648 2582 3767 2637; x_wconf 82' lang='grc' dir='ltr'><strong>χω-</strong></span> 
     </span>
     <span class='ocr_line' id='line_1_80' title="bbox 2191 2597 3764 2716; baseline 0 -21"><span class='ocrx_word' id='word_1_588' title='bbox 2191 2635 2285 2708; x_wconf 82' lang='grc' dir='ltr'><strong>λὴν</strong></span> <span class='ocrx_word' id='word_1_589' title='bbox 2317 2635 2449 2714; x_wconf 87' lang='grc' dir='ltr'><strong>μήτε</strong></span> <span class='ocrx_word' id='word_1_590' title='bbox 2476 2635 2571 2706; x_wconf 72' lang='grc' dir='ltr'><strong>τὴν</strong></span> <span class='ocrx_word' id='word_1_591' title='bbox 2602 2633 2753 2695; x_wconf 89' lang='grc' dir='ltr'><strong>πόλιν</strong></span> <span class='ocrx_word' id='word_1_592' title='bbox 2786 2635 3060 2716; x_wconf 83' lang='grc' dir='ltr'><strong>ἑτερόζυγα</strong></span> <span class='ocrx_word' id='word_1_593' title='bbox 3087 2597 3340 2713; x_wconf 86' lang='grc' dir='ltr'><strong>περιιδεῖν</strong></span> <span class='ocrx_word' id='word_1_594' title='bbox 3376 2636 3764 2713; x_wconf 69' lang='grc' dir='ltr'><strong>γεγενημένην.</strong></span> 
     </span>
    </p>
   </div>
   <div class='ocr_carea' id='block_1_17' title="bbox 2944 2778 3001 2832">
    <p class='ocr_par' dir='ltr' id='par_1_19' title="bbox 2944 2778 3001 2832">
     <span class='ocr_line' id='line_1_81' title="bbox 2944 2778 3001 2832; baseline 0 0"><span class='ocrx_word' id='word_1_595' title='bbox 2944 2778 3001 2832; x_wconf 84' lang='grc'><strong>8.</strong></span> 
     </span>
    </p>
   </div>
   <div class='ocr_carea' id='block_1_18' title="bbox 2195 2911 3813 3254">
    <p class='ocr_par' dir='ltr' id='par_1_20' title="bbox 2195 2911 3813 3254">
     <span class='ocr_line' id='line_1_82' title="bbox 2273 2911 3813 3026; baseline 0.001 -53"><span class='ocrx_word' id='word_1_596' title='bbox 2273 2919 2554 2974; x_wconf 82' lang='lat' dir='ltr'><strong>Plutarch.</strong></span> <span class='ocrx_word' id='word_1_597' title='bbox 2576 2918 2776 2973; x_wconf 88' lang='lat' dir='ltr'><strong>Pericl.</strong></span> <span class='ocrx_word' id='word_1_598' title='bbox 2803 2936 2855 2972; x_wconf 91' lang='lat' dir='ltr'><strong>c.</strong></span> <span class='ocrx_word' id='word_1_599' title='bbox 2879 2914 2990 2971; x_wconf 76' lang='lat'><strong>28.</strong></span> <span class='ocrx_word' id='word_1_600' title='bbox 3015 2911 3338 2990; x_wconf 77' lang='grc' dir='ltr'><strong>Θαυμαστὸν</strong></span> <span class='ocrx_word' id='word_1_601' title='bbox 3363 2913 3417 2970; x_wconf 74' lang='grc' dir='ltr'><strong>δέ</strong></span> <span class='ocrx_word' id='word_1_602' title='bbox 3441 2916 3603 2972; x_wconf 79' lang='grc' dir='ltr'><strong>τικαὶ</strong></span> <span class='ocrx_word' id='word_1_603' title='bbox 3623 2919 3766 3026; x_wconf 78' lang='grc' dir='ltr'><strong>μέγα</strong></span> <span class='ocrx_word' id='word_1_604' title='bbox 3792 2975 3813 2988; x_wconf 55' lang='grc'><strong>,</strong></span> 
     </span>
     <span class='ocr_line' id='line_1_83' title="bbox 2195 2998 3765 3081; baseline 0 -22"><span class='ocrx_word' id='word_1_605' title='bbox 2195 3006 2450 3081; x_wconf 79' lang='grc' dir='ltr'><strong>φρονῆσαι</strong></span> <span class='ocrx_word' id='word_1_606' title='bbox 2494 3000 3004 3077; x_wconf 88' lang='grc' dir='ltr'><strong>καταπολεμήσαντα</strong></span> <span class='ocrx_word' id='word_1_607' title='bbox 3034 3017 3150 3066; x_wconf 84' lang='grc' dir='ltr'><strong>τους</strong></span> <span class='ocrx_word' id='word_1_608' title='bbox 3189 2998 3424 3074; x_wconf 85' lang='grc' dir='ltr'><strong>Σαμίους</strong></span> <span class='ocrx_word' id='word_1_609' title='bbox 3462 3001 3632 3079; x_wconf 79' lang='grc' dir='ltr'><strong>φησὶν</strong></span> <span class='ocrx_word' id='word_1_610' title='bbox 3664 3004 3765 3059; x_wconf 82' lang='grc' dir='ltr'><strong>αὖ-</strong></span> 
     </span>
     <span class='ocr_line' id='line_1_84' title="bbox 2195 3082 3760 3167; baseline -0.001 -21"><span class='ocrx_word' id='word_1_611' title='bbox 2195 3109 2283 3146; x_wconf 88' lang='grc' dir='ltr'><strong>τον</strong></span> <span class='ocrx_word' id='word_1_612' title='bbox 2327 3087 2445 3164; x_wconf 84' lang='grc' dir='ltr'><strong>(τὸν</strong></span> <span class='ocrx_word' id='word_1_613' title='bbox 2477 3089 2740 3167; x_wconf 80' lang='grc' dir='ltr'><strong>Περικλῆ)</strong></span> <span class='ocrx_word' id='word_1_614' title='bbox 2772 3089 2800 3144; x_wconf 87' lang='lat'><strong>6</strong></span> <span class='ocrx_word' id='word_1_615' title='bbox 2825 3082 2980 3159; x_wconf 85' lang='grc' dir='ltr'><strong>Ἴων,</strong></span> <span class='ocrx_word' id='word_1_616' title='bbox 3012 3088 3081 3152; x_wconf 80' lang='grc' dir='ltr'><strong>ὡς</strong></span> <span class='ocrx_word' id='word_1_617' title='bbox 3107 3089 3197 3143; x_wconf 76' lang='grc' dir='ltr'><strong>τοῦ</strong></span> <span class='ocrx_word' id='word_1_618' title='bbox 3240 3083 3334 3161; x_wconf 82' lang='grc' dir='ltr'><strong>μὲν</strong></span> <span class='ocrx_word' id='word_1_619' title='bbox 3364 3083 3760 3163; x_wconf 74' lang='grc' dir='ltr'><strong>Ἀγαμέμνονος</strong></span> 
     </span>
     <span class='ocr_line' id='line_1_85' title="bbox 2196 3172 3762 3254; baseline 0.002 -22"><span class='ocrx_word' id='word_1_620' title='bbox 2196 3172 2335 3232; x_wconf 77' lang='grc' dir='ltr'><strong>ἔτεσι</strong></span> <span class='ocrx_word' id='word_1_621' title='bbox 2362 3173 2486 3233; x_wconf 82' lang='grc' dir='ltr'><strong>δέκα</strong></span> <span class='ocrx_word' id='word_1_622' title='bbox 2513 3173 2774 3254; x_wconf 74' lang='grc' dir='ltr'><strong>βάρὸαρον</strong></span> <span class='ocrx_word' id='word_1_623' title='bbox 2803 3173 2954 3231; x_wconf 88' lang='grc' dir='ltr'><strong>πόλιν</strong></span> <span class='ocrx_word' id='word_1_624' title='bbox 2972 3216 2991 3249; x_wconf 85' lang='grc'><strong>,</strong></span> <span class='ocrx_word' id='word_1_625' title='bbox 3017 3175 3174 3231; x_wconf 80' lang='grc' dir='ltr'><strong>αὐτου</strong></span> <span class='ocrx_word' id='word_1_626' title='bbox 3195 3172 3249 3232; x_wconf 81' lang='grc' dir='ltr'><strong>δὲ</strong></span> <span class='ocrx_word' id='word_1_627' title='bbox 3278 3172 3438 3247; x_wconf 79' lang='grc' dir='ltr'><strong>μησὶν</strong></span> <span class='ocrx_word' id='word_1_628' title='bbox 3459 3172 3615 3232; x_wconf 73' lang='grc' dir='ltr'><strong>ἐννέα</strong></span> <span class='ocrx_word' id='word_1_629' title='bbox 3640 3176 3762 3237; x_wconf 76' lang='grc' dir='ltr'><strong>τοὺς</strong></span> 
     </span>
    </p>
   </div>
   <div class='ocr_carea' id='block_1_19' title="bbox 2939 3344 2993 3394">
    <p class='ocr_par' dir='ltr' id='par_1_21' title="bbox 2939 3344 2993 3394">
     <span class='ocr_line' id='line_1_86' title="bbox 2939 3344 2993 3394; baseline -0.019 0"><span class='ocrx_word' id='word_1_630' title='bbox 2939 3344 2993 3394; x_wconf 82' lang='grc'><strong>5.</strong></span> 
     </span>
    </p>
   </div>
   <div class='ocr_carea' id='block_1_20' title="bbox 2262 3433 3765 3497">
    <p class='ocr_par' dir='ltr' id='par_1_22' title="bbox 2262 3433 3765 3497">
     <span class='ocr_line' id='line_1_87' title="bbox 2262 3433 3765 3497; baseline -0.001 -12"><span class='ocrx_word' id='word_1_631' title='bbox 2262 3437 2490 3485; x_wconf 86' lang='lat' dir='ltr'><strong>Ceterum</strong></span> <span class='ocrx_word' id='word_1_632' title='bbox 2519 3437 2606 3483; x_wconf 89' lang='lat' dir='ltr'><strong>lon</strong></span> <span class='ocrx_word' id='word_1_633' title='bbox 2627 3436 2767 3496; x_wconf 87' lang='lat' dir='ltr'><strong>poeta</strong></span> <span class='ocrx_word' id='word_1_634' title='bbox 2793 3433 3024 3484; x_wconf 86' lang='lat' dir='ltr'><strong>Periclem</strong></span> <span class='ocrx_word' id='word_1_635' title='bbox 3048 3434 3097 3482; x_wconf 90' lang='lat' dir='ltr'><strong>in</strong></span> <span class='ocrx_word' id='word_1_636' title='bbox 3124 3433 3466 3483; x_wconf 87' lang='lat' dir='ltr'><strong>consuetudine</strong></span> <span class='ocrx_word' id='word_1_637' title='bbox 3492 3436 3765 3497; x_wconf 82' lang='lat' dir='ltr'><strong>superbum</strong></span> 
     </span>
    </p>
   </div>
   <div class='ocr_carea' id='block_1_21' title="bbox 2203 3509 3765 3649">
    <p class='ocr_par' dir='ltr' id='par_1_23' title="bbox 2203 3509 3765 3649">
     <span class='ocr_line' id='line_1_88' title="bbox 2205 3509 3765 3573; baseline 0.001 -12"><span class='ocrx_word' id='word_1_638' title='bbox 2205 3511 2345 3562; x_wconf 79' lang='lat' dir='ltr'><strong>fuisse</strong></span> <span class='ocrx_word' id='word_1_639' title='bbox 2367 3515 2763 3573; x_wconf 78' lang='lat' dir='ltr'><strong>arrogantemque</strong></span> <span class='ocrx_word' id='word_1_640' title='bbox 2779 3512 2872 3571; x_wconf 90' lang='lat' dir='ltr'><strong>ait,</strong></span> <span class='ocrx_word' id='word_1_641' title='bbox 2893 3510 3133 3572; x_wconf 85' lang='lat' dir='ltr'><strong>ipsiusque</strong></span> <span class='ocrx_word' id='word_1_642' title='bbox 3147 3509 3428 3571; x_wconf 83' lang='lat' dir='ltr'><strong>jactantiam</strong></span> <span class='ocrx_word' id='word_1_643' title='bbox 3461 3512 3622 3561; x_wconf 85' lang='lat' dir='ltr'><strong>multo</strong></span> <span class='ocrx_word' id='word_1_644' title='bbox 3640 3512 3765 3562; x_wconf 84' lang='lat' dir='ltr'><strong>alio-</strong></span> 
     </span>
     <span class='ocr_line' id='line_1_89' title="bbox 2203 3586 3765 3649; baseline 0.001 -13"><span class='ocrx_word' id='word_1_645' title='bbox 2203 3600 2311 3635; x_wconf 87' lang='lat' dir='ltr'><strong>rum</strong></span> <span class='ocrx_word' id='word_1_646' title='bbox 2333 3589 2610 3649; x_wconf 81' lang='lat' dir='ltr'><strong>contemptu</strong></span> <span class='ocrx_word' id='word_1_647' title='bbox 2628 3599 2686 3634; x_wconf 86' lang='lat' dir='ltr'><strong>ac</strong></span> <span class='ocrx_word' id='word_1_648' title='bbox 2702 3587 2922 3648; x_wconf 72' lang='lat' dir='ltr'><strong>superbia</strong></span> <span class='ocrx_word' id='word_1_649' title='bbox 2942 3586 3264 3648; x_wconf 81' lang='lat' dir='ltr'><strong>permixtam.</strong></span> <span class='ocrx_word' id='word_1_650' title='bbox 3285 3587 3450 3635; x_wconf 79' lang='lat' dir='ltr'><strong>contra</strong></span> <span class='ocrx_word' id='word_1_651' title='bbox 3473 3587 3732 3638; x_wconf 76' lang='lat' dir='ltr'><strong>Cimonis</strong></span> <span class='ocrx_word' id='word_1_652' title='bbox 3718 3601 3765 3638; x_wconf 80' lang='lat' dir='ltr'><strong>m</strong></span> 
     </span>
    </p>
   </div>
   <div class='ocr_carea' id='block_1_22' title="bbox 2203 3661 3768 4187">
    <p class='ocr_par' dir='ltr' id='par_1_24' title="bbox 2203 3661 3766 4187">
     <span class='ocr_line' id='line_1_90' title="bbox 2203 3661 3765 3728; baseline 0.001 -15"><span class='ocrx_word' id='word_1_653' title='bbox 2203 3665 2427 3713; x_wconf 80' lang='lat' dir='ltr'><strong>convictu</strong></span> <span class='ocrx_word' id='word_1_654' title='bbox 2446 3663 2731 3713; x_wconf 82' lang='lat' dir='ltr'><strong>suavitatem</strong></span> <span class='ocrx_word' id='word_1_655' title='bbox 2757 3663 3107 3725; x_wconf 81' lang='lat' dir='ltr'><strong>gratiosamque</strong></span> <span class='ocrx_word' id='word_1_656' title='bbox 3123 3661 3399 3711; x_wconf 84' lang='lat' dir='ltr'><strong>comitatem</strong></span> <span class='ocrx_word' id='word_1_657' title='bbox 3423 3662 3610 3713; x_wconf 84' lang='lat' dir='ltr'><strong>laudat.</strong></span> <span class='ocrx_word' id='word_1_658' title='bbox 3697 3665 3765 3728; x_wconf 71' lang='lat'><strong>(4)</strong></span> 
     </span>
     <span class='ocr_line' id='line_1_91' title="bbox 2206 3738 3766 3804; baseline 0.001 -13"><span class='ocrx_word' id='word_1_659' title='bbox 2206 3741 2301 3791; x_wconf 87' lang='lat' dir='ltr'><strong>Sed</strong></span> <span class='ocrx_word' id='word_1_660' title='bbox 2333 3744 2495 3791; x_wconf 87' lang='lat' dir='ltr'><strong>ionem</strong></span> <span class='ocrx_word' id='word_1_661' title='bbox 2522 3754 2612 3790; x_wconf 90' lang='lat' dir='ltr'><strong>nos</strong></span> <span class='ocrx_word' id='word_1_662' title='bbox 2633 3741 2833 3790; x_wconf 86' lang='lat' dir='ltr'><strong>missum</strong></span> <span class='ocrx_word' id='word_1_663' title='bbox 2868 3741 3097 3802; x_wconf 80' lang='lat' dir='ltr'><strong>facimus,</strong></span> <span class='ocrx_word' id='word_1_664' title='bbox 3120 3739 3202 3802; x_wconf 89' lang='lat' dir='ltr'><strong>qui</strong></span> <span class='ocrx_word' id='word_1_665' title='bbox 3229 3739 3281 3788; x_wconf 90' lang='lat' dir='ltr'><strong>in</strong></span> <span class='ocrx_word' id='word_1_666' title='bbox 3313 3738 3493 3789; x_wconf 81' lang='lat' dir='ltr'><strong>virtute</strong></span> <span class='ocrx_word' id='word_1_667' title='bbox 3525 3741 3766 3804; x_wconf 78' lang='lat' dir='ltr'><strong>tragicam</strong></span> 
     </span>
     <span class='ocr_line' id='line_1_92' title="bbox 2204 3815 3765 3880; baseline 0.001 -13"><span class='ocrx_word' id='word_1_668' title='bbox 2204 3819 2416 3880; x_wconf 83' lang='lat' dir='ltr'><strong>aliquam</strong></span> <span class='ocrx_word' id='word_1_669' title='bbox 2437 3820 2488 3867; x_wconf 86' lang='lat' dir='ltr'><strong>et</strong></span> <span class='ocrx_word' id='word_1_670' title='bbox 2517 3818 2771 3879; x_wconf 73' lang='lat' dir='ltr'><strong>satyricam</strong></span> <span class='ocrx_word' id='word_1_671' title='bbox 2802 3816 3099 3878; x_wconf 81' lang='lat' dir='ltr'><strong>disciplinam</strong></span> <span class='ocrx_word' id='word_1_672' title='bbox 3129 3815 3455 3878; x_wconf 80' lang='lat' dir='ltr'><strong>requisiverit,</strong></span> <span class='ocrx_word' id='word_1_673' title='bbox 3488 3829 3574 3867; x_wconf 86' lang='lat' dir='ltr'><strong>eos</strong></span> <span class='ocrx_word' id='word_1_674' title='bbox 3596 3822 3765 3869; x_wconf 76' lang='lat' dir='ltr'><strong>autem</strong></span> 
     </span>
     <span class='ocr_line' id='line_1_93' title="bbox 2205 3892 3768 3957; baseline 0.002 -14"><span class='ocrx_word' id='word_1_675' title='bbox 2205 3897 2289 3957; x_wconf 86' lang='lat' dir='ltr'><strong>qui</strong></span> <span class='ocrx_word' id='word_1_676' title='bbox 2310 3894 2502 3946; x_wconf 79' lang='lat' dir='ltr'><strong>Periclis</strong></span> <span class='ocrx_word' id='word_1_677' title='bbox 2529 3894 2811 3956; x_wconf 80' lang='lat' dir='ltr'><strong>gravitatem</strong></span> <span class='ocrx_word' id='word_1_678' title='bbox 2829 3892 3111 3955; x_wconf 59' lang='lat' dir='ltr'><strong>arrogantia</strong></span> <span class='ocrx_word' id='word_1_679' title='bbox 3138 3895 3191 3942; x_wconf 85' lang='lat' dir='ltr'><strong>et</strong></span> <span class='ocrx_word' id='word_1_680' title='bbox 3220 3892 3367 3942; x_wconf 75' lang='lat' dir='ltr'><strong>fastus</strong></span> <span class='ocrx_word' id='word_1_681' title='bbox 3395 3893 3595 3944; x_wconf 83' lang='lat' dir='ltr'><strong>nomine</strong></span> <span class='ocrx_word' id='word_1_682' title='bbox 3625 3900 3768 3946; x_wconf 86' lang='lat' dir='ltr'><strong>nota-</strong></span> 
     </span>
     <span class='ocr_line' id='line_1_94' title="bbox 2205 3967 3765 4034; baseline -0.001 -14"><span class='ocrx_word' id='word_1_683' title='bbox 2205 3971 2350 4034; x_wconf 80' lang='lat' dir='ltr'><strong>bant,</strong></span> <span class='ocrx_word' id='word_1_684' title='bbox 2374 3973 2533 4020; x_wconf 88' lang='lat' dir='ltr'><strong>Zenon</strong></span> <span class='ocrx_word' id='word_1_685' title='bbox 2556 3971 2856 4031; x_wconf 79' lang='lat' dir='ltr'><strong>hortabatur,</strong></span> <span class='ocrx_word' id='word_1_686' title='bbox 2886 3969 2973 4017; x_wconf 81' lang='lat' dir='ltr'><strong>ut·</strong></span> <span class='ocrx_word' id='word_1_687' title='bbox 2962 3969 3048 4031; x_wconf 81' lang='lat' dir='ltr'><strong>ipsi</strong></span> <span class='ocrx_word' id='word_1_688' title='bbox 3065 3980 3260 4031; x_wconf 87' lang='lat' dir='ltr'><strong>qnoque</strong></span> <span class='ocrx_word' id='word_1_689' title='bbox 3275 3967 3508 4029; x_wconf 75' lang='lat' dir='ltr'><strong>eiusmodi</strong></span> <span class='ocrx_word' id='word_1_690' title='bbox 3528 3982 3765 4034; x_wconf 78' lang='lat' dir='ltr'><strong>arrogan-</strong></span> 
     </span>
     <span class='ocr_line' id='line_1_95' title="bbox 2205 4044 3767 4098; baseline 0.001 -1"><span class='ocrx_word' id='word_1_691' title='bbox 2205 4048 2244 4097; x_wconf 91' lang='lat' dir='ltr'><strong>ti</strong></span> <span class='ocrx_word' id='word_1_692' title='bbox 2256 4061 2322 4097; x_wconf 75' lang='lat' dir='ltr'><strong>im</strong></span> <span class='ocrx_word' id='word_1_693' title='bbox 2338 4048 2429 4097; x_wconf 79' lang='lat' dir='ltr'><strong>sibi</strong></span> <span class='ocrx_word' id='word_1_694' title='bbox 2449 4049 2728 4097; x_wconf 86' lang='lat' dir='ltr'><strong>sumerent:</strong></span> <span class='ocrx_word' id='word_1_695' title='bbox 2751 4046 2931 4096; x_wconf 82' lang='lat' dir='ltr'><strong>scilioet</strong></span> <span class='ocrx_word' id='word_1_696' title='bbox 2946 4057 3055 4094; x_wconf 85' lang='lat' dir='ltr'><strong>eam</strong></span> <span class='ocrx_word' id='word_1_697' title='bbox 3079 4044 3432 4094; x_wconf 82' lang='lat' dir='ltr'><strong>simulationem</strong></span> <span class='ocrx_word' id='word_1_698' title='bbox 3448 4047 3646 4098; x_wconf 82' lang='lat' dir='ltr'><strong>occulte</strong></span> <span class='ocrx_word' id='word_1_699' title='bbox 3661 4051 3767 4098; x_wconf 79' lang='lat' dir='ltr'><strong>stu-</strong></span> 
     </span>
     <span class='ocr_line' id='line_1_96' title="bbox 2205 4122 3766 4187; baseline 0.001 -13"><span class='ocrx_word' id='word_1_700' title='bbox 2205 4125 2341 4175; x_wconf 88' lang='lat' dir='ltr'><strong>dium</strong></span> <span class='ocrx_word' id='word_1_701' title='bbox 2363 4124 2606 4186; x_wconf 75' lang='lat' dir='ltr'><strong>quoddam</strong></span> <span class='ocrx_word' id='word_1_702' title='bbox 2628 4127 2777 4187; x_wconf 87' lang='lat' dir='ltr'><strong>atque</strong></span> <span class='ocrx_word' id='word_1_703' title='bbox 2806 4122 3198 4173; x_wconf 83' lang='lat' dir='ltr'><strong>consuetudinem</strong></span> <span class='ocrx_word' id='word_1_704' title='bbox 3231 4122 3527 4173; x_wconf 72' lang='lat' dir='ltr'><strong>honestatis</strong></span> <span class='ocrx_word' id='word_1_705' title='bbox 3512 4137 3766 4187; x_wconf 67' lang='lat' dir='ltr'><strong>ungerer-a·</strong></span> 
     </span>
    </p>
   </div>
   <div class='ocr_carea' id='block_1_23' title="bbox 2205 4207 2993 4318">
    <p class='ocr_par' dir='ltr' id='par_1_25' title="bbox 2205 4207 2974 4318">
     <span class='ocr_line' id='line_1_97' title="bbox 2205 4207 2383 4255; baseline 0 -1"><span class='ocrx_word' id='word_1_706' title='bbox 2205 4207 2383 4255; x_wconf 86' lang='lat' dir='ltr'><strong>turam.</strong></span> 
     </span>
     <span class='ocr_line' id='line_1_98' title="bbox 2938 4268 2993 4318; baseline 0 0"><span class='ocrx_word' id='word_1_707' title='bbox 2938 4268 2993 4318; x_wconf 86' lang='grc'><strong>6.</strong></span> 
     </span>
    </p>
   </div>
   <div class='ocr_carea' id='block_1_24' title="bbox 2269 4355 3767 4422">
    <p class='ocr_par' dir='ltr' id='par_1_26' title="bbox 2269 4355 3767 4422">
     <span class='ocr_line' id='line_1_99' title="bbox 2269 4355 3767 4422; baseline 0 -13"><span class='ocrx_word' id='word_1_708' title='bbox 2269 4362 2444 4409; x_wconf 80' lang='lat' dir='ltr'><strong>Forma</strong></span> <span class='ocrx_word' id='word_1_709' title='bbox 2456 4372 2651 4421; x_wconf 87' lang='lat' dir='ltr'><strong>quoqne</strong></span> <span class='ocrx_word' id='word_1_710' title='bbox 2665 4358 2935 4421; x_wconf 76' lang='lat' dir='ltr'><strong>spectabilis</strong></span> <span class='ocrx_word' id='word_1_711' title='bbox 2950 4357 3122 4408; x_wconf 83' lang='lat' dir='ltr'><strong>cimon</strong></span> <span class='ocrx_word' id='word_1_712' title='bbox 3137 4357 3262 4417; x_wconf 84' lang='lat' dir='ltr'><strong>erat,</strong></span> <span class='ocrx_word' id='word_1_713' title='bbox 3276 4355 3349 4404; x_wconf 81' lang='lat' dir='ltr'><strong>uti</strong></span> <span class='ocrx_word' id='word_1_714' title='bbox 3361 4358 3446 4406; x_wconf 80' lang='lat' dir='ltr'><strong>ion</strong></span> <span class='ocrx_word' id='word_1_715' title='bbox 3463 4359 3610 4420; x_wconf 80' lang='lat' dir='ltr'><strong>poeta</strong></span> <span class='ocrx_word' id='word_1_716' title='bbox 3629 4360 3767 4422; x_wconf 83' lang='lat' dir='ltr'><strong>dieit;</strong></span> 
     </span>
    </p>
   </div>
   <div class='ocr_carea' id='block_1_25' title="bbox 2209 4432 3768 4612">
    <p class='ocr_par' dir='ltr' id='par_1_27' title="bbox 2209 4432 3768 4612">
     <span class='ocr_line' id='line_1_100' title="bbox 2209 4432 3768 4548; baseline -0.001 -61"><span class='ocrx_word' id='word_1_717' title='bbox 2209 4439 2882 4548; x_wconf 49' lang='lat' dir='ltr'><strong>xffffluseratstatnra,</strong></span> <span class='ocrx_word' id='word_1_718' title='bbox 2867 4433 3124 4498; x_wconf 73' lang='lat' dir='ltr'><strong>,etei-ispa</strong></span> <span class='ocrx_word' id='word_1_719' title='bbox 3140 4432 3768 4500; x_wconf 69' lang='lat' dir='ltr'><strong>multaqueeoesarieeaput</strong></span> 
     </span>
     <span class='ocr_line' id='line_1_101' title="bbox 2957 4562 3011 4612; baseline -0.037 0"><span class='ocrx_word' id='word_1_720' title='bbox 2957 4562 3011 4612; x_wconf 87' lang='grc'><strong>7.</strong></span> 
     </span>
    </p>
   </div>
   <div class='ocr_carea' id='block_1_26' title="bbox 2213 4649 3773 4794">
    <p class='ocr_par' dir='ltr' id='par_1_28' title="bbox 2213 4649 3773 4784">
     <span class='ocr_line' id='line_1_102' title="bbox 2273 4649 3773 4713; baseline 0.001 -10"><span class='ocrx_word' id='word_1_721' title='bbox 2273 4656 2358 4703; x_wconf 84' lang='lat' dir='ltr'><strong>lon</strong></span> <span class='ocrx_word' id='word_1_722' title='bbox 2381 4654 2526 4704; x_wconf 86' lang='lat' dir='ltr'><strong>etiam</strong></span> <span class='ocrx_word' id='word_1_723' title='bbox 2544 4653 2807 4704; x_wconf 84' lang='lat' dir='ltr'><strong>orationem</strong></span> <span class='ocrx_word' id='word_1_724' title='bbox 2823 4652 3198 4711; x_wconf 80' lang='lat' dir='ltr'><strong>commemorat,</strong></span> <span class='ocrx_word' id='word_1_725' title='bbox 3217 4662 3316 4713; x_wconf 86' lang='lat' dir='ltr'><strong>qua</strong></span> <span class='ocrx_word' id='word_1_726' title='bbox 3330 4649 3543 4702; x_wconf 72' lang='lat' dir='ltr'><strong>maxime</strong></span> <span class='ocrx_word' id='word_1_727' title='bbox 3558 4654 3773 4704; x_wconf 77' lang='lat' dir='ltr'><strong>moverit</strong></span> 
     </span>
     <span class='ocr_line' id='line_1_103' title="bbox 2213 4727 3772 4794; baseline 0 -13"><span class='ocrx_word' id='word_1_728' title='bbox 2213 4731 2549 4793; x_wconf 78' lang='lat' dir='ltr'><strong>Athenienses,</strong></span> <span class='ocrx_word' id='word_1_729' title='bbox 2568 4732 2827 4781; x_wconf 80' lang='lat' dir='ltr'><strong>exhortans</strong></span> <span class='ocrx_word' id='word_1_730' title='bbox 2838 4744 2901 4781; x_wconf 86' lang='lat' dir='ltr'><strong>ne</strong></span> <span class='ocrx_word' id='word_1_731' title='bbox 2917 4730 3154 4780; x_wconf 80' lang='lat' dir='ltr'><strong>Graeciam</strong></span> <span class='ocrx_word' id='word_1_732' title='bbox 3167 4727 3388 4778; x_wconf 82' lang='lat' dir='ltr'><strong>claudam</strong></span> <span class='ocrx_word' id='word_1_733' title='bbox 3410 4742 3514 4780; x_wconf 84' lang='lat' dir='ltr'><strong>esse</strong></span> <span class='ocrx_word' id='word_1_734' title='bbox 3529 4732 3772 4794; x_wconf 73' lang='lat' dir='ltr'><strong>siner-ern,</strong></span> 
     </span>
    </p>
   </div>
   <div class='ocr_carea' id='block_1_27' title="bbox 2210 4805 3769 4935">
    <p class='ocr_par' dir='ltr' id='par_1_29' title="bbox 2210 4805 3769 4935">
     <span class='ocr_line' id='line_1_104' title="bbox 2210 4805 3769 4935; baseline 0 -77"><span class='ocrx_word' id='word_1_735' title='bbox 2210 4819 2368 4935; x_wconf 53' lang='lat' dir='ltr'><strong>neqpe</strong></span> <span class='ocrx_word' id='word_1_736' title='bbox 2388 4808 2584 4870; x_wconf 86' lang='lat' dir='ltr'><strong>urbem,</strong></span> <span class='ocrx_word' id='word_1_737' title='bbox 2603 4821 2716 4870; x_wconf 80' lang='lat' dir='ltr'><strong>quoe</strong></span> <span class='ocrx_word' id='word_1_738' title='bbox 2745 4808 2945 4858; x_wconf 86' lang='lat' dir='ltr'><strong>alteram</strong></span> <span class='ocrx_word' id='word_1_739' title='bbox 2960 4806 3062 4869; x_wconf 76' lang='lat' dir='ltr'><strong>jugi</strong></span> <span class='ocrx_word' id='word_1_740' title='bbox 3083 4806 3268 4868; x_wconf 84' lang='lat' dir='ltr'><strong>partem</strong></span> <span class='ocrx_word' id='word_1_741' title='bbox 3286 4805 3524 4872; x_wconf 82' lang='lat' dir='ltr'><strong>traheret,</strong></span> <span class='ocrx_word' id='word_1_742' title='bbox 3555 4811 3769 4874; x_wconf 75' lang='lat' dir='ltr'><strong>neglige-</strong></span> 
     </span>
     <span class='ocr_line' id='line_1_105' title="bbox 2212 4897 2299 4934; baseline 0 0"><span class='ocrx_word' id='word_1_743' title='bbox 2212 4897 2299 4934; x_wconf 86' lang='lat' dir='ltr'><strong>ren</strong></span> 
     </span>
    </p>
   </div>
   <div class='ocr_carea' id='block_1_28' title="bbox 2959 4958 3015 5007">
    <p class='ocr_par' dir='ltr' id='par_1_30' title="bbox 2959 4958 3015 5007">
     <span class='ocr_line' id='line_1_106' title="bbox 2959 4958 3015 5007; baseline 0 0"><span class='ocrx_word' id='word_1_744' title='bbox 2959 4958 3015 5007; x_wconf 86' lang='grc'><strong>8.</strong></span> 
     </span>
    </p>
   </div>
   <div class='ocr_carea' id='block_1_29' title="bbox 2215 5036 3775 5254">
    <p class='ocr_par' dir='ltr' id='par_1_31' title="bbox 2215 5036 3775 5253">
     <span class='ocr_line' id='line_1_107' title="bbox 2285 5036 3772 5104; baseline 0.003 -14"><span class='ocrx_word' id='word_1_745' title='bbox 2285 5040 2462 5091; x_wconf 80' lang='lat' dir='ltr'><strong>Mirum</strong></span> <span class='ocrx_word' id='word_1_746' title='bbox 2480 5043 2716 5104; x_wconf 86' lang='lat' dir='ltr'><strong>qnantum</strong></span> <span class='ocrx_word' id='word_1_747' title='bbox 2733 5040 3019 5103; x_wconf 87' lang='lat' dir='ltr'><strong>superbiisse</strong></span> <span class='ocrx_word' id='word_1_748' title='bbox 3037 5036 3265 5088; x_wconf 79' lang='lat' dir='ltr'><strong>Periclem</strong></span> <span class='ocrx_word' id='word_1_749' title='bbox 3283 5039 3391 5098; x_wconf 84' lang='lat' dir='ltr'><strong>post</strong></span> <span class='ocrx_word' id='word_1_750' title='bbox 3402 5036 3670 5092; x_wconf 81' lang='lat' dir='ltr'><strong>debellatos</strong></span> <span class='ocrx_word' id='word_1_751' title='bbox 3685 5046 3772 5094; x_wconf 81' lang='lat' dir='ltr'><strong>Sa·</strong></span> 
     </span>
     <span class='ocr_line' id='line_1_108' title="bbox 2216 5112 3775 5181; baseline 0.002 -14"><span class='ocrx_word' id='word_1_752' title='bbox 2216 5117 2338 5168; x_wconf 87' lang='lat' dir='ltr'><strong>mios</strong></span> <span class='ocrx_word' id='word_1_753' title='bbox 2361 5121 2445 5168; x_wconf 87' lang='lat' dir='ltr'><strong>lon</strong></span> <span class='ocrx_word' id='word_1_754' title='bbox 2469 5118 2643 5181; x_wconf 84' lang='lat' dir='ltr'><strong>tradit,</strong></span> <span class='ocrx_word' id='word_1_755' title='bbox 2662 5131 2812 5180; x_wconf 89' lang='lat' dir='ltr'><strong>quum</strong></span> <span class='ocrx_word' id='word_1_756' title='bbox 2837 5124 3238 5180; x_wconf 82' lang='lat' dir='ltr'><strong>Agamemnonem</strong></span> <span class='ocrx_word' id='word_1_757' title='bbox 3263 5112 3458 5164; x_wconf 79' lang='lat' dir='ltr'><strong>dixisset</strong></span> <span class='ocrx_word' id='word_1_758' title='bbox 3477 5119 3586 5179; x_wconf 87' lang='lat' dir='ltr'><strong>post</strong></span> <span class='ocrx_word' id='word_1_759' title='bbox 3601 5118 3775 5169; x_wconf 81' lang='lat' dir='ltr'><strong>decem</strong></span> 
     </span>
     <span class='ocr_line' id='line_1_109' title="bbox 2215 5193 3774 5254; baseline 0.003 -10"><span class='ocrx_word' id='word_1_760' title='bbox 2215 5194 2412 5245; x_wconf 84' lang='lat' dir='ltr'><strong>demum</strong></span> <span class='ocrx_word' id='word_1_761' title='bbox 2438 5208 2589 5245; x_wconf 80' lang='lat' dir='ltr'><strong>annos</strong></span> <span class='ocrx_word' id='word_1_762' title='bbox 2609 5195 2776 5245; x_wconf 86' lang='lat' dir='ltr'><strong>urbem</strong></span> <span class='ocrx_word' id='word_1_763' title='bbox 2801 5195 3079 5254; x_wconf 81' lang='lat' dir='ltr'><strong>barbaram,</strong></span> <span class='ocrx_word' id='word_1_764' title='bbox 3112 5193 3268 5253; x_wconf 85' lang='lat' dir='ltr'><strong>ipsum</strong></span> <span class='ocrx_word' id='word_1_765' title='bbox 3292 5205 3407 5242; x_wconf 70' lang='lat' dir='ltr'><strong>vero</strong></span> <span class='ocrx_word' id='word_1_766' title='bbox 3437 5207 3612 5246; x_wconf 80' lang='lat' dir='ltr'><strong>novem</strong></span> <span class='ocrx_word' id='word_1_767' title='bbox 3632 5211 3774 5248; x_wconf 85' lang='lat' dir='ltr'><strong>men-</strong></span> 
     </span>
    </p>
   </div>
  </div>
 </body>
</html>
