3900 6042
553 457 680 507 {16

538 581 629 633 cui
661 579 977 652 displiceat,
1007 574 1227 649 inquit,
1253 571 1347 643 τὴν
1370 571 1555 642 ξενίαν,
1583 585 1640 629 et
1665 574 1821 629 malit
1856 591 1965 646 pro
2005 591 2073 627 eo

541 666 772 720 rescribi
798 659 892 731 τὴν
920 660 1106 730 ξενίας,
1136 664 1218 717 uti
1236 664 1374 718 Lex.
1403 663 1640 717 Rhetor.
1672 680 1731 734 p.
1757 660 1904 729 238,
1926 659 2002 714 26
2026 662 2086 714 in

537 752 703 806 simili
746 768 909 806 causa
953 749 1126 804 habet
1163 748 1340 822 ἀγῶνα
1381 743 1579 817 ξενίας,
1620 749 1664 801 is
1695 757 1880 801 teneat
1915 742 2082 809 ξενίαν

539 837 734 892 eadem
775 836 1228 908 breviloquentia
1262 834 1476 889 dictum
1523 833 1706 888 videri
1750 852 1859 907 pro
1909 832 2086 906 ἀγῶνα

537 919 722 991 ξενίας,
751 934 814 976 ut
835 918 1073 999 προξενίαι
1092 933 1148 977 et
1170 917 1377 977 ἀτέλεια
1406 939 1513 994 pro
1535 917 1781 998 ψήφισμα
1799 915 2084 992 προξενίας,

540 1006 775 1072 ἀτελείας
804 1008 1112 1064 dicebatur.
1154 1034 1177 1056 ι·

616 1095 696 1151 Cf.
723 1096 1096 1168 Harpocratio
1117 1113 1173 1149 v.
1201 1089 1489 1168 Ἥγεμονία
1506 1090 1838 1172 δικαστηρίου
1862 1089 2081 1150 εἌλλαι

542 1179 670 1257 πρὸς
710 1178 897 1244 ἄλλους
943 1181 1044 1236 τῶν
1091 1178 1354 1257 ἀρχόντων
1400 1176 1749 1255 ἐλαγχάνοντο
1793 1176 1964 1251 δίκαι,
1994 1173 2086 1240 τὰς

542 1266 596 1324 δὲ
619 1265 987 1343 ἀπενεχθείσας
1005 1268 1057 1323 αἱ
1087 1264 1245 1345 ἀρχαὶ
1265 1263 1402 1323 κατὰ
1428 1262 1516 1321 τὸν
1543 1265 1701 1333 αὐτῆς
1720 1265 1916 1334 ἑκάστη
1932 1262 2088 1338 νόμον

539 1354 745 1427 εἰσῆγον
773 1353 844 1417 εἰς
863 1350 1191 1429 δικαστήριον
1215 1347 1474 1427 ἡγουμένη
1503 1348 1592 1406 καὶ
1612 1353 1920 1428 προεστῶσα
1938 1393 1957 1424 ,
1983 1340 2088 1406 οἷον

539 1440 667 1518 πρὸς
696 1436 791 1514 μὲν
815 1436 902 1495 τὸν
928 1437 1157 1516 ἄρχοντα
1185 1439 1240 1495 αἱ
1262 1439 1363 1493 τῶν
1391 1437 1624 1514 ὀρφανῶν
1645 1435 1735 1493 καὶ
1752 1439 1856 1493 τῶν
1871 1433 2089 1504 ἐπικλή·

542 1548 661 1603 ρων,
680 1523 807 1603 πρὸς
835 1521 890 1581 δὲ
918 1523 1003 1581 τὸν
1033 1522 1252 1600 βασιλέα
1277 1525 1330 1580 αἱ
1358 1526 1450 1593 τῆς
1473 1520 1742 1598 ἀσεὸείας,
1771 1520 1898 1600 πρὸς
1921 1520 1976 1579 δὲ
2003 1520 2089 1579 τὸν

539 1608 872 1689 πολέμαρχον
892 1613 984 1667 τοῦ
1013 1608 1333 1668 ἀποστασίου
1359 1607 1450 1667 καὶ
1474 1608 1826 1687 ἀπροστασίου
1844 1652 1859 1680 ,
1880 1608 2008 1688 πρὸς
2034 1608 2091 1666 δὲ

545 1695 661 1763 τοὺς
678 1694 988 1772 θεσμοθέτας
1013 1699 1068 1754 αἱ
1084 1700 1177 1766 τῆς
1200 1696 1364 1764 ξενίας
1389 1717 1446 1752 τε
1462 1695 1552 1752 καὶ
1576 1694 1876 1775 δωροξενίας
1892 1694 1982 1753 καὶ
1997 1718 2092 1753 συ-

545 1781 822 1864 κοφαντίας
869 1782 962 1841 καὶ
990 1781 1168 1861 δώρων
1205 1782 1295 1841 καὶ
1343 1781 1734 1861 ψευδεγγραφῆς
1767 1781 1855 1840 καὶ
1894 1780 2091 1860 ὔὸρεως

543 1870 632 1927 καὶ
666 1868 901 1946 μοιχείας
940 1869 1030 1927 καὶ
1060 1867 1380 1947 βουλεύσεως
1418 1867 1511 1925 καὶ
1553 1870 1742 1928 ἄλλων.
1787 1873 1922 1942 Quae
1955 1873 2090 1925 item

543 1960 831 2032 exscripsit
874 1957 1071 2012 Suidas
1130 1976 1174 2013 s.
1233 1975 1289 2011 v.
1347 1959 1515 2013 Plura
1588 1956 1661 2011 de
1726 1957 2090 2011 Thesmothe-

544 2045 613 2098 tis
635 2062 705 2098 ex
748 2042 951 2098 eodem
983 2042 1136 2097 haud
1184 2042 1358 2096 dubie
1384 2043 1684 2099 Aristotele
1703 2084 1719 2111 ,
1756 2043 1853 2099 dat
1890 2044 2092 2098 Pollux

549 2130 713 2196 VIII,
771 2127 865 2198 87,
912 2128 985 2183 88
1033 2148 1047 2183 :
1099 2128 1170 2186 Οἱ
1222 2125 1318 2203 μὲν
1378 2128 1683 2204 θεσμοθέται
1735 2126 2093 2207 προγράφουσι

541 2213 665 2271 πότε
693 2213 772 2270 δεῖ
814 2211 1037 2280 δικάζειν
1062 2212 1131 2271 τὰ
1157 2212 1468 2294 δικαστήρια
1488 2237 1503 2252 ·
1531 2214 1623 2272 καὶ
1651 2213 1742 2281 τὰς
1764 2213 2093 2292 εἰσαγγελίας

545 2297 963 2376 εἶσαγγέλλουσιν
991 2300 1063 2366 εἰς
1086 2299 1171 2358 τὸν
1195 2300 1360 2376 δῆμον
1386 2300 1476 2359 καὶ
1503 2298 1597 2366 τὰς
1617 2300 1961 2380 χειροτονίας,
2000 2301 2092 2359 καὶ

545 2385 638 2452 τὰς
663 2385 925 2465 προὸολὰς
952 2386 1217 2464 εἰσάγουσι
1244 2387 1332 2445 καὶ
1355 2386 1448 2454 τὰς
1467 2390 1570 2445 τῶν
1597 2387 1916 2467 παρανόμων
1950 2411 2094 2468 γρα-

547 2472 674 2552 φάς·
709 2472 800 2531 καὶ
842 2473 892 2531 εἴ
930 2497 1008 2540 τις
1046 2473 1121 2550 μὴ
1166 2473 1457 2546 ἐπιτήδειον
1496 2474 1655 2551 νόμον
1703 2476 1954 2557 γράψειε,
1997 2476 2088 2534 καὶ

546 2563 858 2639 στρατηγοῖς
884 2559 1113 2628 εὗθύνας.
1163 2561 1402 2622 Γίνονται
1429 2560 1482 2620 δὲ
1520 2561 1719 2642 γραφαὶ
1746 2563 1873 2642 πρὸς
1907 2561 2093 2629 αὐτοὺς

542 2645 720 2732 ξενίας,
738 2648 1058 2727 δωροξενίας,
1079 2646 1277 2727 δώρων,
1296 2649 2093 2730 συκοφαντίας,ψευδοκλητείας,

543 2735 934 2815 ψευδεγγραφῆς
951 2780 968 2812 ,
1000 2735 1340 2814 βουλεύσεως,
1369 2735 1643 2815 ἀγραφίου,
1670 2736 1930 2815 μοιχείας·
1954 2736 2094 2796 εἰσά-

545 2843 694 2897 γουσι
720 2822 774 2879 δὲ
800 2822 893 2880 καὶ
934 2821 1244 2897 δοκιμασίαν
1271 2830 1385 2889 ταῖς
1414 2824 1600 2901 ἀρχαῖς
1622 2867 1639 2895 ,
1677 2822 1768 2881 καὶ
1809 2823 1926 2890 τοὺς
1955 2825 2094 2882 ἀπε-

544 2907 925 2986 ψηφισμένους,
954 2907 1046 2965 καὶ
1072 2906 1164 2973 τὰς
1191 2910 1250 2966 ἐκ
1272 2911 1364 2978 τῆς
1394 2910 1582 2986 βουλῆς
1608 2907 1983 2988 καταγνώσεις,
2004 2908 2095 2967 καὶ

542 2992 687 3057 δίκας
715 2991 1000 3069 ἐμπορικὰς
1026 2992 1115 3051 καὶ
1146 2992 1473 3068 μεταλλικὰς
1490 3036 1507 3066 ,
1533 2994 1624 3052 καὶ
1649 2993 1742 3053 ἐὰν
1782 2996 1961 3060 δοῦλος
1992 3017 2080 3052 κα·

545 3083 649 3143 κῶς
681 3076 905 3158 ἀγορεύῃ
933 3076 1019 3135 τὸν
1069 3076 1350 3159 ἐλεύθερον,
1378 3078 1468 3137 καὶ
1494 3086 1608 3145 ταῖς
1648 3081 1838 3158 ἀρχαῖς
1871 3081 2095 3149 ἐπικλη-

547 3168 692 3242 ροῦσι
727 3162 794 3222 τὰ
828 3162 1136 3243 δικαστήρια
1174 3162 1241 3222 τὰ
1263 3164 1370 3222 ἴδια
1407 3163 1498 3222 καὶ
1534 3162 1600 3221 τὰ
1637 3163 1891 3240 δημόσια·
1914 3164 2097 3223 καὶτὰ

551 3248 792 3325 σύμὸολα
829 3249 898 3307 τὰ
934 3251 1062 3329 πρὸς
1087 3249 1178 3317 τὰς
1212 3251 1388 3317 πόλεις
1426 3255 1666 3330 κυροῢσι,
1700 3250 1790 3309 καὶ
1817 3250 1963 3318 δίκας
1999 3251 2092 3319 τὰς

548 3337 652 3393 ἀπὸ
679 3336 955 3412 συμὸόλων
982 3337 1272 3412 εἰσάγουσι,
1293 3335 1490 3402 καὶτὰς
1511 3340 1614 3395 τῶν
1639 3337 2093 3418 ψευδομαρτυρίων

542 3427 645 3481 τῶν
673 3423 724 3491 ἐξ
761 3422 957 3504 Ἀρείου
986 3423 1180 3500 πάγου.
1214 3425 1299 3482 Cf.
1357 3426 1587 3482 Photius
1627 3445 1687 3501 p.
1728 3427 1862 3499 670,
1901 3435 1966 3494 14
1998 3427 2091 3486 ed.

543 3511 806 3580 Person„
836 3512 1073 3569 Bekker.
1105 3513 1321 3568 Anecd.
1342 3515 1403 3584 Ι,
1430 3532 1490 3587 p.
1524 3512 1659 3579 264.

1278 3674 1372 3731 32.

621 3843 762 3897 Lex.
794 3842 1031 3896 Rhetor.
1053 3860 1112 3914 p.
1140 3841 1253 3912 672
1273 3885 1289 3913 ,
1314 3860 1348 3897 2
1382 3843 1467 3901 :K
1487 3864 1515 3898 υ
1535 3842 1637 3920 ρ’ία
1663 3846 1698 3913 ἡ
1726 3844 2055 3915 ἐκκλησία
2077 3869 2091 3883 ·

549 3923 847 4004 Δημήτριος
873 3929 901 3984 ὁ
927 3924 1208 4004 Φαληρεὺς
1235 3929 1288 3984 ἐν
1315 3930 1390 4007 τῷ
1418 3926 1640 4009 δευτέρῳ
1665 3929 1797 4009 Περὶ
1819 3935 1914 4002 τῆς
1944 3931 2094 4003 Ἀθη-

549 4011 708 4070 ναίων
736 4012 1034 4088 νομοθεσίας
1055 4012 1084 4043 ⁴‘
1107 4014 1133 4039 *
1171 4014 1264 4092 (15
1294 4015 1411 4073 fere
1438 4017 1545 4075 litt.
1573 4017 1849 4094 spatium)
1872 4018 2094 4076 πλεῖστα

546 4096 894 4177 ἐχρημάτιζεν
917 4095 955 4168 ἢ
978 4097 1196 4175 μέγιστα
1227 4102 1330 4156 τῶν
1365 4104 1574 4159 κοινῶν·
1600 4103 1719 4159 ἀλλ’
1744 4103 1862 4173 ἐνῆν
1896 4103 1985 4162 τὸν
2010 4104 2094 4162 δε-

557 4181 767 4259 δεμένον
792 4183 947 4263 φησίν
965 4207 979 4221 ·
1008 4183 1222 4251 εἰκότως
1249 4184 1293 4242 δ’
1337 4184 1401 4244 ἄν
1430 4209 1505 4253 τις
1533 4189 1678 4268 αὐτῷ
1705 4188 2092 4264 ἐπιτιμήσειεν·

546 4276 592 4329 εἰ
623 4270 705 4347 (τί
720 4271 778 4348 ἓ)
807 4271 907 4350 γὰρ
935 4267 999 4329 ἂν
1018 4272 1145 4331 πότε
1169 4271 1349 4352 κυρίας
1367 4274 1647 4344 ἐκκλησίας
1666 4273 1782 4341 τοὺς
1799 4273 2094 4348 Ἀθηναίους

548 4356 760 4434 νομίσαι
792 4359 846 4415 ἐν
873 4359 899 4385 ¹*
925 4360 955 4389 ¹*
988 4359 1005 4437 (
1041 4380 1111 4417 10
1138 4362 1255 4417 fere
1283 4362 1434 4440 litt.)
1466 4360 1707 4437 ἐμίσθουν
1747 4362 1773 4388 ¹*
1796 4361 1822 4387 ¹*
1844 4365 1862 4441 (
1881 4385 1948 4421 10
1977 4366 2094 4422 fere

548 4447 652 4502 litt.
670 4447 710 4519 ).
735 4442 972 4520 Ἄμεινον
998 4438 1087 4505 οὗν
1116 4446 1454 4527 Ἀριστοτέλει
1482 4446 1820 4529 [πείθεσθαι]
1836 4473 1851 4486 ·
1878 4448 1972 4518 τὰς
1993 4450 2095 4533 γὰρ

547 4527 714 4608 ἀρχὰς
735 4532 790 4588 ἐν
832 4539 945 4597 ταῖς
971 4530 1170 4612 κυρίαις
1217 4533 1516 4603 ἐκκλησίαις
1543 4534 1698 4615 φησὶν
1727 4536 2094 4616 [ἐπι]χειροτο-

544 4619 742 4676 νεῖσθαι
756 4662 773 4691 ,
794 4618 883 4677 καὶ
904 4616 998 4684 τὰς
1012 4619 1339 4699 εἰσαγγελίας
1363 4620 1483 4698 [τὸν
1504 4621 1815 4699 βουλόμενον
1837 4630 2093 4684 ποιεῖσθαι

544 4708 658 4761 sive
686 4704 1036 4784 εἰσαγγέλλειν
1055 4707 1103 4784 ],
1122 4706 1212 4764 καὶ
1234 4705 1301 4765 τὰ
1320 4707 1454 4766 ἄλλα
1472 4712 1489 4786 (
1509 4706 1600 4773 τὰς
1620 4708 1782 4776 ἄλλας
1799 4712 1965 4789 cod.)
1992 4716 2091 4771 τῶν

550 4790 846 4868 ἀναγκαίων
885 4793 1225 4870 χρηματίζειν
1251 4812 1266 4826 ·
1294 4792 1680 4874 [χρηματίζειν
1704 4793 1759 4853 δὲ
1786 4803 1807 4867 J
1850 4796 1939 4855 καὶ
1973 4799 2092 4878 περὶ

607 5040 810 5089 Praestat
832 5039 1069 5090 Aristoteli
1096 5040 1240 5091 fidem
1267 4963 1459 5093 gibero.
1486 5046 1531 5093 ls
1555 5044 1684 5093 enim
1701 5044 1818 5094 dicit
1842 5045 1894 5094 in
1916 5045 2094 5110 κυρίαις

545 5115 814 5173 ἐκκλησίαις
836 5116 1141 5177 magistratus
1169 5117 1444 5167 confirmari
1471 5118 1542 5181 (si
1565 5119 1686 5169 bene
1709 5133 1811 5170 rem
1834 5122 2092 5185 gesserint3

544 5192 617 5241 sin
638 5191 820 5252 minus,
836 5194 1115 5256 abrogari),
1145 5198 1195 5244 et
1229 5208 1401 5246 causas
1417 5195 1479 5246 de
1509 5195 1787 5247 criminibus
1803 5198 2006 5260 publicis
2026 5200 2089 5250 ml

1571 437 2077 502 ARISTOTELIS
2118 439 2619 503 FRAGMENTA.

2174 571 2316 630 σίτου
2336 616 2354 649 ,
2390 571 2520 648 [καὶ
2554 571 2835 650 περὶτῆς]
2872 571 3105 649 φυλακῆς
3133 571 3225 639 τῆς
3262 566 3463 647 χώρας,
3505 568 3607 627 καὶ
3643 567 3736 636 τὰς

2177 656 2482 738 ἀπογραφὰς
2522 660 2624 715 τῶν
2672 655 3037 732 δημευομίνων
3078 654 3481 732 ἀναγιγνώσκειν
3517 657 3618 714 καὶ
3642 657 3737 722 τὰς

2174 743 2345 814 λήξεις
2372 746 2390 819 (
2418 741 2595 810 δείξεις
2613 746 2742 802 cod.
2764 745 2783 820 )
2809 745 2912 799 τῶν
2936 740 3173 819 κλήρων·
3199 739 3287 797 ἐπὶ
3316 739 3371 797 δὲ
3394 744 3487 811 τῆς
3533 743 3733 819 ὀστρα-

2174 829 2418 910 κοφορίας
2455 827 2873 909 προχειροτονίαν
2897 828 3157 899 δίδοσθαι,
3181 828 3226 884 εἰ
3249 826 3391 885 δοκεῖ
3413 826 3449 897 ἢ
3478 827 3561 903 μὴ
3597 832 3736 900 [elc-

2177 915 2349 997 φέρειν
2380 916 2440 974 τὸ
2462 917 2715 995 ὄστρακον
2743 916 2791 994 ].

2261 1005 2351 1061 Ad
2382 1007 2498 1060 haec
2520 1008 2762 1060 Meierus
2786 1023 2847 1077 p.
2879 1023 2947 1059 21
2988 1023 3002 1057 :
3037 1026 3061 1052 «ι
3089 1003 3260 1058 Initio
3285 1004 3435 1058 malo
3466 1000 3630 1080 κυρία
3659 1005 3737 1062 ἐκ·

2176 1089 2388 1159 κλησία.
2427 1123 2495 1135 —-
2541 1093 2814 1147 Demetrii
2842 1091 3184 1146 Phalerensis
3216 1091 3461 1145 orationi
3488 1091 3737 1164 integri·

2177 1190 2343 1233 tatem
2353 1178 2597 1233 reddant
2624 1179 2901 1233 acutiores
2917 1197 2932 1246 ;
2957 1196 3079 1250 quae
3098 1178 3247 1231 enim
3260 1177 3375 1250 ipse
3386 1179 3737 1251 perspexisse

2176 1266 2314 1319 mihi
2339 1264 2560 1332 videor,
2600 1283 2883 1338 perpauca
2934 1274 3090 1333 sunt,
3124 1264 3299 1319 veluti
3340 1265 3501 1337 quod
3532 1267 3737 1320 rescri-

2174 1352 2379 1425 pserim
2413 1370 2426 1405 z
2453 1351 2675 1407 πλεῖστα
2699 1350 2817 1428 ε’χρ.
2834 1348 2941 1407 καὶ
2961 1347 3209 1426 μέγιστα;
3243 1350 3449 1406 deinde
3472 1354 3739 1408 restitue-

2176 1439 2314 1492 rim:
2335 1433 2712 1510 ἐπιτιμήσειεν·
2738 1434 2790 1492 τί
2819 1433 2920 1514 γὰρ
2945 1433 3008 1492 ἄν
3032 1457 3223 1495 ποτε...
3239 1435 3519 1510 νομίσειεν.
3546 1438 3733 1510 Quum

2179 1542 2318 1579 vero
2358 1520 2698 1599 χρηματίζειν
2723 1524 2970 1595 primum
3020 1524 3079 1578 in
3120 1532 3384 1596 prytanes
3430 1523 3634 1593 cadat,
3676 1526 3737 1580 id

2178 1621 2257 1665 est
2280 1611 2339 1664 in
2362 1619 2662 1682 prytanum
2682 1610 2977 1683 proedroS,
2997 1620 3271 1683 quatenus
3296 1609 3355 1663 hi
3376 1611 3734 1682 potissimum

2184 1714 2313 1750 cum
2341 1696 2561 1768 populo
2593 1696 2833 1770 agebant
2864 1695 2972 1766 (sic
3008 1696 3158 1750 enim
3181 1696 3537 1750 concilianda
3568 1698 3737 1752 vide·

2180 1792 2271 1836 tur
2308 1782 2398 1836 lex
2423 1800 2515 1855 ap.
2564 1784 2727 1837 Dem.
2769 1783 2836 1839 C.
2874 1779 3009 1838 Mid.
3055 1801 3116 1855 p.
3152 1780 3288 1852 517,
3319 1801 3430 1855 qua
3469 1771 3738 1856 prytafies

2177 1867 2444 1939 jubentur
2476 1865 2834 1944 χρηματίζειν,
2865 1887 2995 1924 cum
3022 1870 3191 1942 ipsius
3216 1872 3455 1924 oratoris
3480 1871 3735 1943 explica-

2179 1957 2368 2029 tione,
2401 1957 2498 2028 qui
2515 1951 2635 2018 ’τοὺς
2661 1951 2939 2033 προέδρους
2959 1953 3304 2033 χρηματίζειν
3335 1955 3504 2026 dicit,
3531 1968 3601 2011 ut
3642 1958 3734 2012 hic

2182 2039 2411 2096 definite
2438 2040 2674 2111 dixerit,
2713 2041 2872 2113 quod
2898 2043 2959 2095 in
2991 2042 3114 2118 lege
3143 2045 3328 2097 minus
3350 2055 3617 2099 accurate
3641 2045 3729 2099 si-

2179 2125 2501 2200 gnificatum
2525 2128 2624 2196 sit;
2651 2127 3095 2184 cf.Schoemann.
3127 2132 3357 2202 Antiqq.
3390 2148 3450 2202 p.
3482 2147 3628 2198 221,
3656 2131 3730 2205 4),

2182 2211 2315 2267 dein
2351 2213 2412 2268 in
2448 2224 2701 2268 senatum
2728 2215 3167 2289 quingentorum
3213 2214 3327 2292 (sic
3364 2215 3727 2272 Demosthen.

2178 2301 2264 2354 De
2292 2318 2412 2355 cor.
2438 2320 2498 2374 p.
2532 2299 2669 2370 285,
2706 2319 2731 2355 1
2766 2320 2781 2356 z
2810 2299 2948 2377 Πρὶν
2969 2298 3167 2371 ἐκείνην
3200 2299 3275 2380 (i.
3307 2321 3361 2360 e.
3383 2300 3481 2370 τὴν
3510 2299 3730 2379 βουλὴν)

2178 2383 2504 2461 χρηματίσαι
2540 2385 2631 2443 καὶ
2673 2384 3076 2464 προδουλεῦσαι.
3116 2392 3361 2464 Lycurg.
3409 2390 3474 2446 C.
3520 2393 3727 2449 Leocr-

2193 2472 2227 2544 §
2269 2471 2368 2546 37,
2403 2468 2665 2547 βουλὴν...
2712 2477 3108 2551 χρηματιοῦσαν
3146 2472 3265 2550 περὶ
3315 2475 3575 2553 φυλακῆς.
3601 2478 3734 2533 Pol-

2179 2559 2296 2614 lux.
2326 2561 2497 2630 VIII,
2534 2565 2677 2635 144,
2716 2565 2750 2630 ἡ
2785 2557 2947 2637 βουλὴ
2975 2561 3397 2641 ἐχρημάτισεν),
3441 2563 3728 2637 denique,
3762 2583 3769 2594 ¹
3882 2557 3883 2570 ί

2184 2657 2336 2702 certe
2364 2648 2517 2721 apud
2544 2652 2959 2723 grammaticos,
2988 2652 3234 2724 populus
3272 2652 3388 2725 ipse
3412 2693 3429 2721 ,
3454 2664 3733 2724 quatenus

2181 2751 2312 2788 cum
2336 2751 2405 2788 eo
2432 2735 2493 2788 in
2512 2737 2786 2792 concione
2809 2736 3101 2811 agebatur,
3127 2733 3467 2814 χρηματίζειν
3507 2738 3732 2794 dicatur

2185 2819 2202 2894 (
2226 2821 2425 2876 Pollux
2444 2823 2611 2892 VIII,
2633 2823 2748 2897 96)
2782 2842 2797 2877 ε
2825 2824 2953 2879 satis
2979 2835 3214 2897 apparet
3236 2823 3394 2896 quod
3412 2824 3727 2895 subjectum

2180 2906 2253 2962 ad
2281 2905 2632 2984 ἐχρημάτισεν
2674 2910 3052 2981 desideretur,
3098 2929 3219 2965 non
3260 2900 3420 2985 posse
3467 2928 3589 2967 ὅσα
3629 2913 3730 2966 nisi

2181 3005 2277 3049 aut
2296 2992 2391 3062 τὴν
2422 2991 2612 3072 βουλὴν
2638 3008 2735 3053 aut
2763 2994 2851 3053 τὸν
2881 2997 3063 3072 δῆμον,
3091 3016 3337 3071 quorum
3361 3008 3426 3052 ut
3445 2999 3566 3054 hoc
3583 3018 3728 3073 prae-

2182 3080 2356 3137 feram
2380 3123 2398 3156 ,
2425 3083 2608 3155 ipsum
2641 3085 2844 3139 lemma
2876 3085 3067 3159 glossae
3101 3084 3399 3157 persuadet
3429 3103 3444 3138 :
3486 3088 3727 3159 spatium

2181 3168 2351 3241 igitur
2390 3170 2497 3227 XV
2536 3171 2825 3226 literarum
2857 3174 2936 3227 sic
2977 3172 3348 3246 suppleverint
3393 3168 3626 3249 [φησίν
3655 3195 3678 3222 ι
3700 3173 3729 3226 ὁ

2182 3249 2277 3326 μὲν
2302 3251 2404 3333 γὰρ
2444 3254 2664 3330 δῆμος].
2702 3259 2913 3313 Verum
2941 3259 3107 3315 etiam
3149 3260 3210 3312 in
3237 3258 3424 3314 verbis
3462 3255 3588 3314 ἀλλ’
3613 3258 3726 3327 ἐνῆν

2179 3338 2267 3396 τὸν
2296 3339 2582 3416 δεδεμένον,
2621 3340 2799 3421 φησὶν,
2830 3345 2933 3400 ubi
2957 3345 3150 3400 malim
3179 3357 3331 3401 certe
3357 3340 3442 3400 τόν
3465 3365 3522 3401 τε
3552 3345 3727 3420 δῆμον,

2180 3431 2402 3502 gravius
2419 3431 2553 3486 latet
2570 3431 2728 3487 ulcus
2751 3451 2937 3506 neque
2959 3433 3190 3488 minima
3211 3433 3391 3500 laboe3
3420 3450 3549 3506 quae
3584 3434 3725 3490 enim

2179 3526 2307 3588 post
2336 3514 2491 3594 φησὶν
2532 3518 2817 3593 leguntur,
2847 3538 2968 3574 non
2997 3520 3271 3575 Demetrii
3310 3529 3472 3588 sunt,
3518 3520 3622 3576 sed
3657 3517 3725 3575 ad

2180 3603 2531 3657 Demetrium
2548 3605 2921 3678 refellendum
2943 3607 3252 3681 pertinent.
3289 3629 3314 3656 ν
3358 3636 3437 3647 -—·
3468 3608 3592 3681 Ego
3616 3608 3727 3663 De-

2182 3688 2446 3743 metrium
2470 3690 2578 3745 tale
2597 3690 2737 3763 quid
2760 3691 2961 3747 dixisse
2982 3693 3235 3766 suspicor
3261 3708 3280 3751 ε
3314 3689 3514 3771 [Κυρία
3545 3693 3723 3760 ἐκκλη-

2186 3771 2305 3843 σία,
2349 3774 2442 3831 οὖκ
2470 3774 2522 3831 ἐν
2559 3765 2638 3852 ᾖ]
2667 3776 2890 3834 πλεῖστα
2931 3777 3276 3857 ἐχρημάτιζον
3308 3760 3351 3849 ’λ’
3372 3776 3598 3855 μέγιστα
3624 3780 3721 3836 τῶν
3778 3823 3791 3830 -

2180 3861 2384 3930 κοινῶν,
2416 3862 2535 3919 ἀλλ’
2578 3865 2630 3921 ἐν
2668 3854 2823 3941 ᾖτὰς
2852 3866 2956 3922 τῶν
2989 3863 3351 3941 δημευομένων
3388 3864 3723 3945 [ἀπογραφὰς

2181 3944 2555 4022 ἀνεγίγνωσκον
2595 3948 2687 4008 καὶ
2712 3948 2780 4009 τὰ
2830 3950 3132 4028 μισθώσιμα
3160 3950 3403 4027 ἐμίσθουν
3421 3952 3444 4030 ]
3461 3975 3476 3990 ·
3524 3951 3721 4013 εἰκότως

2181 4033 2292 4092 δ’...
2329 4034 2681 4111 ἐπιτιμήσειε·
2722 4035 2804 4104 τίς
2842 4038 2943 4116 γὰρ
2987 4037 3050 4096 ἄν
3077 4060 3202 4096 ποτε
3235 4039 3417 4118 κυρίας
3450 4037 3721 4110 ἐκκλησίας

2181 4118 2484 4200 [καλέσαι]
2524 4122 2643 4190 τοὺς
2676 4122 2968 4195 Ἀθηναίους
3007 4124 3261 4201 νομίσειεν
3290 4125 3315 4204 [
3341 4129 3394 4185 ἐν
3422 4118 3509 4192 αἷς
3542 4123 3608 4184 τὰ
3638 4147 3720 4200 μι-

2181 4204 2421 4283 σθώσιμα
2444 4208 2467 4286 ]
2487 4208 2731 4285 ἐμίσθουν
2759 4212 2874 4289 [καὶ
2896 4213 2927 4244 ”’
2950 4213 2979 4244 ⁴⁸
2999 4214 3029 4242 ⁴²
3050 4213 3093 4291 ].
3119 4209 3357 4288 Ἄμεινον
3386 4203 3474 4271 οὖν
3499 4215 3615 4272 κτλ.
3642 4242 3717 4255 -

2179 4296 2368 4370 Pergit
2395 4299 2636 4355 Meierus
2664 4319 2678 4353 ε
2714 4324 2739 4350 «
2774 4302 3038 4357 Feliciori
3071 4302 3210 4357 mihi
3243 4303 3482 4377 contigit
3520 4319 3634 4358 esse
3664 4301 3719 4354 in

2179 4383 2491 4439 Aristotelis
2510 4385 2823 4461 fragmento
2855 4388 3110 4444 sanando
3129 4429 3146 4458 ,
3174 4389 3332 4462 quod
3350 4399 3414 4443 ut
3439 4388 3718 4460 hodieque

2178 4470 2587 4527 restituendum
2608 4474 2854 4546 videtur,
2891 4477 2971 4530 ita
2994 4475 3113 4548 jam
3151 4484 3280 4531 ante
3308 4477 3528 4549 aliquot
3554 4490 3720 4530 annos

2183 4553 2278 4629 (in
2300 4557 2582 4614 Prooemio
2616 4560 2817 4617 tabulis
2861 4563 3181 4618 scholarum
3215 4564 3371 4620 uuir.
3416 4563 3545 4617 Hal.
3580 4579 3715 4635 prae—

2180 4642 2367 4713 misso,
2395 4643 3029 4723 1835-036)sign1ficavi
3060 4648 3481 4705 rescribendum
3525 4666 3656 4704 esse.
3691 4668 3715 4695 ι

2179 4724 2446 4800 Sequitur
2470 4731 2626 4787 locus
2642 4734 2952 4792 Aristotelis
2973 4736 3049 4791 ita
3071 4738 3431 4804 constitutus,
3455 4737 3538 4789 uti
3566 4753 3598 4790 a
3619 4751 3717 4788 no-

2180 4804 2267 4860 bis
2291 4820 2543 4866 exaratus
2557 4822 2652 4870 est.
2671 4814 2910 4869 Lacunae
2930 4815 3088 4888 sig-na
3102 4815 3161 4869 in
3182 4814 3380 4870 codice
3398 4825 3529 4868 sunt
3548 4812 3712 4868 nulla.

2180 4968 2411 5029 populum
2429 4969 2629 5034 deferri,
2653 4971 2811 5035 deque
2834 4973 3029 5036 reliquis
3045 4975 3318 5024 necessariis
3333 4974 3437 5036 agi,
3463 4974 3514 5023 et
3544 4972 3603 5022 de
3624 4971 3717 5020 sru-

2180 5048 2382 5108 mentis,
2424 5048 2486 5099 de
2525 5050 2743 5100 custodia
2785 5053 3019 5114 regionis,
3056 5056 3106 5102 et
3148 5053 3335 5105 libellos
3372 5051 3718 5115 publicatorum

2181 5122 2369 5173 recitari
2388 5128 2437 5174 et
2467 5129 2620 5175 sortes
2651 5125 2997 5189 hereditatum,
3022 5131 3073 5180 et
3089 5129 3285 5179 decerni
3314 5141 3431 5190 num
3462 5123 3717 5178 ostracimi

2183 5199 2385 5251 habendi
2403 5214 2547 5252 causa
2566 5204 2628 5253 sit
2645 5217 2809 5253 necue.
