3900 6042
589 451 690 500 112

579 575 638 626 in
674 571 875 627 tabulis
902 569 1234 643 quibusdam
1265 568 1647 624 inscribendos
1685 568 1848 622 fuisse
1893 549 2121 636 vfflunt,

579 661 683 716 hac
708 659 778 713 de
805 677 866 712 re
882 699 896 726 ,
921 676 1096 730 quum
1123 667 1335 711 veteres
1356 655 1698 729 probatique
1719 656 2123 726 testes-sileant,

579 746 742 804 nobis
764 763 882 798 non
904 745 1034 798 satis
1065 744 1281 815 liquere
1307 741 1659 815 profitemur.
1711 766 1734 792 ν
1766 741 1850 796 Cf.
1884 739 2126 795 eundem

579 823 1013 886 Schoernannum
1036 831 1075 884 l.
1111 831 1151 885 l.
1182 847 1243 902 p.
1290 827 1416 902 198.

1306 972 1396 1010 20.

659 1089 1144 1162 Harpocrationxr.
1175 1085 1460 1166 Περίπολος
1487 1106 1500 1144 :
1531 1084 1884 1164 Ἀριστοτέλης
1904 1087 1958 1142 ἐν
1987 1084 2128 1154 Ἀθη-

581 1171 736 1230 ναίων
759 1173 994 1252 πολιτείᾳ
1022 1173 1140 1251 περὶ
1169 1176 1267 1231 τῶν
1296 1172 1503 1253 ἐφήὸων
1526 1171 1691 1250 λέγων
1734 1172 1887 1251 φησὶν
1930 1170 2090 1236 οὕτως
2107 1189 2122 1205 ’

584 1290 603 1309 -
626 1259 732 1318 Τὸν
755 1259 985 1337 δεύτερον
1015 1258 1243 1317 ἐνιαυτὸν
1262 1259 1540 1330 ἐκκλησίας
1563 1263 1616 1318 ἐν
1642 1263 1717 1338 τῷ
1740 1259 1941 1337 θεάτρῳ
1978 1279 2125 1335 γενο·

583 1346 736 1420 μένης
768 1344 1138 1421 ἀποδεξάμενοι
1176 1348 1250 1424 τῷ
1290 1345 1444 1425 δήμῳ
1489 1346 1609 1424 περὶ
1651 1349 1800 1421 (lege
1840 1345 1987 1423 παρὰ
2033 1349 2123 1402 τοῦ

582 1432 749 1508 δήμου
783 1453 852 1489 ex
883 1435 1077 1506 Suida)
1108 1430 1200 1498 τὰς
1223 1430 1394 1498 τάξεις
1418 1432 1509 1489 καὶ
1533 1431 1775 1497 λαὸόντες
1804 1430 2002 1489 ἀσπίδα
2030 1429 2120 1488 καὶ

464 1531 489 1549 ·
582 1519 704 1597 δόρυ
733 1516 878 1596 παρὰ
904 1521 993 1574 τοῦ
1018 1516 1186 1594 δήμου
1214 1519 1550 1597 περιπολοῦσι
1575 1517 1672 1587 τὴν
1695 1518 1875 1596 χώραν
1902 1516 1993 1575 καὶ
2023 1517 2130 1574 δια-

585 1603 845 1681 τρίὸουσιν
891 1605 942 1660 ἐν
982 1608 1090 1670 τοῖς
1121 1603 1503 1683 φυλακτηρίοις.
1538 1633 1563 1656 υ
1596 1603 2007 1684 Παρατηρητέον
2039 1594 2129 1663 οὖν

583 1698 659 1752 ὅτι
712 1689 804 1766 μὲν
848 1694 876 1749 ὁ
917 1689 1283 1771 Ἀριστοτέλης
1330 1694 1419 1749 ἕνα
1467 1691 1623 1772 φησὶν
1649 1692 1880 1750 ἐνιαυτὸν
1927 1693 1981 1748 ἐν
2024 1691 2129 1757 τοῖς

580 1776 876 1856 περιπόλοις
893 1777 1124 1854 γίνεσθαι
1145 1777 1263 1845 τοὺς
1292 1778 1532 1858 ἐφήὸους,
1555 1777 1651 1837 ὁδὲ
1677 1778 1933 1857 Αἰσχίνης
1957 1778 2126 1857 (Περὶ

580 1863 915 1941 παραπρεσὸ.
941 1866 974 1940 §
1000 1868 1137 1941 167)
1165 1864 1273 1924 δύο.

659 1951 870 2006 Eadem
905 1952 1101 2007 Suidas
1142 1964 1200 2008 et
1223 1954 1473 2010 Photius.
1521 1954 1705 2008 Verba
1757 1951 2128 2028 ἀποδεξάμενοι

677 2034 843 2101 τάξεις
865 2034 953 2092 καὶ
982 2040 1164 2092 omitt.
1193 2038 1322 2093 cod.
1351 2041 1422 2095 D.
1449 2051 1506 2094 et
1530 2040 1776 2096 Photius.
1803 2044 1871 2098 V.
1897 2043 2127 2096 Boeekh.

583 2125 621 2179 l.
647 2125 683 2177 l.
704 2141 762 2195 p.
795 2121 826 2175 5
850 2142 1005 2196 sqq.;
1035 2125 1279 2179 Clinton.
1305 2127 1366 2180 F.
1388 2127 1461 2180 H.
1495 2137 1633 2183 tom.
1657 2129 1733 2196 ΙΙ,
1748 2147 1807 2201 p.
1831 2128 1967 2183 362.
1988 2130 2129 2184 Her-

582 2228 773 2264 mann.
819 2211 851 2283 §
907 2211 1042 2278 123,
1076 2210 1141 2280 83
1172 2210 1526 2269 Schoemann.
1568 2216 1763 2286 Antiq.
1794 2234 1855 2287 p.
1894 2216 2003 2289 198
2038 2235 2122 2288 sq.

583 2297 842 2351 Ceterum
871 2309 1020 2352 errat
1040 2299 1244 2371 procul
1271 2295 1447 2353 dubio
1476 2303 1869 2373 grammaticus
1896 2321 1967 2357 ex
1995 2304 2125 2358 loco

584 2382 752 2436 allato
799 2383 1065 2456 colligens
1106 2385 1465 2439 Aristotelem
1509 2396 1729 2458 putasse
1757 2387 1993 2459 juvenes
2026 2407 2131 2462 per

582 2487 757 2522 unum
787 2479 1005 2524 tantum
1032 2490 1242 2525 annum
1262 2473 1629 2527 circuitorum
1650 2492 1882 2530 munere
1909 2475 2131 2531 functos

583 2572 714 2612 esse.
744 2556 927 2611 Verba
951 2553 1036 2612 τὸν
1061 2555 1293 2635 δεύτερον
1317 2554 1545 2613 ἐνιαυτόν
1565 2560 1899 2616 intellexerit
1920 2581 2128 2618 annum

581 2641 887 2697 secundum
914 2645 1007 2711 τῆς
1043 2640 1179 2713 ἥὸης
1198 2688 1216 2716 .‚
1245 2663 1348 2718 per
1373 2663 1615 2718 eumque
1638 2646 1870 2717 juvenes
1896 2652 2130 2725 peripo-

584 2728 666 2780 los
685 2727 847 2783 fuisse
872 2732 1169 2802 putaverit.
1196 2732 1571 2805 Intelligenda
1599 2746 1785 2788 autem
1811 2737 1985 2791 verba
2003 2748 2129 2790 sunt

584 2814 667 2869 de»
683 2817 956 2871 concione
976 2836 1097 2890 quae
1116 2819 1427 2873 habebatur
1449 2833 1687 2875 exeunte
1708 2824 1799 2889 ἧς
1819 2819 1953 2892 ἥὸης
1969 2825 2128 2879 bien·

584 2902 708 2968 nio,
739 2903 894 2974 quod
916 2906 1225 2977 excipiebat
1252 2907 1488 2960 alterum
1534 2906 1822 2962 biennium
1849 2910 1950 2965 τῶν
1976 2931 2127 2987 περι-

585 2984 780 3047 πόλων.

1316 3147 1409 3184 21.

665 3256 823 3311 Idem
858 3276 871 3310 ε
901 3253 1045 3315 Ὅτι
1087 3257 1240 3335 νόμος
1271 3261 1407 3319 ἐστὶν
1447 3262 1575 3341 ὑπὲρ
1622 3263 1676 3340 μ’
1719 3263 1811 3335 ἔτη
1860 3263 2130 3346 γενόμενον

587 3348 826 3418 χορηγεῖν
857 3342 1067 3415 παισὶν,
1114 3346 1364 3424 Αἰσχίνης
1405 3372 1461 3405 τε
1492 3350 1543 3407 ἐν
1571 3353 1645 3429 τῷ
1677 3349 1814 3408 κατὰ
1853 3354 1902 3410 Τ
1906 3353 2130 3433 ιμάρχου

592 3427 675 3499 (c.
706 3429 768 3503 5)
801 3431 925 3507 φησὶ
949 3431 1039 3487 καὶ
1086 3432 1439 3512 Ἀριστοτέλης
1474 3439 1526 3494 ἐν
1567 3442 1632 3514 τῇ
1662 3436 1940 3511 Ἀθηναίων
1975 3444 2129 3500 πολι-

587 3512 717 3592 τεία.
755 3519 985 3574 Photius
1007 3531 1062 3576 et
1084 3522 1281 3578 Suidas
1309 3525 1504 3580 eadem
1523 3568 1539 3596 ‚
1565 3529 1789 3583 testium
1812 3531 2133 3588 nominibus

590 3620 819 3660 omissls.

1313 3747 1409 3788 22.

672 3852 827 3907 Idem
857 3875 870 3909 z
907 3855 1218 3935 Πρόεδροι
1246 3860 1553 3940 ἐκληροῦντο
1589 3866 1692 3922 τῶν
1721 3866 1849 3937 (ὑπὸ
1876 3871 1978 3926 τῶν
2017 3891 2126 3928 em.

588 3935 766 3993 Vales.
803 3960 931 3996 cum
977 3946 1117 4002 Lex.
1163 3948 1369 4024 Rhet.)
1400 3948 1701 4028 πρυτάνεων
1742 3957 1858 4010 καθ’
1906 3955 2132 4026 ἑκάστην

589 4027 898 4100 πρυτανείαν
930 4029 1002 4110 (l.
1034 4032 1337 4111 ἐκκλησίαν)
1365 4027 1435 4102 εἷς
1474 4035 1524 4104 ἐξ
1546 4038 1766 4110 ἑκάστης
1805 4044 1967 4119 φυλῆς
1996 4044 2132 4115 πλὴν

1721 433 2217 494 ARiS'l'OTELlS
2264 432 2756 491 FRAGMENTA.

2213 564 2305 630 τῆς
2333 559 2744 640 πρυτανευούσης
2760 605 2775 630 ,
2797 558 2976 625 οἵτινες
3000 560 3067 618 τὰ
3088 562 3206 640 περὶ
3225 560 3317 628 τὰς
3341 565 3646 634 ἐκκλησίας
3677 563 3788 644 ὂιῷ.

2212 669 2356 708 κουν.
2402 645 2718 706 Ἐκαλοῧντο
2748 647 2803 704 δὲ
2829 645 3100 724 πρόεδροι,
3137 649 3413 728 ἐπειδήπερ
3440 650 3777 730 προήδρευον

2214 738 2316 792 τῶν
2341 732 2515 792 ἄλλων
2546 732 2810 791 ἁπάντων.
2841 734 3107 800 Πολλάκις
3144 736 3188 794 δ’
3217 737 3327 795 ἐστὶ
3348 736 3600 813 τοῦνομα
3640 739 3782 816 παρὰ

2213 830 2318 887 τοῖς
2348 820 2618 902 ῥήτορσιν,
2663 825 2733 887 ὡς
2767 821 2857 877 καὶ
2885 820 3032 901 παρὰ
3073 823 3391 898 Δημοσθένει
3431 828 3493 883 ἐν
3544 827 3629 903 τῷ
3670 829 3779 882 κατ’

2198 906 2573 986 ίἈνδροτίωνος
2612 906 2703 964 καὶ
2742 907 2968 986 Αἰσχίνῃ
2997 909 3051 963 ἐν
3078 912 3153 989 τῷ
3198 908 3336 967 κατὰ
3380 912 3783 990 Κτησιφῶντος.

2215 994 2348 1054 Ὅτι
2371 994 2415 1051 δ’
2445 997 2473 1052 ὁ
2507 993 2822 1070 καλούμενος
2850 995 3134 1066 ἐπιστάτης
3160 997 3345 1076 κληροῖ
3370 996 3603 1068 αὐτοὺς,
3635 996 3776 1077 εἴρη-

2214 1102 2303 1138 κεν
2322 1077 2676 1159 Ἀριστοτέλης
2703 1082 2755 1136 ἐν
2780 1080 3063 1152 Ἀθηναίων
3092 1082 3346 1160 πολιτείᾳ.

2294 1169 2434 1225 Καθ’
2477 1165 2704 1237 ἑκάστην
2751 1166 3098 1247 πρυτανείαν]
3138 1192 3190 1228 κ.
3239 1172 3282 1226 ἑ.
3322 1170 3629 1241 ἐκκλησίαν
3674 1192 3778 1232 em.

2216 1259 2461 1311 Luzacus
2482 1258 2567 1311 De
2594 1257 2822 1314 Socrate
2849 1259 2968 1311 cive
2995 1276 3053 1330 p.
3084 1276 3181 1330 97,
3213 1259 3370 1331 quod
3396 1261 3697 1332 probatur
3718 1280 3783 1315 ex

2217 1345 2357 1397 Lex.
2384 1343 2553 1397 Rhet.
2578 1361 2638 1415 p.
2670 1360 2804 1415 290.
2822 1342 3053 1397 Photius
3075 1362 3305 1416 quoque
3330 1337 3567 1400 duabus
3594 1348 3784 1420 glossis

2214 1448 2268 1485 v.
2295 1425 2543 1506 Πρόεδροι
2562 1429 2757 1484 eadem
2774 1429 3067 1502 proferens
3084 1471 3099 1498 ,
3126 1434 3184 1485 in
3198 1433 3370 1486 altera
3386 1433 3575 1487 babet
3604 1434 3783 1503 ἐκκλη-

2217 1513 2361 1583 σίαν,
2402 1516 2537 1570 dum
2573 1517 2631 1570 in
2671 1517 2844 1572 altera
2883 1528 2964 1571 est
2999 1515 3331 1594 πρυτανείαν.
3362 1517 3455 1573 Cf.
3494 1522 3685 1575 schol.
3715 1523 3783 1576 ad

2213 1604 2574 1657 Demosthen.
2606 1620 2637 1657 e
2665 1603 2796 1657 cod.
2838 1603 3135 1671 Bavarico,
3159 1605 3315 1659 Orat.
3346 1606 3449 1661 Gr.
3488 1615 3641 1660 tom.
3691 1608 3776 1674 11,

2212 1707 2270 1761 p.
2310 1695 2416 1753 104
2453 1689 2545 1745 ed.
2573 1689 2795 1756 Reisk.;
2825 1689 3001 1743 schol.
3036 1690 3108 1744 ad
3135 1692 3381 1746 AEschin.
3419 1693 3491 1747 C.
3532 1693 3776 1766 Ctesiph.

2214 1794 2274 1847 p.
2302 1782 2412 1845 247
2446 1782 2532 1847 sq.
2568 1774 2661 1830 ed.
2712 1775 2890 1833 Bekk.
2922 1777 3122 1830 Pollux
3163 1778 3325 1846 VIII,
3362 1777 3438 1850 96
3483 1798 3499 1832 z
3535 1774 3779 1836 “oravet

2214 1859 2488 1940 πρυτάνεις
2523 1859 2611 1918 τὸν
2642 1861 2806 1936 δῆμον
2840 1857 2875 1930 ἢ
2908 1859 3002 1932 τὴν
3030 1860 3222 1939 βουλὴν
3260 1862 3597 1940 συνάγωσιν,
3638 1855 3779 1929 οὗτος

2220 1949 2275 2023 (ὁ
2305 1945 2614 2026 ἐπιστάτης)
2643 1946 2693 2015 ἐξ
2718 1948 2940 2020 ἑκάστης
2975 1952 3135 2029 φυλῆς
3162 1949 3407 2029 πρόεδρον
3432 1949 3531 2009 ἕνα
3557 1953 3775 2028 κληροῖ,

2215 2033 2377 2111 μόνην
2400 2033 2492 2103 τὴν
2523 2033 2937 2113 πρυτανεύουσαν
2962 2035 3144 2115 ἀφιείς.
3175 2040 3372 2094 Suidas
3402 2059 3459 2097 v,
3500 2037 3771 2116 Πρόεδροι.

2215 2125 2614 2179 Recentiorum
2652 2124 2828 2178 libros
2872 2124 3064 2180 laudat
3106 2128 3392 2182 Hermann
3415 2128 3452 2183 l.
3498 2129 3537 2181 l.
3568 2128 3605 2200 §
3648 2145 3771 2195 127-

2215 2212 2567 2278 Schoemann.
2612 2212 2801 2284 Antiq.
2825 2228 2887 2283 p.
2924 2229 3031 2281 2¹7
3056 2253 3072 2282 ,
3104 2231 3163 2286 93
3196 2215 3278 2268 De
3307 2216 3557 2269 comitiis
3584 2233 3642 2288 p.
3674 2213 3768 2270 85.

2913 2366 2986 2404 22
3017 2368 3066 2407 a.

2296 2485 3194 2562 Harpocrationtssputaveioeq·
3217 2484 3772 2566 Ἀντιφῶνέντῷπρὸς

2217 2569 2497 2628 Νικοκλέα.
2525 2568 2686 2630 Ἔστι
2710 2569 2766 2628 δὲ
2790 2571 3004 2651 ἀριθμὸς
3032 2575 3241 2650 ἡμερῶν
3277 2579 3313 2645 ἡ
3341 2575 3637 2654 πρυτανεία
3658 2573 3769 2645 ἤτοι

2215 2655 2300 2720 λς’
2325 2657 2359 2724 ἢ
2386 2656 2461 2712 λε’
2478 2699 2494 2730 ,
2525 2655 2614 2714 καὶ
2649 2659 2847 2729 ἑκάστη
2877 2657 3011 2738 φυλὴ
3039 2658 3363 2739 πρυτανεύει.
3395 2660 3698 2720 Διείλεκται
3718 2661 3768 2716 δὲ

2214 2741 2334 2821 περὶ
2376 2740 2569 2799 τούτων
2610 2742 2961 2824 Ἀριστοτέλης
3008 2747 3060 2803 ἐν
3087 2749 3152 2824 τῇ
3181 2745 3481 2814 Ἀθηναίων
3510 2745 3760 2824 πολιτείᾳ.

2216 2830 2298 2885 cf.
2326 2827 2525 2885 Suidas
2544 2850 2602 2889 v.
2635 2829 2976 2909 Πρυτανείας.

2941 2962 3037 3020 23.

2300 3098 2460 3155 Idem
2503 3119 2517 3153 :
2547 3097 2899 3170 Ἐπιστάτη
2912 3122 2954 3164 ς.
2996 3099 3103 3159 Δύο
3144 3100 3272 3158 εἰσὶν
3312 3103 3361 3160 οἱ
3399 3102 3765 3180 καθιστάμενα

2221 3184 2525 3256 ἐπιστάται,
2550 3187 2577 3241 ὁ
2607 3183 2700 3260 μὲν
2738 3188 2798 3242 ἐκ
2830 3184 3131 3265 πρυτάνεων
3163 3188 3544 3268 κληρούμενος,
3576 3195 3605 3248 ὁ
3628 3189 3680 3248 δὲ
3707 3192 3759 3246 ἐκ

2221 3271 2322 3326 τῶν
2341 3271 2602 3351 προέδρων
2617 3317 2635 3347 ,
2657 3263 2728 3328 ὧν
2749 3271 2986 3350 ἑκάτερος
3002 3273 3119 3331 τίνα
3143 3275 3395 3346 διοίκησιν
3421 3279 3610 3336 διοικεῖ
3628 3275 3762 3346 δεδή-

2220 3357 2384 3415 λωκεν
2412 3361 2440 3415 ὁ
2467 3357 2821 3438 Ἀριστοτέλης
2844 3361 2896 3416 ἐν
2921 3360 3199 3432 Ἀθηναίων
3229 3363 3487 3443 πολιτείᾳ.

2300 3443 2595 3502 CfaPo‘llux
2607 3449 2760 3517 VIII,
2774 3448 2848 3522 96
2864 3468 2879 3502 ε
2898 3445 3220 3520 Ἐπιστάτης
3235 3450 3281 3506 δ’
3295 3450 3433 3507 ἐστὶν
3447 3441 3519 3517 ἐἷς
3533 3455 3639 3509 τῶν
3650 3473 3761 3527 πρυ-

2220 3528 2416 3587 τάνεων
2434 3575 2449 3601 ,
2466 3534 2494 3588 ὁ
2516 3529 2693 3610 κλήρῳ
2711 3531 2908 3610 λαχών.
2935 3533 3026 3600 Δὶς
3046 3533 3100 3592 δὲ
3124 3537 3217 3593 οὐκ
3236 3534 3400 3604 ἔξεστι
3420 3537 3657 3614 γενέσθαι
3681 3536 3759 3594 τὸν

2224 3614 2376 3672 αὐτὸν
2405 3615 2711 3687 ἐπιστάτην.
2744 3615 2902 3697 Ἔχει
2931 3616 2984 3676 δὲ
3005 3611 3149 3687 οὗτος
3171 3625 3272 3678 τῶν
3292 3625 3444 3701 ἱερῶν
3484 3623 3583 3690 τὰς
3604 3626 3759 3690 κλεῖς,

2223 3700 2275 3756 ἐν
2304 3691 2375 3767 οἷς
2394 3700 2460 3758 τὰ
2482 3700 2734 3780 χρήματα
2761 3704 2849 3760 καὶ
2875 3702 2941 3761 τὰ
2962 3705 3269 3785 γράμματα.
3289 3711 3619 3784 Sequuntur
3640 3731 3751 3785 quae

2227 3786 2287 3842 in
2310 3791 2674 3857 antecedente
2696 3792 2894 3867 fragm.
2923 3795 3208 3869 adscripsi.
3222 3798 3513 3854 —Suidas
3533 3820 3595 3856 v.
3618 3797 3756 3857 Ἔπι-

2224 3873 2412 3945 στάτης
2443 3898 2456 3932 ε
2489 3878 2610 3936 Τῶν
2652 3877 2950 3955 πρυτάνεων
2979 3870 3053 3945 εἷς
3085 3884 3113 3938 ὁ
3150 3880 3329 3959 λαχὼν
3357 3884 3642 3956 ἐπιστάτης
3662 3883 3758 3942 ἐλί-

2222 3983 2360 4036 γετο.
2393 3961 2484 4029 Δὶς
2514 3961 2569 4021 δὲ
2606 3963 2695 4022 τὸν
2724 3964 2878 4022 αὐτὸν
2916 3968 3193 4037 ἐπιστῆσαι
3221 3972 3314 4027 οὐκ
3335 3968 3470 4040 ἐξῆν,
3493 3970 3755 4031 Φυλάσσει

2224 4045 2278 4104 δὲ
2312 4053 2404 4106 τοῦ
2438 4052 2578 4128 ἱεροῦ
2618 4049 2714 4116 τὰς
2757 4052 2925 4124 κλεῖς,
2957 4055 3010 4111 ἐν
3036 4044 3081 4134 ᾧ
3114 4054 3180 4111 τὰ
3216 4055 3441 4128 δημόσια
3483 4057 3753 4135 χρήματα,

610 4141 3749 4186 ---———--——-————————-——---—.....-—....

1320 4206 1410 4256 20.

651 4281 932 4344 Περίπολος,
951 4283 1191 4335 circuitor.
1239 4288 1512 4339 Aristoteles
1530 4290 1576 4339 in
1605 4294 1720 4354 Rep.
1748 4294 2135 4358 Atheniensium,

590 4357 651 4404 «le
668 4357 862 4419 ephebis
887 4359 1031 4409 verba
1055 4362 1229 4412 taciens
1246 4364 1314 4412 sic
1337 4365 1406 4414 ait
1430 4386 1442 4414 ι
1466 4386 1489 4408 ιε
1512 4369 1672 4417 Altero
1689 4382 1817 4418 anno
1835 4373 2065 4423 concione
2086 4374 2135 4423 in

513 4465 518 4470 -
592 4437 780 4483 theatro
798 4442 1082 4495 convocata,
1117 4441 1315 4503 ephebi,
1336 4445 1502 4507 clypeo
1539 4451 1586 4495 et
1609 4448 1749 4498 basta
1782 4462 1869 4511 pro
1901 4452 2136 4502 concione

592 4515 814 4574 accepta,
840 4516 1015 4563 terram
1055 4518 1262 4566 Atticam
1290 4521 1584 4581 perlustrant
1605 4525 1655 4572 et
1695 4524 1744 4573 in
1780 4527 1988 4578 castellis
2027 4541 2136 4578 ver-

591 4593 775 4639 santur.
795 4611 818 4633 n
835 4593 1048 4642 Observa
1065 4595 1361 4646 Aristotelem
1382 4603 1550 4661 putare
1563 4602 1774 4663 ephebos
1791 4617 1875 4666 per
1888 4619 2068 4656 annum
2088 4608 2137 4658 in

590 4666 804 4716 excubiis
825 4670 1076 4730 mansisse,
1101 4669 1377 4724 AEschinem'
1397 4690 1482 4738 per
1499 4677 1765 4731 biennium.

1319 4758 1406 4809 21.

618 4902 629 4914 .
657 4830 756 4876 Lex
769 4829 906 4890 jubet
928 4835 983 4881 ut
1024 4847 1282 4896 puerorum
1302 4838 1492 4901 choragi
1510 4854 1690 4891 anuum
1709 4844 1865 4893 aetatis
1880 4847 2137 4909 quadrage·

589 4915 766 4952 simum
796 4911 1113 4971 excesserint,
1145 4913 1214 4962 uti
1250 4916 1494 4965 AEschines
1528 4919 1575 4966 in
1608 4919 1823 4968 oratione
1860 4926 2025 4972 contra
2060 4925 2138 4973 Ti·

593 4980 840 5030 marchum
862 4983 1003 5046 dicit,
1024 4989 1071 5035 et
1094 4990 1366 5040 Aristoteles
1383 4993 1431 5041 in
1455 4995 1569 5056 Rep.
1602 4997 1980 5048 Atheniensium.

657 5142 849 5191 Proedri
869 5157 897 5191 a
933 5148 1237 5210 prytauibuS,
1260 5074 1450 5215 (χυὲῗίας
1469 5169 1594 5204 nova
1617 5158 1883 5208 habebatur
1911 5164 2107 5213 ecclesia
2122 5202 2136 5225 ,

1936 5296 1967 5320 O

2223 4217 2351 4261 sorte
2374 4214 2678 4277 legebantur,
2701 4232 2761 4266 ex
2779 4220 2995 4280 qualibet
3018 4221 3147 4270 tribu
3171 4233 3297 4269 unus
3319 4222 3554 4284 (excepta
3576 4236 3631 4272 ea
3650 4234 3754 4283 qum

2224 4291 2493 4350 prytaniam
2521 4292 2742 4355 gerebat)
2770 4296 2888 4355 :qui
2908 4296 3142 4345 curabant
3158 4309 3215 4346 ea
3241 4310 3357 4358 quae
3386 4297 3449 4346 ad
3466 4300 3753 4359 comitiam—

2224 4366 2321 4426 puli
2338 4367 2651 4427 pertinebant.
2673 4370 3050 4432 Appellabantur
3076 4375 3238 4421 autem
3252 4374 3464 4438 πρόεδροι
3478 4410 3494 4436 ,
3519 4376 3649 4437 quod
3668 4374 3752 4436 pri·

2223 4454 2351 4492 mam
2378 4456 2477 4505 prae
2513 4446 2708 4507 reliquis
2740 4447 2902 4497 sedem
2937 4450 3179 4499 tenebant.
3207 4453 3451 4513 Frequens
3484 4466 3659 4503 nomen
3689 4456 3754 4502 est

2223 4519 2351 4581 apud
2375 4523 2613 4586 oratores,
2657 4525 2711 4572 ut
2731 4525 2859 4586 apud
2880 4527 3249 4576 Demosthenem
3269 4527 3318 4575 in
3332 4532 3455 4577 orat.
3478 4533 3645 4580 eontra
3663 4535 3747 4579 Aa·

2222 4594 2488 4646 drotionem
2516 4601 2565 4646 et
2595 4600 2724 4660 apud
2744 4602 3015 4651 AEschinem
3044 4597 3213 4652 contra
3230 4604 3608 4665 Ctesiphontem.
3642 4610 3751 4655 Eum

2120 4735 2121 4738 Ἴ
2192 4678 2382 4721 ‘autem
2426 4673 2508 4736 qui
2557 4677 2820 4725 vocabatur
2856 4678 3130 4742 ἐπιστάτης,
3169 4680 3400 4741 proedros
3436 4686 3567 4731 sorte
3606 4683 3754 4744 legisse

2225 4751 2495 4802 Aristoteles
2517 4754 2564 4804 in
2591 4755 2944 4805 Atheniensium
2973 4770 3070 4820 rep.
3093 4757 3225 4808 dicit.

2649 4875 2654 4879 .
2956 4839 3044 4888 23.

2283 4917 2389 4962 Duo
2425 4917 2670 4966 constituti
2688 4920 2799 4968 sunt
2826 4905 3078 4981 Epistatae,
3102 4935 3226 4971 unus
3254 4936 3283 4971 e
3322 4923 3607 4985 prytanibus
3639 4923 3753 4973 sodo

2220 4990 2403 5053 lectus,
2423 4993 2545 5042 alter
2568 5008 2630 5042 ex
2650 4995 2881 5055 proedris.
2904 4999 2973 5045 De
2991 4997 3313 5048 functionibus
3332 5000 3570 5048 ethorum
3592 5005 3640 5049 et
3656 5000 3752 5048 illo·

2225 5082 2330 5116 rum
2358 5072 2574 5144 exposuit
2601 5074 2878 5123 Aristoteles
2897 5075 2945 5123 iu
2966 5078 3080 5138 Rep.
3111 5077 3486 5126 Atheniensium.
