3900 6042
496 469 606 519 15²

990 581 1549 660 [Mummius]

1164 693 1372 770 [ma-1

572 805 769 882 [Idem
810 805 932 861 Pol.
975 808 1047 875 V,
1072 804 1142 873 8,
1181 823 1246 860 ια
1278 824 1292 858 2
1332 802 1647 862 Συνεπέθετο
1675 803 1730 861 δὲ
1755 808 1891 879 (una
1916 825 2045 861 eum

495 897 701 950 Gratata
725 894 1061 948 Archelaum
1098 911 1288 967 regem
1322 892 1556 948 adortus
1578 893 1687 965 est)
1718 891 1809 949 καὶ
1831 889 2044 950 Ἕλλα-

495 977 746 1056 νοκράτης
774 980 802 1034 ὁ
834 981 1147 1056 Λαρισσαῖος
1173 976 1259 1035 διὰ
1282 976 1378 1047 τὴν
1410 977 1570 1047 αὐτὴν
1608 978 1778 1036 αἰτίαν
1797 1001 1810 1015 ·
1847 981 1917 1044 ὡς
1943 978 2046 1059 γὰρ

496 1065 762 1144 χρώμενος
802 1066 959 1122 αὐτοῦ
1006 1068 1073 1143 τῇ
1114 1063 1294 1144 ἡλικία
1331 1065 1389 1122 οὔ
1430 1068 1654 1140 κατῆγεν
1687 1066 1960 1141 (ejectum
1989 1069 2047 1121 iu

494 1155 734 1231 patriam
768 1147 1029 1228 reduxit)
1069 1150 1443 1229 ὑποσχόμενος,
1475 1151 1540 1207 δι’
1579 1149 1726 1228 ὅὸριν
1763 1150 1855 1208 καὶ
1883 1153 1941 1210 οὗ
1980 1151 2046 1207 δι’

495 1235 746 1317 ἐρωτικὴν
789 1236 1061 1312 ἐπιθυμίαν
1102 1235 1232 1318 ᾤετο
1258 1228 1388 1295 εἶναι
1430 1235 1525 1308 τὴν
1553 1238 1897 1315 γεγενημένην
1926 1241 2045 1313 ὃμι·

496 1324 673 1403 λίαν.]
698 1330 783 1384 De
808 1328 897 1382 his
922 1327 1151 1384 aliunde
1176 1346 1294 1382 non
1320 1338 1555 1383 constat.
1581 1328 1670 1387 Cf.
1698 1327 1777 1385 fr.
1803 1326 1935 1393 154.

666 1426 669 1429 ’
1183 1412 1374 1491 [15o.]

579 1503 734 1571 [Pol.
765 1503 845 1571 V,
871 1499 939 1570 5,
961 1521 1020 1575 9,
1038 1502 1138 1557 ubi
1166 1501 1239 1559 de
1269 1503 1471 1571 causis,
1503 1521 1571 1558 ex
1602 1502 1807 1575 quibus
1836 1504 2043 1577 oligar·

497 1588 634 1642 chiae
662 1598 991 1644 evertuntur
1006 1589 1095 1643 vel
1115 1589 1268 1661 pacis
1283 1589 1372 1644 vel
1392 1589 1526 1644 helli
1552 1598 1807 1661 tempore
1833 1609 1849 1643 τ
1878 1585 1973 1647 Ἐν
1995 1586 2049 1646 δὲ

496 1675 563 1748 τῇ
593 1671 771 1751 εἰρήνῃ
796 1671 882 1731 διὰ
901 1671 997 1744 τὴν
1021 1671 1265 1730 ἀπιστίαν
1283 1671 1381 1744 τὴν
1397 1671 1522 1752 πρὸς
1546 1673 1802 1744 ἀλλήλους
1827 1674 2046 1752 ἐγχειρί-

498 1763 641 1827 ζουσι
665 1758 759 1830 τὴν
783 1758 1021 1838 φυλακὴν
1037 1759 1379 1838 στρατιώταις
1393 1760 1484 1817 καὶ
1512 1759 1726 1840 ἄρχοντι
1744 1760 1983 1840 μεσιδίῳ,
2000 1760 2053 1828 ὃς

498 1846 655 1906 ἐνίοτε
678 1847 878 1924 γίνεται
888 1846 1059 1926 κύριος
1075 1845 1399 1928 ἀμφοτέρων.
1438 1844 1612 1925 ”Οπερ
1647 1846 1838 1916 συνέὸη
1862 1849 1915 1905 ἐν
1939 1852 2052 1908 Δα-

500 1934 651 2012 ρίσσῃ
668 1933 753 1992 ἐπὶ
765 1938 857 2004 τῆς
879 1936 981 1991 τῶν
1004 1932 1291 1993 Ἀλευαδῶν
1314 1937 1395 2012 ἆρ-
1419 1937 1480 2004 ἧς
1505 1937 1609 1992 τῶν
1624 1932 1750 2011 περὶ
1769 1935 1935 2010 Σῖμον
1963 1936 2054 1993 καὶ

498 2023 550 2079 ἐν
595 2018 795 2099 Ἀὅύδῳ
821 2019 906 2078 ἐπὶ
935 2022 1036 2077 τῶν
1070 2023 1335 2100 ἑταιριῶν,
1363 2043 1435 2078 ων
1472 2011 1536 2091 ἦν
1569 2019 1665 2098 μία
1691 2024 1726 2090 ἡ
1757 2019 2051 2099 Ἰφιάδου.]

578 2111 687 2162 Pro
738 2108 906 2183 Σῖμον
954 2108 1128 2166 codd.
1196 2104 1377 2182 Σάμον
1434 2127 1584 2164 corr.
1627 2108 1928 2165 Schlosser.
1972 2110 2053 2165 Cf.

498 2194 787 2249 Demosth.
819 2212 878 2267 p.
912 2198 1020 2258 241
1040 2234 1057 2264 ,
1105 2212 1216 2265 273
1271 2193 1454 2262 1352,
1498 2193 1602 2262 33;
1646 2194 1791 2249 1382
1812 2234 1829 2261 ,
1873 2194 1930 2249 6.
1977 2198 2043 2250 V.

500 2281 730 2335 Boeckh.
759 2281 924 2353 Expl.
977 2278 1205 2337 Pindar.
1230 2299 1291 2354 p.
1326 2280 1470 2350 3333
1514 2280 1759 2337 Meinek.
1789 2282 2044 2354 Euphor.

499 2385 556 2439 p.
586 2366 721 2435 1333
753 2368 1016 2427 Kortiim.
1054 2364 1379 2438 Staaaveff.
1418 2387 1459 2441 p
1518 2386 1629 2441 793
1667 2368 2051 2426 Waclismuth.

500 2454 734 2526 Autiqq.
770 2455 828 2523 1,
860 2472 894 2508 α
923 2472 982 2527 p.
1021 2454 1155 2525 374.
1181 2457 1268 2510 De
1295 2454 1533 2528 Iphiade
1553 2454 1627 2509 cf.
1667 2455 1871 2510 AEneas
1897 2456 2050 2510 Tact.

500 2557 554 2592 c.
582 2538 684 2609 23,
709 2541 1001 2597 Demosth.
1024 2559 1087 2614 p.
1117 2541 1263 2614 679,
1302 2540 1371 2597 18
1396 2552 1453 2597 et
1476 2559 1609 2616 pen.

902 2658 905 2663 ·
1169 2629 1193 2704 [
1213 2627 1315 2684 151
1331 2626 1380 2704 .]

578 2711 776 2788 [Idem
812 2715 933 2773 Pol.
968 2718 1052 2785 V,
1096 2712 1163 2785 5,
1208 2714 1242 2770 5
1289 2733 1305 2770 ε
1349 2711 1417 2770 Ἡ
1465 2710 1777 2788 δημαγωγία
1815 2710 1993 2782 διττή·
2022 2713 2057 2781 ἡ

502 2796 659 2872 μὲν...
691 2797 815 2857 ὅταν
841 2800 929 2858 τὸν
946 2799 1101 2879 ὄχλον
1123 2801 1506 2878 δημαγωγῶσιν
1529 2800 1581 2855 οἱ
1606 2800 1657 2856 ἐν
1678 2802 1743 2876 τῇ
1771 2797 2050 2878 ὀλιγαρχία

505 2884 681 2961 ὄντες,
712 2876 817 2945 οἷον
841 2889 895 2944 ἐν
918 2886 1158 2966 Λαρίσσῃ
1182 2889 1231 2945 οἱ
1252 2885 1659 2964 πολιτοφύλακες
1690 2884 1776 2942 διὰ
1810 2884 1870 2943 τὸ
1892 2889 2055 2964 αἱρεῖ·

427 2971 433 2979 ’
506 2974 624 3028 σθαι
648 2969 830 3038 αὐτοὺς
852 2970 938 3031 τὸν
965 2971 1119 3050 ὄχλον
1146 2970 1582 3048 ἐδημαγώγουν.]

1014 3091 1541 3163 [ΦΑΡΣΑΛΙΩΝ.]

1219 3208 1348 3267 152.

589 3318 840 3385 [Aristot.
868 3317 990 3372 Pol.
1024 3318 1100 3386 V,
1128 3208 1199 3383 5}
1228 3333 1258 3384 7
1291 3333 1306 3369 ε
1347 3206 1676 3389 “]Ομονοο“ὕσα
1704 3309 1759 3370 δὲ
1776 3312 2055 3392 ὀλιγαρχία

949 3482 1591 3562 [LARISSAEORUM.]

571 3678 589 3743 [
610 3678 894 3729 Archelaum
925 3691 1037 3727 cum
1055 3680 1248 3728 Crataea
1262 3676 1458 3726 adortus
1487 3676 1561 3725 est
1582 3675 1726 3725 etiam
1745 3674 2055 3725 Hellanocra-

511 3763 583 3809 tes
601 3758 858 3807 Larissaeus
878 3757 1080 3807 eandem
1101 3758 1165 3805 ob
1183 3768 1394 3806 causam.
1423 3755 1517 3804 Ubi
1535 3754 1663 3804 enim
1686 3767 1737 3804 se
1760 3755 1822 3804 ab
1844 3755 1928 3804 illo
1944 3791 1960 3816 ,
1980 3755 2056 3804 cui

509 3849 610 3885 suae
623 3835 779 3885 aetatis
798 3834 963 3884 liorem
987 3834 1240 3883 fruendum
1263 3832 1459 3882 dederat
1476 3866 1490 3891 ,
1513 3830 1579 3879 ab
1604 3831 1748 3881 exilio
1769 3845 1865 3880 non
1889 3830 2052 3881 reduci

509 3916 561 3963 in
593 3912 800 3975 patriam
836 3911 961 3960 vidit
978 3947 992 3972 ,
1010 3909 1141 3974 quod
1165 3910 1248 3960 ille
1286 3922 1339 3958 se
1378 3905 1621 3956 facturum
1648 3907 1889 3968 pollicitus
1926 3909 2058 3968 erat,

508 3987 901 4039 consuetudinem
920 3987 1049 4037 illam
1066 4000 1163 4036 non
1177 3986 1239 4035 ab
1268 3985 1501 4035 amatoria
1516 3983 1793 4046 cupiditate,
1816 3984 1899 4034 sed
1920 3996 1950 4033 a
1977 3998 2057 4033 vo·
2169 4024 2178 4029 .

511 4069 698 4119 luntate
740 4063 974 4115 inserendi
999 4063 1340 4115 contumeliam
1358 4062 1620 4124 profectam
1652 4061 1793 4111 fuisse
1813 4061 2059 4125 putavit.]

1220 4148 1340 4197 150.

570 4232 661 4297 [ln
686 4243 805 4295 pace
830 4227 1086 4291 oligarcbia
1110 4227 1235 4289 perit
1273 4227 1524 4289 propterea
1541 4223 1672 4287 quod
1706 4225 1878 4274 mutuo
1913 4223 2057 4275 fidem

509 4324 606 4363 non
617 4309 810 4370 babent,
826 4305 1087 4356 custodiam
1098 4302 1309 4366 corporis
1326 4301 1535 4352 externis
1543 4300 1775 4350 militibus
1783 4305 1832 4350 et
1841 4301 2058 4354 archonti

510 4387 792 4448 intermedio
814 4385 1148 4443 committunt,
1180 4382 1264 4445 qui
1283 4382 1338 4431 lit
1368 4379 1610 4431 interdum
1632 4379 1882 4442 utriusque
1912 4381 2060 4443 partis

508 4467 749 4517 dominus.
768 4465 872 4513 Hoc
895 4461 1094 4512 Larissoe
1114 4458 1288 4508 accidit
1308 4471 1372 4508 ex
1391 4456 1711 4507 Aleuadarum
1734 4456 1915 4506 santilia
1927 4459 2058 4507 Simo

510 4543 827 4608 principatum
843 4539 1116 4597 obtinente;
1140 4538 1192 4589 et
1210 4534 1367 4598 Abydi
1383 4535 1601 4597 tempore
1624 4533 1886 4583 factionum
1899 4570 1915 4595 ,
1934 4546 2058 4597 qua-

511 4637 619 4674 rum
636 4633 733 4673 una
752 4621 857 4669 erat
873 4614 1134 4680 lpbiadae.]

572 4784 592 4847 [
608 4784 793 4845 Duplex
808 4776 1050 4846 popularis
1066 4775 1320 4825 assentatio
1337 4776 1410 4824 est
1428 4793 1440 4823 :
1466 4785 1562 4821 una
1579 4785 1730 4834 quum
1747 4770 1872 4834 plebi
1891 4783 2054 4821 assen-

508 4866 674 4914 tantur
695 4859 832 4925 pauci
863 4857 1194 4914 dominantes,
1212 4856 1271 4903 ut
1294 4853 1494 4903 Larissae
1522 4851 1919 4913 politopliylaces,
1942 4851 2056 4913 quia

510 4940 598 5004 ipsi
626 4953 655 4989 a
672 4937 808 5000 plebe
824 4933 1121 4995 legebantur,
1141 4928 1437 4979 multitudini
1461 4927 1844 4977 blandiebantur.
1868 4927 1889 4990 J

942 5021 1629 5104 [PHARSALIORUM.]

1255 5131 1342 5181 52.

572 5218 913 5287 [consentiens
944 5219 1106 5267 autem
1138 5218 1185 5268 et
1211 5134 1486 5275 :nuspirans
1509 5209 1770 5273 eligarchia
1794 5221 1891 5261 non
1914 5210 2054 5259 facile

1553 455 2046 517 ARISTOTEUS
2087 457 2585 518 FRAGMENTA.

2130 584 2223 641 οὐκ
2249 583 2576 665 εὐδιάφθορος
2602 582 2654 651 ἐξ
2700 586 2885 654 αὑτῆς·
2918 587 3132 660 σημεῖον
3174 584 3228 642 δὲ
3257 588 3291 655 ἡ
3320 585 3375 642 ἐν
3403 584 3690 663 Φαρσάλῳ

2130 670 2366 727 πολιτεία
2384 692 2398 707 ·
2435 671 2618 727 ἐκεῖνοι
2656 667 2758 748 γὰρ
2785 669 2950 746 ὀλίγοι
2976 670 3119 735 ὄντες
3145 671 3357 728 πολλῶν
3385 670 3552 747 κύριοί
3580 672 3691 727 εἶσι

2132 755 2218 813 διὰ
2258 756 2320 814 τὸ
2338 760 2568 835 χρῆσθαι
2596 756 2770 837 σφίσιν
2798 758 2968 823 αὐτοῖς
2994 759 3184 823 καλῶς.
3207 764 3226 828 ]
3260 763 3323 818 V.
3354 759 3692 816 Schneider-i

2131 861 2426 899 excursum
2453 843 2527 899 ad
2549 844 2608 898 h.
2639 846 2678 899 l.
2705 862 2767 917 p.
2799 851 2913 919 490
2938 863 3061 918 sqq.

2212 926 2601 986 Μεθωναίων
2624 927 2927 986 πολιτεία
2959 929 3220 985 laudatur
3239 932 3300 984 in
3318 930 3479 984 libris
3504 930 3692 985 Athe-

2133 1016 2236 1069 mei
2264 1018 2339 1071 vl
2354 1057 2371 1083 ‚
2392 1035 2452 1089 p.
2505 1013 2623 1071 236
2643 1018 2708 1074 E.
2737 1020 2812 1072 At
2830 1016 3128 1091 legendum
3152 1027 3233 1071 est
3257 1012 3542 1084 Ἀθηναίων
3561 1015 3692 1073 πολ.

2134 1102 2204 1156 fr.
2234 1108 2304 1171 47
2327 1103 2381 1157 b.

2212 1188 2584 1260 Sequentibus
2624 1189 2907 1261 praemitto
2934 1207 3058 1261 quae
3095 1189 3169 1244 de
3204 1189 3605 1244 Macedonibus
3628 1200 3700 1245 et.

2135 1291 2336 1327 eorum
2385 1276 2613 1348 regibus
2653 1275 2806 1349 apud
2850 1277 3207 1331 Aristotelem
3243 1277 3305 1329 in
3341 1277 3561 1331 Politiis
3599 1278 3698 1332 le-

2135 1371 2363 1434 guntur.
2390 1362 2608 1417 Dixerit
2629 1361 2700 1417 de
2720 1362 2867 1417 hisce
2895 1365 2956 1416 iu
2979 1364 3124 1435 Rep.
3150 1359 3446 1418 Πελλαίων.

2218 1547 2474 1624 [Aristot.
2500 1552 2623 1607 Pol.
2654 1552 2788 1620 vll,
2805 1453 2977 1624 [21ῗέ
2991 1453 3030 1605 ]:
3059 1538 3168 1608 ’Ἦν
3198 1548 3256 1607 δέ
3282 1570 3409 1608 ποτε
3449 1549 3542 1609 καὶ
3566 1551 3702 1631 περὶ

2138 1635 2469 1694 Μακεδονίαν
2505 1637 2658 1712 νόμος
2688 1635 2774 1693 τὸν
2813 1634 3009 1707 μηθένα
3040 1635 3409 1713 ἀπεκταγκότα
3437 1636 3700 1715 πολέμιον

2140 1721 2301 1802 ἄνδρα
2327 1724 2667 1801 περιεζῶσθαι
2694 1720 2788 1794 τὴν
2816 1720 3086 1801 φορὸειάν.

2806 1818 3016 1896 [154.]

2222 1912 2406 1991 [Idem
2439 1917 2562 1971 Pol.
2592 1920 2674 1987 V,
2697 1915 2766 1987 8,
2807 1912 2870 1972 1'1
2908 1935 2923 1973 z
2956 1912 3164 1974 Πολλαὶ
3187 1912 3232 1972 δ’
3259 1913 3514 1980 ἐπιθέσεις
3540 1914 3704 1995 γεγέ-

2141 2021 2323 2071 νηνται
2349 1999 2440 2058 καὶ
2482 1998 2568 2057 διὰ
2592 1997 2654 2057 τὸ
2680 2002 2753 2066 εἷς
2773 1998 2835 2059 τὸ
2870 2003 3025 2076 σῶμα
3051 1999 3388 2078 αἰσχύνεσθαι
3431 2005 3536 2059 τῶν
3585 2024 3702 2079 μο-

2141 2084 2349 2247 ’ἑέεχῑς
2389 2079 2757 2250 ‘amin
2777 2086 2930 2230 3:2³⁸*
2950 2087 3341 2248 352335253‘
3356 2087 3704 2246 3:23&

2142 2258 2230 2317 καὶ
2273 2195 2523 2317 ἐλιξί)ἰττωνρ
2542 2196 2741 2336 ἐγένετχο
2774 2196 3032 2340 aggaei<
3050 2302 3069 2336 ,
3097 2260 3229 2319 διότι
3254 2263 3358 2317 τῶν
3392 2260 3705 2340 θυγατέρων

2142 2345 2386 2422 οὗδεμίαν
2405 2345 2597 2404 ἔδωκεν
2622 2345 2951 2425 ὁμολογήσας
2974 2348 3117 2426 αὐτῷ
3132 2391 3149 2419 ,
3175 2346 3310 2405 ἀλλὰ
3329 2346 3424 2418 τὴν
3445 2346 3543 2424 μὲν
3561 2370 3708 2427 προ-

2140 2432 2294 2511 τέραν
2317 2432 2664 2513 κατεχόμενος
2679 2432 2779 2492 ὕπὸ
2790 2431 3022 2510 πολέμου
3037 2433 3166 2513 πρὸς
3187 2433 3385 2514 Σίρραν
3401 2434 3494 2493 καὶ
3513 2434 3566 2494 Ἀ
3574 2437 3704 2515 ppei·

2144 2518 2291 2578 6αιον
2318 2518 2476 2579 ἔδωκε
2503 2523 2578 2599 τῷ
2604 2522 2808 2599 βασιλεῖ
2826 2523 2902 2601 tif>
2917 2524 3012 2591 τῆς
3035 2520 3307 2595 Ἐλιμείας
3323 2564 3342 2597 ‚
3369 2520 3465 2591 τὴν
3488 2522 3543 2579 δὲ
3565 2545 3703 2581 veo>-

2142 2606 2296 2685 τέραν
2315 2610 2390 2687 τῷ
2403 2609 2503 2667 υἱεῖ
2525 2606 2769 2688 Ἀμύντᾳ,
2788 2605 3016 2684 οἰόμενος
3036 2605 3196 2673 οὕτως
3214 2607 3278 2667 ἂν
3298 2608 3487 2667 ἐκεῖνον
3502 2607 3707 2679 ἥκιστα

2144 2692 2474 2773 διαφέρεσθαι
2501 2692 2592 2753 καὶ
2620 2691 2710 2752 τὸν
2736 2696 2798 2752 ἐκ
2822 2698 2916 2765 τ’ἧς
2951 2695 3320 2774 Κλεοπάτρας·
3349 2694 3487 2752 ἀλλὰ
3513 2699 3609 2766 τῆς
3633 2717 3703 2772 γε

2145 2779 2536 2859 ἀλλοτριότητος
2575 2782 2806 2859 ὑπῆρχεν
2835 2778 2976 2860 ἀρχὴ
3021 2780 3080 2839 τὸ
3124 2780 3324 2860 βαρέως
3363 2778 3532 2861 φέρειν
3565 2781 3705 2862 πρὸς

2145 2864 2239 2938 τὴν
2262 2866 2721 2945 ἀφροδισιαστικὴν
2761 2868 2978 2948 χάριν.]
3006 2873 3074 2927 V.
3128 2871 3435 2928 Schneider
3461 2871 3535 2928 ad
3562 2872 3625 2928 h.
3659 2875 3702 2928 l.

2067 3014 2076 3025 ,
2143 2975 2205 3030 p.
2233 2955 2347 3013 338
2370 2967 2427 3012 et
2449 2954 2564 3012 500
2587 2975 2670 3030 sq.
2700 2958 2782 3014 Cf.
2807 2957 2879 3012 fr.
2919 2965 3051 3031 149.

2228 3141 2426 3219 [Idem
2463 3145 2567 3200 Pol
2616 3146 2694 3213 V,
2727 3144 2762 3199 8
2781 3185 2799 3214 ,
2823 3048 3072 3203 Ξὲδεδίὲαὶ
3087 3146 3178 3214 τῆς
3200 3141 3483 3222 Ἀρχελάου
3505 3144 3552 3202 δ’
3580 3146 3702 3203 ἐπι·

2146 3226 2333 3294 θέσεως
2360 3227 2683 3308 Δεκάμνιχος
2722 3226 2932 3306 ἡγεμὼν
2977 3228 3209 3306 ἐγένετο,
3249 3229 3548 3309 παροξύνων
3577 3231 3706 3298 τοὺς

2150 3314 2478 3391 ἐπιθεμένους
2504 3319 2735 3396 πρῶτος·
2777 3316 2939 3375 αἴτιον
2979 3315 3032 3374 δὲ
3072 3322 3165 3387 τῆς
3199 3319 3378 3397 ὀργῆς,
3418 3316 3498 3375 ὅτι
3538 3318 3704 3376 αὐτὸν

2141 3495 2205 3531 ex
2224 3496 2276 3532 se
2299 3482 2399 3544 ipsa
2421 3483 2673 3544 evertitur,
2690 3486 2972 3544 argumento
2985 3483 3256 3545 reipublicae
3275 3484 3572 3535 Pharsalico.
3589 3485 3703 3536 Illic

2143 3558 2273 3609 enim
2300 3558 2442 3621 pauci
2473 3560 2523 3608 in
2563 3561 2743 3635 multoe
2768 3560 3022 3623 imperium
3049 3562 3244 3623 tenent,
3270 3561 3500 3624 quoniam
3526 3575 3579 3611 se
3605 3564 3702 3625 ipsi

2143 3639 2285 3701 pauci
2301 3638 2423 3690 bene
2439 3640 2627 3702 gerunt.
2644 3637 2666 3702 ]

2859 3727 2981 3779 153.

2207 3784 2368 3879 [όιιώ
2393 3816 2521 3880 apud
2547 3816 2831 3867 macedonas
2846 3817 2929 3867 lex
2946 3818 3052 3868 erat
3076 3818 3133 3867 ut
3162 3816 3368 3880 capistro
3395 3816 3705 3880 cingerentur

2145 3893 2228 3955 qui
2247 3894 2432 3944 nullum
2449 3894 2635 3945 bostem
2647 3893 2976 3956 occidissent.]

2867 3992 2990 4044 154.

2208 4079 2402 4146 [Multae
2428 4082 2570 4134 etiam
2611 4081 2982 4145 conspirationes
3010 4081 3147 4130 factm
3175 4084 3292 4131 sunt
3327 4082 3378 4131 in
3412 4086 3705 4135 monarchos

2146 4164 2339 4223 propter
2365 4161 2609 4223 pudendas
2629 4161 2942 4211 contumelias
2958 4159 3008 4208 in
3021 4173 3195 4223 corpus
3211 4160 3387 4220 illatas,
3417 4166 3474 4210 ut
3493 4164 3701 4215 cratoeoe

2147 4236 2509 4289 inArclielaum.
2525 4241 2723 4299 Semper
2739 4237 2866 4287 enim
2876 4236 3085 4298 graviter
3097 4236 3278 4285 ferebat
3296 4249 3554 4288 veneream
3573 4240 3706 4293 illius

2148 4314 2576 4376 connsuetudinem3
2614 4314 2778 4375 itaque
2801 4314 2876 4363 vel
2900 4313 3052 4364 levior
3082 4325 3226 4362 causa
3253 4313 3370 4362 satis
3393 4314 3569 4366 idonea
3596 4318 3704 4369 visa

2147 4394 2220 4440 est
2237 4390 2344 4454 illa,
2365 4390 2497 4453 quod
2523 4389 2709 4439 nullam
2731 4388 2821 4440 sibi
2835 4402 2896 4438 ex
2912 4387 3104 4438 filiabus
3119 4425 3134 4449 ,
3154 4391 3211 4438 ut
3235 4391 3337 4439 erat
3355 4390 3626 4453 pollicitus,
3649 4395 3703 4445 in

2147 4469 2506 4519 matrimonium
2532 4467 2740 4517 dedisset
2758 4466 2875 4529 (sed
2895 4467 3129 4528 maiorem
3153 4467 3270 4516 natu
3295 4466 3520 4528 quidem,
3539 4469 3701 4532 bello,

2146 4546 2407 4608 quodcum
2438 4547 2568 4596 Sirra
2585 4551 2636 4595 et
2670 4545 2897 4595 Arrabaeo
2927 4543 3149 4607 gerebat,
3174 4544 3456 4606 implicitus,
3485 4548 3702 4599 Elimaeae

2148 4623 2245 4685 regi
2279 4623 2556 4686 despondit,
2593 4621 2827 4671 minorem
2859 4634 2975 4671 vero
3009 4622 3234 4683 Amyniae
3268 4620 3396 4682 filio,
3419 4623 3702 4677 exsstimans

2149 4706 2250 4754 l'ore
2266 4705 2357 4755 boc
2373 4707 2533 4766 pacto,
2548 4706 2606 4753 ut
2621 4703 2783 4752 minus
2803 4702 2883 4751 ille
2899 4700 3172 4752 dissentiret
3186 4702 3250 4751 ab
3267 4701 3365 4750 lilio
3382 4704 3465 4767 qui
3484 4703 3572 4766 ipsi
3597 4706 3699 4755 fue·

2147 4784 2222 4833 rat
2244 4795 2306 4831 ex
2331 4782 2583 4843 Cleopatra
2601 4779 2777 4841 natus)
2807 4798 2821 4828 z
2847 4777 2934 4828 sed
2954 4778 3253 4828 alienationis
3273 4778 3404 4841 origo
3422 4780 3511 4830 suit
3525 4814 3543 4835 .
3565 4784 3702 4845 quod

2141 4859 2353 4921 graviter
2367 4855 2759 4911 consuetudinem
2782 4854 2934 4917 stupri
2952 4855 3192 4920 tulisset-J

2720 4986 2724 4991 «
2829 4952 3001 5017 [155.]

2210 5044 2618 5110 [conspirationis
2653 5044 2704 5095 in
2728 5045 3017 5095 Archelaum
3048 5044 3188 5093 l'actoe
3223 5044 3573 5094 Decamnicbus
3594 5045 3700 5095 dux

2147 5125 2265 5185 fuit,
2291 5124 2376 5186 qui
2393 5123 2579 5185 primus
2596 5123 2784 5171 ceteros
2809 5119 3097 5181 concitavit,
3123 5119 3304 5181 iratus,
3320 5120 3452 5181 quod
3482 5122 3698 5184 Fan-imi

2146 5208 2299 5269 poetae
2329 5205 2530 5257 traditus
2553 5203 2613 5255 ab
2634 5216 2692 5277 eo
2714 5203 2878 5257 suisset
2899 5201 3239 5264 verberandus5
3271 5202 3519 5266 Euripides
3534 5208 3700 5259 autem
