3900 6042
529 500 600 548 8³

606 619 816 673 Similia
856 619 1089 672 Timaeus
1134 616 1453 671 declamitat
1488 634 1579 688 ap.
1626 618 1771 670 Plut.
1819 617 1856 671 l.
1909 620 1943 673 l.
1971 659 1986 685 ,
2027 628 2081 670 et

526 708 745 761 'l'zetzes
780 704 917 763 nist.
941 706 1020 771 X,
1047 722 1125 757 vs.
1160 702 1273 757 830
1295 722 1417 775 sqq.
1464 703 1548 757 cf.
1582 705 1747 757 etiam
1771 697 1959 758 Timaei
1990 723 2080 759 se-

528 804 800 849 ctatorem
820 792 1141 847 Diodorum
1163 787 1325 859 XVI,
1365 791 1461 858 16,
1498 789 1549 846 3.

1165 907 1192 920 ³
1276 893 1329 947 3.

611 1001 798 1056 Schol.
826 1000 1198 1072 Theocrit.1,
1230 892 1357 1052 621)
1383 997 1679 1072 Σιμωνίδης
1709 996 1762 1054 δὲ
1791 998 1844 1053 ἐν
1870 1001 1944 1054 τῶ
1964 1019 2084 1074 περι

536 1083 778 1150 Σικελίας
808 1083 1001 1154 Αἴτνην
1018 1106 1145 1162 φησι
1171 1083 1343 1162 κρῖναι
1364 1080 1688 1190 Ἥφαιστον
1682 1083 1773 1143 καὶ
1795 1085 2083 1164 Δήμητραν

534 1170 656 1249 περὶ
675 1174 784 1241 τῆς
795 1168 971 1250 χώρας
999 1171 1289 1247 ἐρίσαντας.

1289 1348 1341 1396 3.

595 1429 865 1479 θ’κιιοιιίᾶοε
890 1428 950 1478 de
980 1428 1139 1479 Sicilia
1174 1429 1374 1491 loquens
1411 1432 1605 1479 AEtnam
1634 1429 1848 1492 judicem
1883 1429 2089 1491 sedisse,

1617 479 2214 543 DlONYSODORUS.
2260 475 2562 540 ANAXIS.

2246 609 2545 687 Τιμωνίδης
2577 610 2934 665 scribendum
2960 619 3145 663 censet
3171 601 3637 662 Westermannus
3657 597 3727 659 ad

2168 705 2322 757 Voss.
2365 698 2503 754 nist.
2535 699 2634 754 Gr.
2671 715 2800 771 pag.
2839 697 2940 751 IX.
2961 693 3207 772 (Σίληνος
3233 694 3415 747 voluit
3442 693 3726 763 Dorvill.)

2170 790 2243 841 At
2272 786 2445 841 dubia
2471 803 2588 853 res,
2619 802 2793 856 quum
2821 791 3211 855 argumentum
3236 778 3541 853 fragmenti
3574 788 3632 832 et
3657 779 3729 831 ti-

2171 873 2318 926 tulus
2355 871 2487 924 libri
2528 871 2672 924 male
2717 869 3055 923 conveniant
3105 868 3357 939 epistolis
3389 863 3726 919 Timonidis.

2171 960 2422 1013 Fortasse
2444 955 2808 1031 cogitandum
2837 955 2908 1010 de
2945 953 3248 1010 Simonidis
3267 963 3455 1027 poetae
3486 951 3733 1006 carmine

2169 1045 2367 1100 Siciliae
2390 1044 2581 1100 laudes
2602 1043 2936 1098 celebrante.

2177 1360 2330 1408 quum
2350 1347 2595 1396 vulcanus
2611 1349 2660 1396 et
2687 1350 2833 1397 ceres
2850 1345 2912 1395 de
2928 1346 3070 1395 term
3092 1342 3237 1405 liuius
3255 1340 3560 1406 possessione
3578 1338 3733 1406 lifissil·

2179 1438 2300 1482 rent.

703 1833 2072 2060 DIONYSODORUS.
2159 1923 2826 2099 ΑΝΑΧΙδ,
2914 1925 3574 2060 ZOILUS.

625 2198 1673 2384 CEPHlSOD’O-RUS.
1780 2215 2661 2319 DEMOPHILUS.
2776 2218 3652 2319 THEOCRITUS.

551 2725 559 2792 ἶ
630 2715 1226 2808 DIONYSODOBUS
1264 2719 1361 2780 ET
1401 2720 1685 2781 ANAXlS
1726 2720 2014 2780 BOEOTI.

628 2881 924 2936 Diodorus
942 2881 1069 2947 XV,
1100 2877 1208 2954 95,
1233 2876 1265 2934 5
1296 2871 1401 2950 (ad
1427 2897 1634 2934 annum
1654 2878 1989 2951 Nicophemi
2023 2895 2105 2931 ar·

553 2961 800 3034 thomis,
827 2960 918 3022 01.
950 2971 1081 3032 104,
1109 2972 1163 3030 l..
1206 2983 1257 3018 a.
1284 2965 1346 3019 C.
1378 2960 1514 3030 360,
1542 2965 1641 3034 qui
1659 2966 1919 3036 proxime
1947 2973 2108 3017 ante-

554 3053 704 3107 cedit
737 3070 947 3107 annum
963 3091 978 3118 ,
1011 3069 1125 3122 quo
1150 3046 1443 3122 Philippus
1466 3050 1705 3121 imperio
1729 3051 1941 3124 potitus
1963 3053 2058 3120 est)
2088 3069 2102 3103 ε

553 3137 677 3196 Τῶν
704 3134 758 3194 δὲ
782 3136 1118 3212 συγγραφέων
1142 3133 1618 3213 Διονυσόδωρος
1649 3133 1759 3191 καὶ
1781 3131 2027 3200 Ἄναξις
2050 3136 2106 3192 οἱ

555 3219 828 3282 Βοιωτοὶ
866 3219 962 3289 τὴν
997 3222 1099 3299 τῶν
1143 3217 1537 3288 Ἑλληνικῶν
1563 3219 1793 3297 ἱστορίαν
1834 3220 1905 3285 εἷς
1928 3221 2106 3278 τοῦτον

552 3309 640 3368 τὸν
675 3306 905 3366 ἐνιαυτὸν
929 3305 1310 3385 κατεστράφασι
1336 3304 1429 3371 τὰς
1455 3303 1762 3372 συντάξεις.,

635 3392 1048 3472 Διονυσόδωρος]
1064 3397 1141 3453 sic
1160 3398 1227 3450 L.
1250 3394 1510 3450 Dindorr.
1537 3413 1642 3468 pro
1662 3396 1816 3469 vulg.
1840 3390 2111 3453 Διονυσιά-

557 3484 735 3560 δωρος.
764 3484 844 3539 Cl'.
876 3484 945 3539 G.
967 3481 1231 3537 Dindorf.
1261 3483 1321 3536 in
1343 3479 1534 3555 Steph.
1567 3483 1728 3538 Thes.
1757 3500 1811 3539 y.
1843 3479 2107 3539 Διονυσόδ.

555 3598 637 3615 -—
667 3595 690 3619 «
729 3572 860 3625 Post
891 3565 1122 3644 ἱστορίαν
1145 3570 1342 3642 supple
1365 3567 1775 3647 ἀναγράψαντες.
1813 3593 1837 3619 10
1871 3565 2110 3623 Rnono-

558 3674 817 3726 mimum
852 3680 874 3705 κ
905 3657 1011 3710 nisi
1034 3657 1254 3713 minore
1279 3657 1569 3711 molimine
1583 3657 1843 3711 malueris
1857 3658 1996 3723 τῆς..
2023 3656 2113 3711 ἱσ-

556 3740 730 3820 τορίας
751 3763 802 3800 κ.
826 3764 878 3800 τ.
897 3762 952 3800 σ.
983 3765 1008 3791 w
1030 3729 1386 3804 Wzssnuno'.
1407 3745 1510 3798 τῶν
1535 3740 1857 3811 Ἑλληνικῶν
1867 3743 2111 3819 ἱστοριῶν

556 3849 668 3903 pro
684 3826 778 3897 τὴν
797 3829 900 3885 τῶν
924 3824 1010 3885 Ἑ.
1035 3828 1203 3904 ἱστορ.
1236 3825 1456 3884 Rmsm.
1488 3828 1817 3885 Dindorfius
1832 3830 2111 3904 vulgatam

558 3918 792 3972 retinuit
806 3956 823 3988 ,
854 3930 1031 3988 quum
1047 3915 1302 3970 similiter
1320 3916 1420 3969 lib.
1441 3917 1596 3984 xlv,
1636 3934 1802 3985 ¹0727
1827 3916 1959 3970 libri
1975 3933 2115 3988 prze-

560 4005 731 4059 beant
768 4023 781 4058 :
817 3997 1170 4076 Καλλισθένης
1200 3997 1296 4070 τὴν
1322 4002 1424 4057 τῶν
1453 3995 1778 4069 Ἑλληνικῶν
1805 3998 2110 4067 σύνταξιν...

559 4087 654 4158 τὴν
681 4087 910 4166 ἱστορίαν
935 4078 1126 4163 ιῗῇρκτιιιι
1153 4087 1388 4166 γράφειν.
1416 4091 1754 4161 Quanquam
1780 4090 1860 4143 sic
1887 4088 2114 4143 Diodo-

560 4196 687 4233 rum
710 4177 961 4231 locutum
978 4192 1091 4229 esse
1116 4175 1454 4248 persuadere
1478 4176 1616 4229 mihi
1643 4193 1763 4230 non
1786 4176 1969 4247 potui.

637 4267 726 4319 De
755 4265 866 4318 vita
898 4261 1282 4336 Dionysodori
1311 4263 1451 4317 nihil
1483 4273 1717 4318 constat.
1748 4263 1959 4318 vixisse
1989 4280 2119 4317 eum

562 4350 810 4424 Philippi
827 4359 882 4404 et
895 4348 1202 4405 Alexandri
1219 4349 1566 4422 temporibus
1578 4367 1646 4404 ex
1665 4350 1928 4417 termin0,
1950 4366 2118 4421 quem

561 4439 806 4493 historiis
841 4437 951 4491 suis
976 4437 1195 4509 posuit,
1227 4437 1465 4508 conjeci.
1507 4439 1589 4491 Ac
1615 4437 1804 4492 nescio
1833 4453 1906 4490 an
1931 4447 2121 4490 noster

562 4527 635 4580 sit
655 4542 826 4596 quem
850 4541 1029 4577 unum
1064 4523 1290 4579 aliunde
1327 4525 1460 4578 novi
1488 4521 1947 4596 Dionysodorum
1969 4522 2122 4577 The-

563 4612 795 4665 banum.
827 4611 881 4663 Is
917 4609 1050 4662 olim
1089 4608 1238 4664 ludis
1276 4611 1581 4683 olympicis
1607 4609 1797 4684 (sicuti
1823 4607 1993 4663 Duris
2018 4609 2122 4663 Sa—

565 4702 735 4773 mius)
753 4703 1048 4757 victoriam
1060 4714 1448 4775 reportaverat
1460 4724 1476 4772 3
1494 4715 1688 4776 postea
1704 4721 1880 4776 quum
1891 4703 2126 4757 Alexan-

567 4789 673 4844 der
689 4788 804 4860 jam
841 4790 900 4842 iu
936 4790 1126 4844 Asiam
1161 4789 1481 4860 trajecerat,
1507 4806 1621 4843 una
1649 4806 1779 4843 cum
1809 4787 2120 4861 Iphicrate,

567 4875 728 4930 ducis
749 4875 1097 4930 celeberrimi
1116 4874 1256 4943 filio,
1274 4876 1610 4949 legationem
1623 4893 1732 4946 pro
1756 4874 1971 4929 civibus
1986 4874 2128 4929 obiit

568 4960 643 5017 ad
668 4962 899 5016 Darium
928 4962 1377 5017 Codomannum.
1401 4962 1529 5031 Quo
1566 4959 1638 5015 ad
1665 4962 1840 5015 Issum
1869 4959 2124 5029 devicto,

569 5047 995 5120 Dionysodorus
1028 5049 1278 5120 captivus
1304 5046 1378 5101 ad
1411 5046 1793 5102 Alexandrum
1819 5045 2124 5114 adductuS,

569 5150 764 5188 verum
790 5134 1085 5188 incolumis
1111 5151 1143 5188 a
1161 5151 1296 5207 rege
1312 5133 1736 5206 generosissimo
1756 5131 2010 5187 dimissus
2028 5143 2123 5187 est.

571 5219 764 5274 Refert
787 5221 901 5274 liaec
929 5221 1194 5275 Arrianus
1220 5222 1361 5292 Exp.
1390 5221 1474 5288 11,
1513 5217 1612 5286 15,
1653 5216 1704 5272 5.

2266 2716 2693 2794 Fragmentum,
2715 2720 2874 2793 quod
2891 2731 3047 2775 certo
3061 2719 3279 2791 judicio
3303 2719 3598 2775 vindicare
3614 2738 3737 2793 pos·

2188 2809 2291 2863 sim
2314 2806 2720 2863 Dlonsoooao
2736 2848 2752 2876 ,
2770 2803 2888 2861 non
2903 2807 3109 2861 habeo.
3141 2807 3334 2863 Varios
3360 2804 3485 2876 ejus
3508 2807 3744 2861 nominis

2190 2895 2517 2967 scriptores,
2542 2893 2616 2948 ad
2634 2911 2738 2948 nos
2761 2893 2900 2947 nibil
2927 2895 3298 2965 pertinentes,
3320 2891 3460 2947 vide
3486 2911 3582 2966 ap.
3601 2894 3743 2946 viros

2193 2979 2392 3035 doctos
2420 2979 2493 3034 ad
2515 2978 2746 3035 Suidam
2773 2998 2818 3034 s.
2844 2979 2905 3033 h.
2936 2998 2992 3033 v.
3022 2998 3080 3053 p.
3112 2977 3257 3051 1398
3284 2977 3377 3034 ed.
3400 2978 3741 3050 Bernhardy.

2194 3066 2284 3122 Ad
2304 3069 2563 3121 Boeotum
2582 3066 2810 3121 fortasse
2824 3065 3030 3121 referas
3042 3067 3234 3122 Schol.
3258 3065 3446 3139 Apoll.
3471 3065 3662 3121 Rhod.
3682 3067 3707 3119 1
3723 3105 3741 3132 ,

2195 3171 2332 3225 917,
2360 3153 2459 3207 ubi
2485 3153 2665 3208 tribus
2689 3153 2905 3208 cabiris
2930 3153 3002 3207 ab
3025 3154 3145 3208 aliis
3163 3152 3299 3207 addi
3320 3151 3465 3208 dicit
3486 3164 3739 3226 quartum

2194 3239 2508 3295 Cadmilum
2528 3238 2668 3312 (sive
2689 3240 2980 3294 Casmilum
2993 3239 3012 3314 )
3027 3280 3044 3308 ,
3065 3236 3119 3302 ὃς
3137 3236 3341 3314 Ἑρμῆς
3360 3237 3528 3308 ἐστιν,
3553 3241 3623 3302 ὥς
3639 3241 3737 3296 Aio

2195 3321 2478 3400 νυσόδωρος
2498 3324 2581 3396 (v.
2600 3325 2745 3380 Lob.
2771 3325 3051 3398 Aglaoph.
3074 3344 3133 3398 p.
3165 3343 3306 3380 1221
3320 3366 3335 3391 ,
3355 3321 3584 3380 Miiller.
3603 3326 3738 3379 Min.

2195 3430 2255 3484 p.
2290 3407 2452 3486 455);
2489 3411 2588 3467 sed
2627 3412 2979 3483 probabilius
3018 3413 3137 3466 haec
3168 3411 3242 3467 ad
3287 3414 3360 3468 D.
3399 3412 3744 3467 Troezenium

2199 3499 2622 3571 grammaticum
2634 3497 2886 3553 referunt
2899 3499 3152 3557 Lobeck.
3168 3499 3208 3553 l.
3224 3500 3259 3555 l.
3273 3509 3329 3554 et
3340 3498 3743 3554 Schneidewin.

2196 3585 2414 3639 Praefat.
2442 3584 2514 3639 ad
2537 3586 2774 3640 Paroem.
2815 3604 2872 3658 p.
2905 3587 3043 3652 VII,
3070 3586 3170 3657 qui
3207 3584 3392 3640 eidem
3416 3597 3622 3658 praeter
3646 3584 3743 3638 alia

2199 3671 2367 3725 etiam
2390 3671 2781 3726 collectionem
2807 3672 3169 3744 epistolarum
3195 3671 3487 3725 Ptolemaei
3506 3671 3642 3744 Lagi
3662 3686 3746 3723 as·-

2198 3758 2376 3830 signat
2409 3754 2676 3830 (Lucian.
2710 3759 2822 3812 Pro
2846 3758 3004 3831 lapsu
3030 3758 3175 3811 inter
3197 3757 3318 3811 salt.
3348 3775 3398 3811 c.
3433 3776 3529 3825 10,
3553 3776 3612 3829 p.
3642 3754 3744 3810 206

2199 3840 2877 3917 Didot.).His*addider1m
2890 3844 3067 3898 schol.
3080 3843 3277 3914 Eurip.
3299 3840 3592 3915 Hippolyt.
3614 3831 3744 3896 12'2:

2203 3926 2337 4015 Περὶ
2357 3925 2451 3998 τὴν
2475 3929 2527 3986 'l
2530 3925 2784 4006 ροιζηνίαν
2811 3926 2887 3993 τίς
2910 3930 3020 3986 ἐστι
3043 3925 3241 4006 πέτρα,
3269 3924 3321 3992 ἐξ
3349 3917 3412 3996 ἧς
3436 3927 3502 3985 τὸ
3532 3946 3748 4005 καταφι-

2204 4012 2417 4094 ρόμενον
2444 4013 2583 4093 ὕδωρ
2621 4013 2810 4092 βάπτει
2831 4011 2925 4080 τὰς
2956 4012 3158 4090 ὑδρίας,
3196 4016 3266 4078 ὥς
3294 4013 3673 4107 Διονυσόδωρος
3698 4012 3745 4067 ὃν

2203 4095 2279 4168 τῷ
2304 4091 2461 4170 Περὶ
2486 4096 2788 4168 ποταμῶν
2808 4091 2970 4170 λέγει.
2998 4096 3149 4149 Num
3171 4093 3321 4148 idem
3352 4095 3422 4148 sit
3443 4093 3751 4149 Troezenim

2204 4199 2334 4236 eum
2364 4198 2465 4250 eo,
2505 4199 2676 4253 quem
2704 4179 2934 4235 laudant
2959 4181 3131 4254 Diog.
3156 4182 3226 4238 L.
3266 4182 3353 4249 11,
3391 4185 3465 4245 42
3505 4191 3563 4236 et
3581 4178 3746 4234 schol.
3755 4183 3761 4188 '

2206 4267 2581 4335 Hom.11.11,
2611 4285 2674 4321 11
2692 4286 2743 4336 1,
2770 4278 2834 4320 tu
2856 4265 3066 4321 videas.

2283 4353 2471 4408 Nihilo
2529 4353 2721 4407 notior
2773 4362 2854 4408 est
2916 4355 3156 4406 Anaxis.
3204 4353 3462 4408 Fortasse
3523 4349 3751 4407 eundem

2209 4443 2560 4496 Anaxilaum
2582 4439 2722 4494 dicit
2733 4441 3032 4512 Dionysius
3045 4437 3117 4494 1-1.
3136 4441 3330 4511 Antiq.
3352 4441 3426 4494 R.
3452 4440 3505 4509 1,
3534 4456 3567 4494 2
3589 4455 3604 4495 ε
3623 4432 3752 4494 Οὔτῐ

2209 4522 2457 4589 ὃιαὸολὰς
2489 4527 2607 4582 καθ’
2637 4522 2825 4601 ἑτέρων
2853 4522 3089 4600 ἐγνωκὼς
3100 4526 3368 4586 ποιεῖσθαι
3405 4519 3750 4603 συγγραφέων,

2209 4608 2386 4689 ὥσπερ
2409 4609 2703 4677 Ἀναξίλαος
2722 4609 2813 4668 καὶ
2828 4610 3145 4686 Θεόπομπος
3162 4612 3214 4669 ἐν
3235 4615 3338 4677 τοῖς
3356 4609 3643 4688 προοιμίοις
3659 4605 3754 4665 τῶν

2209 4699 2450 4776 ἱστοριῶν
2463 4695 2732 4767 ἐποίησαν.
2752 4696 2857 4756 Sed
2876 4700 3069 4755 malim
3085 4700 3324 4775 intelligi
3340 4701 3752 4762 Anaximenem,

2208 4787 2395 4842 virum
2417 4788 2500 4841 uti
2526 4797 2740 4842 constat
2764 4786 3368 4850 maledicentissimum.
3394 4788 3443 4844 Λ
3459 4788 3508 4843 Α
3527 4797 3586 4841 et
3610 4784 3666 4842 Μ
3692 4783 3756 4837 li-
3876 4773 3877 4814 ³

2213 4884 2343 4928 terae
2370 4873 2631 4929 facillime
2657 4872 3102 4929 confunduntur.
3135 4875 3397 4930 Ceterum
3434 4873 3754 4930 Anaxilaum

2213 4959 2404 5016 laudat
2426 4960 2591 5015 etiam
2618 4961 2859 5034 Diogen.
2885 4962 2952 5017 L.
2982 4962 3042 5029 1,
3090 4979 3195 5032 107
3226 4957 3550 5035 (Ἀναξίλαος
3576 4957 3619 5014 δ’
3647 4954 3757 5033 Ἀρ-

2213 5043 2350 5100 κάδα
2375 5064 2455 5101 sc.
2494 5043 2781 5119 Mysonem
2807 5048 3111 5120 sapientem
3138 5065 3253 5103 esse
3280 5048 3419 5116 dicit
3449 5052 3516 5106 V.
3542 5043 3753 5103 Miiller.

2213 5132 2350 5188 Dor.
2374 5135 2431 5188 11
2445 5173 2461 5201 ,
2481 5152 2542 5206 p.
2570 5151 2644 5206 ²9
2658 5130 2700 5206 ).
2720 5135 2885 5190 Hunc
2913 5134 3157 5189 eundem
3186 5153 3315 5190 cum
3335 5135 3607 5190 Anaxilao
3622 5131 3756 5187 Dio-

2214 5220 2356 5291 nysii
2379 5238 2492 5275 esse
2518 5221 2729 5292 placuit
2768 5221 2963 5278 Vossio
3001 5240 3063 5294 p.
3102 5221 3236 5287 481..
3276 5223 3611 5277 Anaxilaum
3647 5233 3755 5273 me·
