3900 6042
613 499 722 553 ¹56

598 626 688 679 τοῦ
710 617 895 682 ἇλιέως
922 615 988 675 τὰ
1017 615 1184 693 αὐτὰ,
1213 614 1525 686 λυπηθέντες
1545 617 1621 695 τῷ
1643 613 1895 680 πολλάκις
1915 611 2139 684 ἀκούειν,

598 705 899 771 ὑποπιόντες
938 702 1217 779 ἐκώμασαν
1256 702 1385 782 πρὸς
1423 700 1593 761 αὐτόν.
1633 700 1929 777 Δεξαμένου
1967 697 2021 756 δὲ
2050 703 2142 757 τοῦ

598 790 990 868 Τελεσταγόρου
1012 788 1325 869 φιλοφρόνως
1347 786 1529 854 αὐτοὺς
1542 790 1620 863 ,οἱ
1640 787 1896 861 νεανίσκοι
1920 785 2072 843 αὐτόν
2092 807 2146 842 τε

599 879 816 958 ὕὸρισαν
861 876 952 934 καὶ
1000 874 1093 934 δύο
1131 873 1411 952 θυγατέρας
1458 876 1618 932 αὐτοῦ
1669 873 1974 951 ἐπιγάμους.
2027 872 2147 950 Ἐφ’

600 958 674 1032 οἷς
692 963 1143 1041 ἀγανακτήσαντες
1167 966 1213 1021 οἱ
1234 962 1417 1030 Νάξιοι
1444 963 1533 1020 καὶ
1557 962 1622 1021 τὰ
1641 961 1777 1021 ὅπλα
1800 961 2148 1025 ἀναλαὸόντες

599 1055 827 1123 ἐπῆλθον
867 1055 975 1118 τοῖς
1018 1050 1329 1116 νεανίσκοις·
1377 1048 1466 1107 καὶ
1517 1048 1743 1126 μεγίστη
1798 1048 1916 1107 τότε
1968 1047 2149 1114 στάσις

600 1139 821 1215 ἐγένετο,
857 1142 1263 1218 προστατοῦντος
1309 1140 1412 1194 τῶν
1447 1134 1652 1203 Ναξίων
1699 1134 2057 1212 Λυγδάμιδος,
2081 1132 2148 1223 ,ὃς

602 1225 707 1284 ἀπὸ
752 1225 943 1295 ταύτης
972 1228 1063 1294 τῆς
1089 1222 1403 1303 στρατηγίας
1426 1222 1668 1301 τύραννος
1688 1222 1912 1302 ἀνεφάνη
1941 1225 2033 1291 τῆς
2056 1243 2146 1278 πα·

599 1313 787 1390 τρίδος.

1246 1396 1389 1473 [168
1414 1396 1501 1473 a.]

680 1513 702 1589 f
726 1516 893 1569 Arist.
927 1514 1044 1568 Pol.
1072 1515 1137 1582 V,
1169 1511 1201 1566 5
1219 1554 1236 1584 ,
1266 1531 1288 1567 1
1329 1532 1342 1566 ι
1376 1510 1447 1568 At
1474 1512 1522 1566 δ’
1549 1508 1849 1590 ὀλιγαρχίαι
1874 1510 2144 1585 μεταὸάλ·

599 1602 745 1657 λουσι
767 1598 850 1656 διὰ
870 1597 959 1656 δύο
979 1597 1209 1674 μάλιστα
1232 1595 1452 1674 τρόπους
1468 1594 1586 1662 τοὺς
1612 1597 2030 1677 φανερωτάτους,
2055 1599 2145 1656 ἕνα

601 1684 714 1762 μὲν,
761 1684 851 1743 ἐὰν
881 1686 1102 1743 ἀδικῶσι
1129 1683 1189 1741 τὸ
1220 1685 1444 1753 πλῆθος·
1468 1692 1572 1748 πᾶς
1606 1682 1707 1760 γὰρ
1742 1683 1915 1749 ἱκανὸς
1950 1685 2146 1762 γίνεται

598 1773 922 1851 προστάτης·
968 1772 1199 1849 μάλιστα
1241 1770 1305 1841 δ’,
1353 1769 1481 1828 ὅταν
1520 1769 1572 1838 ἐξ
1619 1772 1778 1841 αὐτῆς
1822 1769 2003 1849 cufi-ff,
2052 1776 2145 1842 τῆς

599 1859 909 1938 ὀλιγαρχίας
934 1862 1164 1937 γίνεσθαι
1199 1857 1285 1916 τὸν
1316 1856 1580 1935 ἡγεμόνα·
1616 1857 1853 1935 καθάπερ
1890 1861 1943 1914 ἐν
1989 1859 2146 1939 Νάξῳ

602 1946 898 2022 Λύγδαμις,
927 1945 982 2012 ὃς
1000 1945 1091 2002 καὶ
1119 1943 1455 2023 ἐτυράννησεν
1482 1941 1695 2021 ὕστερον
1723 1947 1824 2000 τῶν
1851 1943 2076 2012 Ναξίων.
2109 1953 2128 2017 ]

677 2040 762 2090 De
789 2035 1059 2108 Lygdami
1080 2033 1152 2089 cs.
1184 2034 1429 2104 Polyaen.
1462 2034 1511 2099 1,
1539 2030 1641 2099 23,
1674 2049 1731 2099 α,
1761 2032 2044 2087 Herodot.
2080 2037 2106 2088 I
2125 2075 2142 2103 ,

601 2123 673 2187 64
695 2163 711 2189 ,
744 2119 1028 2176 Plutarch.
1059 2119 1349 2194 Apophth.
1384 2121 1513 2173 Lac.
1537 2118 1635 2184 64.

1278 2234 1384 2291 168
1412 2236 1493 2317 ¹²:

679 2355 959 2413 Plutarch.
979 2358 1064 2412 De
1077 2356 1208 2410 virt.
1234 2355 1369 2410 mul.
1386 2372 1437 2409 c.
1466 2371 1552 2422 17,
1572 2371 1633 2426 p.
1651 2349 1763 2416 254
1796 2370 1809 2405 ι
1831 2345 2039 2417 Ναξίοις
2055 2348 2146 2406 καὶ

602 2438 886 2509 Μιλησίοις
918 2438 1138 2509 συνέστη
1168 2437 1391 2515 πόλεμος
1424 2436 1510 2495 διὰ
1537 2436 1630 2508 τὴν
1661 2434 2027 2516 Ὑψικρέοντος
2053 2439 2146 2493 τοῦ

602 2524 864 2596 Μιλησίου
893 2533 1141 2601 γυναῖκα,
1174 2522 1427 2604 Νέαιραν.
1461 2521 1605 2594 Αὕτη
1639 2521 1739 2600 γὰρ
1764 2520 1969 2601 ἠράσθη
2000 2524 2144 2600 Προ-

602 2612 840 2688 μέδοντος
864 2611 1059 2680 Ναξίου
1074 2657 1093 2689 ,
1116 2610 1206 2669 καὶ
1229 2609 1591 2681 συνέπλευσεν,
1615 2608 1668 2676 ὃς
1686 2600 1750 2681 ἦν
1769 2608 1863 2686 μὲν
1891 2607 2026 2676 ξένος
2049 2613 2138 2667 τοῦ

599 2698 987 2779 Ὑψικρέοντος,
1021 2698 1294 2777 ἐρασθείσῃ
1329 2695 1381 2755 δὲ
1417 2700 1484 2775 τῇ
1521 2694 1726 2775 Νεαίρᾳ
1764 2695 2017 2767 συνῆλθε,
2053 2694 2144 2752 καὶ

601 2786 687 2843 τὸν
713 2785 877 2863 ἄνδρα
901 2783 1223 2864 φοὸουμένην
1246 2780 1533 2859 ἀπαγαγὼν
1558 2784 1627 2847 εἰς
1646 2779 1816 2849 Νάξον
1836 2826 1852 2851 ,
1875 2779 2033 2838 ἱκέτιν
2053 2784 2145 2851 τῆς

602 2871 813 2938 Ἑστίας
841 2871 1094 2932 ἐκάθισεν.
1122 2873 1244 2930 Τῶν
1272 2867 1327 2927 δὲ
1348 2867 1556 2936 Ναξίων
1583 2869 1676 2926 οὔκ
1700 2866 2027 2936 ἐκδιδόντων,
2049 2866 2145 2944 χά-

605 2982 684 3038 ριν
707 2964 795 3018 τοῦ
834 2959 1217 3037 Προμέδοντος,
1258 2957 1426 3024 ἄλλως
1450 2954 1506 3013 δὲ
1529 2954 1846 3031 ποιουμένων
1885 2954 2143 3033 πρόφασιν

602 3044 698 3116 τὴν
737 3045 979 3114 ἱκετείαν,
1014 3048 1042 3102 ὃ
1079 3043 1307 3119 πόλεμος
1345 3041 1587 3112 συνέστη.
1615 3043 1740 3106 Τοῖς
1779 3039 1832 3097 δὲ
1865 3039 2144 3111 Μιλησίοις

603 3131 751 3189 ἄλλοι
764 3153 821 3189 τε
833 3128 1034 3203 πολλοὶ,
1052 3128 1143 3187 καὶ
1153 3126 1517 3208 προθυμότατα
1534 3129 1637 3184 τῶν
1647 3125 1837 3186 Ἰώνων
1849 3125 2145 3205 Ἐρυθραῖοι

601 3216 949 3296 συνεμάχουν,
977 3215 1066 3274 καὶ
1084 3219 1250 3293 μῆκος
1274 3213 1397 3294 ἔσχε
1425 3213 1514 3272 καὶ
1543 3212 1810 3293 συμφορὰς
1838 3213 2022 3289 ἤνεγκε
2048 3235 2144 3290 με·

596 3382 668 3430 set
688 3381 727 3429 is
738 3380 962 3442 piscator,
977 3378 1315 3440 aegreferentes
1331 3377 1504 3439 saepius
1515 3376 1632 3426 illud
1644 3378 1845 3426 verbum
1863 3390 1892 3427 a
1905 3390 1956 3427 sc
1970 3377 2141 3437 audiri,

592 3456 695 3518 iam
717 3456 839 3506 bene
856 3454 1018 3517 adpoti
1045 3453 1109 3504 ad
1138 3466 1248 3503 eum
1276 3455 1589 3514 perrexerunt
1621 3453 1989 3503 comissabundi·
2011 3456 2145 3522 Quos

595 3546 746 3596 quum
772 3532 973 3594 benigne
997 3531 1255 3593 excepisset
1275 3530 1622 3592 Telestagoras,
1648 3530 1730 3598 ,illi
1751 3532 1803 3579 et
1825 3530 1984 3592 ipsum
2023 3542 2142 3578 con-

590 3609 795 3659 tumelia
810 3609 1099 3668 affecerunt,
1126 3606 1407 3668 duabusque
1425 3605 1611 3656 filiabus
1633 3606 1878 3656 nubilibus
1896 3607 1998 3655 vim
2020 3605 2143 3655 intu-

596 3686 771 3735 lerunt.
792 3684 978 3749 Quibus
994 3683 1292 3745 indignantes
1315 3682 1451 3731 Naxii
1465 3718 1481 3740 .
1504 3682 1702 3744 arreptis
1720 3683 1889 3745 armis,
1911 3683 2141 3744 impetum

597 3765 645 3812 in
667 3764 867 3825 iuvenes
899 3764 1052 3811 secere
1078 3781 1090 3811 ι
1117 3762 1169 3811 et
1198 3761 1413 3811 maxima
1443 3764 1548 3810 tum
1568 3762 1737 3811 exorta
1754 3764 1827 3810 est
1861 3760 2056 3820 seditio,
2091 3760 2143 3809 in

595 3852 693 3902 qua
709 3839 912 3901 praeerat
930 3837 1091 3887 Naxiis
1116 3837 1364 3901 Lygdamis
1375 3874 1390 3900 ,
1406 3836 1490 3900 qui
1505 3837 1567 3891 ab
1585 3837 1678 3887 boc
1694 3837 1895 3900 imperio
1914 3840 2143 3898 tyrannus

597 3917 764 3980 patrioe
782 3915 953 3966 evasit.

1257 3978 1382 4043 [163
1406 3978 1483 4043 a.]

655 4061 967 4127 [Oligarchiae
984 4061 1345 4111 commutantur
1367 4061 1557 4110 duobus
1582 4061 1792 4111 maxime
1808 4060 1965 4110 modis
1987 4062 2142 4109 mani-

593 4139 853 4191 festissimis
887 4158 900 4188 :
932 4151 1029 4187 uno
1051 4137 1271 4199 quidem,
1291 4138 1332 4186 si
1350 4137 1649 4187 multitudini
1679 4138 1900 4199 injuriam
1919 4137 2140 4188 inierant.

592 4217 764 4274 Quivis
783 4215 910 4266 enim
928 4214 989 4263 ad
1007 4214 1279 4263 ducendum
1298 4214 1528 4276 populum
1542 4217 1613 4263 est
1631 4214 1828 4263 idoneus
1840 4250 1855 4276 ,
1875 4216 2141 4277 praesertim

593 4294 635 4343 si
656 4294 765 4356 quis
795 4305 858 4342 ex
892 4291 1004 4353 ipsis
1036 4291 1201 4352 paucis
1231 4290 1573 4352 imperantibus
1595 4303 1647 4339 se
1680 4290 1855 4341 ducem
1890 4290 2101 4352 praebeat
2127 4310 2141 4338 ε

592 4368 1000 4432 quemadmodum
1016 4368 1065 4415 in
1081 4367 1236 4416 insula
1252 4369 1388 4417 Naxo
1406 4365 1658 4431 Lygdamis
1668 4401 1685 4427 ,
1699 4367 1782 4431 qui
1797 4369 1959 4430 postea
1970 4367 2143 4418 Naxio·

590 4458 701 4495 rum
717 4446 947 4508 tyrannus
964 4442 1070 4493 mit.
1090 4441 1110 4507 ]
1407 4523 1440 4578 b

1281 4528 1382 4579 168
1446 4565 1459 4578 .

654 4611 853 4672 Propter
887 4610 1105 4659 Neaeram
1144 4609 1501 4673 Hypsicreontis
1534 4609 1703 4659 Milesii
1726 4623 1925 4659 uxorem
1958 4608 2142 4659 bellum

593 4684 718 4734 iuter
735 4685 913 4735 Naxios
934 4686 985 4735 et
1007 4686 1212 4735 Milesios
1228 4686 1389 4735 ortum
1406 4686 1511 4735 ruit.
1542 4688 1609 4735 Ea
1629 4686 1757 4735 enim
1779 4700 1930 4748 quum
1955 4687 2141 4735 amaret

594 4761 963 4811 Promedontem
988 4762 1191 4811 Naxium
1229 4761 1391 4810 mariti
1423 4762 1497 4811 sui
1531 4762 1796 4824 hospitem,
1820 4775 1996 4824 corpus
2027 4774 2138 4810 cum

591 4852 652 4887 eo
669 4837 887 4899 miscuit,
908 4838 1156 4900 vetitaque
1180 4838 1304 4887 iram
1326 4837 1513 4900 mariti,
1537 4851 1649 4886 cum
1672 4851 1729 4887 eo
1752 4839 1801 4886 iu
1829 4841 2017 4888 Naxum
2049 4850 2137 4886 na-

593 4913 783 4976 vigavit.
806 4918 924 4964 Eam
945 4913 1212 4964 Promedon
1227 4913 1488 4976 supplicem
1510 4916 1669 4963 Vestae
1683 4914 1954 4963 collocavit.
1978 4914 2140 4964 Naxiis

590 4992 752 5040 autem
784 4991 1033 5040 mulierem
1071 4991 1160 5041 sub
1195 4990 1547 5053 praescriptione
1572 4990 1927 5052 supplicationis
1957 4990 2006 5038 in
2028 5003 2139 5051 gra-

593 5068 708 5116 tiam
731 5066 1059 5116 Promedontis
1092 5078 1185 5116 non
1222 5064 1528 5127 decientibu5‚
1548 5065 1728 5115 bellum
1750 5066 1880 5127 quod
1901 5065 2002 5115 dixi
2033 5079 2139 5115 con·

591 5145 761 5193 ilatum
779 5147 868 5193 est.
893 5143 1083 5193 Milesiis
1112 5154 1262 5207 quum
1284 5143 1364 5193 alii
1384 5143 1550 5203 multi,
1578 5146 1685 5192 tum
1704 5147 1876 5192 ionum
1894 5144 2140 5193 studiosis·

592 5220 711 5273 sune
748 5221 979 5283 Erylbraei
1014 5220 1192 5270 auxilia
1227 5221 1464 5281 tulerunt,
1498 5220 1774 5285 bellumque
1800 5221 1889 5270 hoc
1926 5223 2138 5271 tractum

1696 482 2187 546 Ams‘rorms
2231 442 2716 544 FRAGMENTA.

2234 614 2397 691 γάλας
2411 618 2439 671 ὃ
2461 613 2688 689 πόλεμος
2704 635 2717 648 ·
2743 602 2836 669 εἶτ’
2858 609 3122 671 ἐπαύσατο
3140 611 3202 669 δι’
3227 611 3438 692 ἀρετὴν
3454 613 3712 690 γυναικὸς,
3729 620 3789 681 ὡς

2235 699 2452 772 συνέστη
2470 699 2554 757 διὰ
2565 698 2872 778 μοχθηρίαν,
2890 698 3166 777 Διόγνητος
3179 698 3292 778 γὰρ
3312 704 3345 758 ὁ
3361 703 3472 757 τῶν
3488 700 3786 780 Ἐρυθραίων

2235 785 2556 866 στρατηγὸς,
2590 786 2725 864 ἔχων
2765 785 2857 843 καὶ
2883 785 3304 857 πεπιστευμένος
3335 786 3515 867 ἔρυμα
3557 787 3687 847 κατὰ
3709 794 3784 859 τῆς
3841 792 3842 795 ’

2236 873 2441 942 Ναξίων
2459 874 2657 939 πόλεως
2675 863 2733 931 εὗ
2758 872 2984 952 πεφυκὸς
3006 872 3095 930 καὶ
3123 873 3654 951 κατεσκευασμένον,
3679 876 3784 945 ἠλά-

2235 983 2365 1020 σατο
2385 959 2529 1018 λείαν
2557 962 2660 1016 τῶν
2690 958 2898 1027 Ναξίων
2923 958 3142 1034 πολλὴν,
3179 960 3276 1017 καὶ
3311 967 3576 1036 γυναῖκας
3602 962 3781 1019 ἐλευθέ-

2237 1069 2351 1126 ρους
2394 1045 2485 1103 καὶ
2523 1043 2806 1127 παρθένους
2850 1044 3054 1105 ἔλαὸεν.
3083 1034 3186 1104 Ὧν
3232 1054 3409 1121 μιᾶς,
3451 1047 3784 1124 Πολυκρίτης,
3841 1108 3842 1129 3

2236 1132 2488 1213 ἐρασθεὶς,
2529 1124 2666 1211 εἶχεν
2711 1130 2874 1203 αὐτὴν
2918 1132 3017 1210 οὐχ
3054 1133 3125 1201 ὡς
3164 1131 3556 1210 αἰχμάλωτον,
3600 1134 3710 1190 ἀλλ’
3735 1135 3780 1191 ἕν

2235 1216 2376 1285 τάξει
2419 1222 2649 1294 γαμετῆς
2692 1216 2952 1295 γυναικός.
3000 1216 3221 1298 Ἑορτῆς
3267 1217 3331 1276 δὲ
3378 1226 3491 1282 τοῖς
3533 1220 3783 1290 Μιλησίοις

2235 1304 2561 1375 καθηκούσης
2579 1306 2630 1361 ἐν
2653 1306 2717 1382 τῇ
2735 1311 2987 1383 στρατιᾷ,
3006 1302 3097 1361 καὶ
3114 1303 3246 1383 πρὸς
3264 1302 3435 1362 πόσιν
3456 1303 3692 1361 ἁπάντων
3705 1306 3780 1361 καὶ

2240 1390 2509 1458 συνουσίας
2534 1390 2896 1471 τραπομένων,
2926 1389 3164 1469 ἠρώτησε
3186 1390 3277 1449 τὸν
3311 1390 3654 1468 Διόγνητονὴ
3681 1395 3776 1451 Πο-

2234 1478 2480 1557 λυκρίτη,
2514 1479 2587 1554 μή
2636 1501 2687 1537 τι
2731 1477 2922 1536 κωλύοι
2956 1477 3253 1555 πεμμάτων
3289 1477 3516 1558 μερίδας
3561 1477 3778 1555 ἀποπέμ-
3841 1542 3842 1551 3

2235 1568 2332 1644 ψαι
2351 1570 2455 1631 τοῖς
2478 1566 2715 1644 ἀδελφοῖς
2753 1568 2927 1634 αὑτῆς.
2958 1563 3380 1644 Ἐπιτρέψαντος
3409 1566 3457 1622 δ’
3484 1563 3670 1623 ἐκείνου
3701 1563 3776 1620 καὶ

2234 1653 2571 1716 κελεύσαντος
2584 1697 2601 1727 ,
2623 1650 2836 1709 ἐνέὸαλε
2857 1650 3150 1727 μολίδδινον
3167 1650 3570 1731 γραμματίδιον
3588 1652 3654 1715 εἷς
3670 1653 3778 1707 πλα·

2234 1743 2423 1797 κοῧντα
2442 1782 2459 1809 ,
2502 1735 2795 1795 κελεύσασα
2824 1734 3021 1816 φράσαι
3055 1734 3144 1793 τὸν
3167 1738 3467 1813 κομίζοντα
3498 1746 3599 1803 τοῖς
3638 1737 3773 1793 ἀδελ-
3841 1768 3842 1821 3

2236 1825 2372 1904 φοῖς,
2404 1823 2543 1890 ὅπως
2570 1822 2716 1881 αὐτοὶ
2740 1821 2888 1899 μόνοι
2926 1824 3385 1883 καταναλώσωσιν
3412 1824 3450 1882 ἃ
3474 1824 3688 1902 ἔπεμψε.
3716 1825 3771 1880 Οἱ

2238 1912 2283 1969 δ’
2306 1911 2600 1990 ἐντυχόντες
2621 1914 2695 1989 τῷ
2726 1908 2988 1988 μολίὸδῳ,
3010 1909 3100 1968 καὶ
3127 1910 3193 1970 τὰ
3213 1911 3522 1991 γράμματα
3551 1914 3636 1977 τῆς
3676 1912 3766 1994 Πο-
3841 1948 3842 1951 =

2235 1995 2480 2074 λυκρίτης
2506 1994 2831 2071 ἀναγνόντες,
2857 1994 3167 2067 κελευούσης
3183 1996 3378 2064 νυκτὸς
3401 1994 3664 2055 ἐπιθέσθαι
3681 2003 3769 2057 τοῖς
3841 2030 3842 2045 3

2235 2082 2521 2158 πολεμίοις,
2551 2085 2621 2148 ὡς
2639 2081 2739 2140 ὑπὸ
2766 2081 2924 2158 μέθης
2948 2081 3035 2140 διὰ
3055 2081 3152 2154 τὴν
3175 2083 3372 2161 ἑορτὴν
3401 2078 3767 2159 ἐξημελημένων
3839 2060 3842 2135 l

2235 2167 2462 2241 πάντων,
2484 2168 2869 2246 προσήγγειλαν
2890 2176 2996 2234 τοῖς
3009 2177 3326 2247 στρατηγοῖς
3342 2212 3360 2239 ,
3384 2167 3476 2226 καὶ
3502 2165 3766 2245 παρώρμη-
3841 2164 3842 2221 ἷ

2235 2277 2331 2312 σαν
2351 2253 2563 2321 ἐξελθεῖν
2594 2253 2706 2330 μετ’
2728 2256 2915 2314 αὐτῶν.
2946 2253 3181 2322 Ἁλόντος
3203 2254 3262 2313 δὲ
3288 2260 3386 2313 τοῦ
3442 2254 3662 2333 χωρίου,
3689 2250 3763 2307 καὶ
3841 2284 3842 2305 ;

2233 2342 2443 2399 πολλῶν
2490 2340 2894 2421 διαφθαρέντων,
2949 2341 3238 2419 ἐξῃτήσατο
3283 2342 3375 2400 τὸν
3422 2341 3689 2417 Διόγνητον
3732 2342 3761 2403 ἦ

2236 2427 2537 2507 Πολυκρίτη
2579 2427 2723 2507 παρὰ
2762 2431 2866 2486 τῶν
2911 2429 3158 2500 πολιτῶν,
3201 2429 3298 2487 καὶ
3337 2427 3608 2486 διέσωσεν.
3635 2422 3760 2489 Αὐτὴ
3841 2484 3842 2493 3

2235 2514 2289 2573 δὲ
2332 2514 2456 2594 πρὸς
2497 2518 2611 2582 ταῖς
2636 2516 2825 2581 πύλαις
2847 2515 3098 2591 γενομένη
3127 2514 3247 2582 τοὺς
3276 2514 3500 2579 πολίτας
3525 2513 3758 2569 ἀπαντῶν·
3841 2520 3842 2579 3

2231 2625 2324 2669 τας
2346 2604 2476 2680 αὐτῇ
2490 2644 2506 2673 ,
2531 2601 2662 2678 μετὰ
2684 2610 2850 2682 χαρᾶς
2868 2601 2959 2660 καὶ
2979 2601 3244 2681 στεφάνων
3270 2597 3668 2679 ὖποδεχομένοικ
3687 2592 3759 2651 κῦὶ
3841 2614 3842 2659 ἶ

2234 2688 2624 2765 θαυμάζοντας,
2649 2691 2744 2747 οὔκ
2771 2688 2956 2766 ἤνεγκε
2983 2688 3044 2748 τὸ
3072 2687 3293 2766 μέγεθος
3317 2693 3416 2760 τῆς
3435 2694 3624 2766 χαρᾶς,
3654 2683 3753 2738 ἀλλ’

2234 2774 2489 2834 ἀπέθανεν
2519 2777 2679 2834 αὐτοῦ
2720 2781 2954 2835 πεσοῦσα
2979 2776 3101 2855 περὶ
3121 2768 3454 2847 τῆν’πύλην·
3483 2773 3604 2830 ὅπου
3628 2770 3758 2826 τέθα·
3841 2820 3842 2825 ,

2234 2885 2396 2935 πται,
2421 2861 2510 2929 καὶ
2529 2863 2765 2920 καλεῖται
2787 2862 3049 2941 βασκάνου
3077 2861 3239 2943 τάφος
3258 2906 3275 2935 ,
3305 2866 3378 2929 ὥς
3407 2857 3639 2940 βασκάνῳ
3668 2852 3752 2911 τινὶ

2231 2950 2366 3028 τύχῃ
2389 2947 2484 3029 τὴγ
2509 2948 2836 3028 Πολυκρίτην
2876 2948 3211 3028 φθονηθεῖσαν
3238 2951 3542 3007 ἀπολαῦσαι
3570 2945 3660 2999 τῶν
3686 2962 3751 2995 τι·

2233 3041 2362 3113 μῶν.
2410 3033 2567 3096 Οὕτω
2615 3035 2708 3111 μὲν
2754 3038 2802 3093 οἱ
2843 3033 3049 3103 Ναξίων
3103 3038 3420 3115 συγγραφεῖς
3466 3033 3747 3107 ἱστοροῦσιν·

2232 3127 2260 3181 ὁ
2282 3122 2326 3180 δ’
2348 3122 2699 3201 Ἀριστοτέλης
2723 3121 2897 3200 φησὶν,
2922 3123 3030 3180 οὐδ’
3056 3120 3288 3192 ἁλούσης
3309 3125 3402 3192 τῆς
3430 3113 3747 3193 Πολυκρίτης,

2235 3211 2406 3278 ἄλλως
2447 3207 2507 3268 δέ
2543 3233 2654 3276 πως
2688 3210 2862 3267 ἰδόντα
2901 3208 2988 3268 τὸν
3030 3208 3313 3288 Διόγνητον
3355 3210 3652 3291 ἐρασθῆνᾰῑ,
3677 3196 3750 3256 καὶ

2509 3314 3734 3339 --.-......-,.,..--.----

2233 3376 2415 3437 magnis
2436 3374 2812 3435 calamitatibus»,
2836 3374 3032 3424 tandem
3045 3375 3226 3424 virtute
3245 3373 3464 3427 mulieris
3480 3370 3649 3420 finitum
3664 3366 3747 3418 αἱ,

2231 3453 2374 3501 sicuti
2409 3454 2618 3514 coeperat
2656 3452 2869 3501 mulieris
2906 3452 2971 3500 ob
3011 3451 3317 3514 pravitatem.
3359 3449 3607 3510 Diognetus
3643 3446 3746 3500 Ery·
3841 3506 3842 3517 γ

2232 3529 2490 3578 thraeorum
2515 3527 2616 3576 dux
2640 3528 2952 3576 munitionem
2977 3528 3218 3590 quandam
3260 3528 3357 3578 sibi
3391 3522 3667 3575 commissam
3687 3520 3745 3563 le·

2231 3607 2391 3667 nebat,
2406 3608 2673 3668 opportune
2688 3604 2949 3654 admodum
2962 3608 3131 3655 contra
3143 3606 3412 3656 Naxiorum
3427 3604 3586 3653 urbem
3599 3597 3744 3651 situm
3841 3624 3842 3669 3

2229 3681 2392 3744 itaque
2422 3686 2472 3732 et
2488 3676 2706 3745 maguam
2730 3682 2893 3732 Naxiis
2910 3684 3123 3744 praedam
3146 3683 3376 3742 abstulit,
3412 3686 3461 3732 et
3483 3676 3742 3729 mulieresac

2229 3759 2433 3820 virgines
2454 3759 2642 3808 liberas.
2665 3761 2848 3809 Harum
2868 3772 3013 3808 unam
3027 3796 3043 3821 ,
3064 3758 3256 3809 nomine
3279 3758 3586 3822 Polycritam,
3605 3756 3742 3799 amore
3841 3762 3842 3825 j

2231 3839 2424 3899 captus,
2458 3849 2626 3887 secum
2656 3850 2752 3886 non
2781 3839 2838 3885 ut
2867 3836 3135 3899 captivam,
3167 3837 3252 3887 sed
3272 3837 3442 3887 uxoris
3461 3836 3560 3884 loco
3587 3822 3738 3879 habuit-

2231 3914 2402 3963 Evenit
2423 3916 2479 3962 ut
2512 3914 2563 3963 in
2587 3915 2755 3963 castris
2777 3913 3071 3963 Milesiorum
3102 3913 3203 3964 dies
3223 3917 3445 3977 ageretur
3479 3911 3616 3960 festus
3646 3922 3657 3951 ε
3680 3897 3734 3950 ibi
3841 3968 3842 3981 ξ

2229 4003 2383 4052 quum
2397 4004 2563 4041 omues
2584 3992 2766 4053 poculis
2786 3993 2943 4041 essent
2955 4004 3013 4041 ac
3030 3992 3261 4042 conviviis
3280 3991 3448 4053 dediti,
3465 3983 3634 4049 rogavit
3647 3977 3737 4028 ⁰5⁰·
3841 3984 3842 4031 ἶ

2229 4070 2425 4127 gnetum
2444 4067 2678 4128 Polycrita
2691 4104 2707 4129 ,
2734 4072 2790 4116 ut
2804 4067 2971 4118 liceret
2987 4068 3077 4117 sibi
3095 4068 3326 4119 fratribus
3348 4068 3502 4132 partes
3524 4056 3734 4140 plpoessst·
3841 4100 3842 4103 ,

2231 4157 2337 4192 rum
2350 4144 2555 4195 mittere.
2578 4148 2839 4207 Quumque
2847 4145 2894 4197 is
2906 4145 3202 4207 permitteret
3216 4158 3274 4195 ac
3285 4145 3491 4208 jubera,
3500 4133 3735 4203 plumbffiffl
3841 4142 3842 4151 ’

2229 4222 2453 4271 tabellam
2480 4224 2711 4285 placentae
2744 4222 2971 4283 inseruit,
2990 4223 3219 4274 mandato
3242 4225 3287 4273 ei
3308 4224 3395 4288 qui
3417 4233 3519 4272 eam
3544 4210 3734 4265 tratfflm

2229 4299 2482 4361 afferebat,
2509 4302 2566 4348 ut
2598 4299 2726 4348 solos
2752 4300 2879 4349 vesci
2908 4299 3100 4360 iuberet
3121 4301 3298 4351 fratres
3318 4302 3377 4351 iis
3404 4309 3510 4361 quae
3531 4285 3731 4342 mittebat.
3841 4312 3842 4319 ι

2232 4374 2292 4424 ιιι
2310 4387 2460 4436 quum
2492 4374 2799 4425 offendissent
2827 4376 3053 4426 tabellam
3078 4377 3129 4427 et
3143 4377 3363 4440 legissent
3395 4385 3502 4438 quae
3522 4360 3733 4427 scrivsm‘

2234 4452 2469 4514 Polycrita
2493 4454 2809 4515 (hortabatur
2828 4456 2990 4503 autem
3022 4458 3076 4504 ut
3107 4459 3254 4505 noctu
3277 4455 3436 4505 hostes
3454 4444 3726 4500 adorirentur,

2230 4530 2294 4579 ob
2322 4531 2597 4581 ebrietatem
2635 4532 2755 4581 l'oeto
2777 4532 2855 4582 die
2885 4534 3182 4583 contractam
3220 4535 3364 4597 plane
3390 4525 3589 4582 socordi&
3606 4519 3728 4569 ‘Bw‘

2231 4606 2382 4669 lutos)
2397 4643 2411 4667 ,
2431 4621 2533 4656 rem
2550 4606 2755 4657 ducibus
2783 4608 3047 4658 Naxiorum
3068 4610 3476 4672 sigriifieaverunt,
3496 4604 3540 4652 et
3557 4604 3726 4661 ΝΜΟ·

2229 4686 2403 4733 verunt
2435 4688 2491 4734 ut
2526 4697 2690 4733 secum
2713 4684 2905 4733 exirent
2931 4686 3001 4735 rei
3033 4686 3251 4748 gereudae
3269 4699 3431 4737 causa.
3456 4673 3672 4736 occupatu
3701 4677 3725 4713 ⁸

2230 4761 2394 4810 Naxiis
2427 4760 2648 4822 castello,
2684 4760 2944 4824 multisque
2978 4763 3186 4813 bostium
3221 4760 3503 4818 intersectis,
3531 4744 3726 4810 Di⁰ss¹¹⁸¹⁰

2227 4837 2448 4900 precibus
2462 4837 2700 4899 Polycrita
2717 4850 2749 4886 a
2765 4838 2951 4887 civibus
2967 4838 3236 4902 impetravit
3253 4841 3464 4890 salutem.
3485 4837 3577 4895 lpufl
3590 4824 3722 4873 ⁸¹¹¹&

2229 4914 2413 4963 civibus
2430 4913 2493 4961 ad
2522 4916 2709 4976 portam
2739 4915 3104 4965 occurrentibus
3119 4928 3292 4980 magno
3309 4928 3418 4965 cum
3438 4904 3613 4974 gaudio,
3637 4894 3722 4980 ⁰⁰⁰¹·

2228 4990 2630 5051 laudantibusque
2664 4992 2712 5039 et
2743 4993 2874 5040 serta
2908 4991 3195 5052 serentibus,
3233 4986 3546 5054 magnitudine
3573 4973 3722 5061 Ιιιίίίῢῶ

2231 5065 2527 5125 exanimata,
2548 5067 2598 5114 iu
2630 5065 2729 5127 ipsa
2764 5069 2902 5127 porta
2936 5067 3144 5116 concidit
3165 5071 3389 5117 mortua:
3417 5065 3548 5123 atque
3573 5053 3629 5103 ib!
3655 5058 3717 5094 ὅθ·

2231 5144 2363 5205 pulta
2386 5146 2485 5204 est,
2509 5145 2557 5191 et
2576 5145 2923 5192 monimentum
2950 5145 3051 5205 ejus
3068 5149 3268 5194 vocatur
3289 5143 3476 5195 Livoris
3494 5126 3716 5185 tumulus:

2229 5220 2358 5285 quod
2378 5219 2551 5268 invidia
2574 5220 2780 5284 quadam
2801 5220 3006 5275 fortunat
3027 5222 3254 5273 fascinata
3275 5218 3496 5285 Polycrita
3509 5202 3710 5274 mmmm
