3900 6042
1606 472 2097 534 FRAGMENTA.

172 607 523 690 ῦψηφίσαντο.
553 608 679 666 Τῶν
714 603 769 663 δὲ
821 607 1049 675 ποιητῶν
1088 603 1333 681 Χοιρίλον
1364 602 1457 678 μὶν
1504 603 1587 662 ἀεὶ
1619 603 1741 683 περὶ

174 696 339 753 αὑτὸν
365 685 502 772 εἶχεν
529 697 598 758 ὥς
624 692 957 769 κοσμήσοντα
980 689 1072 757 τὰς
1089 689 1299 770 πράξεις
1322 688 1408 748 διὰ
1440 694 1743 763 ποιητικῆς,

172 780 468 859 Ἀντιλόχῳ
491 779 545 838 δὲ
571 778 845 848 ποιήσαντι
866 777 1100 857 μετρίους
1118 777 1258 843 τινὰς
1277 779 1346 843 εἷς
1366 776 1519 835 αὐτὸν
1540 777 1744 856 στίχους

176 868 360 939 ἡσθεὶς
384 869 543 925 ἔδωκε
567 866 773 936 πλήσας
797 865 1042 945 ἀργυρίου
1066 864 1152 922 τὸν
1175 864 1344 924 πῖλον.
1433 863 1746 942 Ἀντιμάχου

180 955 241 1014 δὲ
268 960 357 1013 τοῦ
385 953 714 1033 Κολοφωνίου
740 952 831 1011 καὶ
871 950 1170 1030 Νικηράτου
1207 949 1340 1017 τινὸς
1377 950 1744 1028 Ἡρακλεώτου

179 1042 445 1117 ποιήματι
490 1038 788 1118 Δυσάνδρια
835 1035 1288 1115 διαγωνισαμένων
1335 1037 1415 1095 ἐπ’
1458 1038 1614 1095 αὐτοῦ
1658 1035 1745 1095 τὸν

185 1129 491 1206 Νικήρατον
538 1125 910 1205 ἐστεφάνωσεν,
962 1127 991 1182 6
1032 1123 1086 1181 δὲ
1136 1123 1439 1202 Ἀντίμαχος
1484 1121 1748 1202 ἀχθεσθεὶς

186 1216 409 1296 ἠφάνισε
439 1214 499 1272 τὸ
519 1212 740 1287 ποίημα.
822 1209 1050 1271 Πλάτων
1074 1211 1129 1269 δὲ
1162 1210 1271 1277 νέος
1293 1210 1364 1269 ὧν
1384 1210 1496 1269 τότε
1517 1211 1606 1270 καὶ
1626 1215 1749 1269 θαυ·

190 1304 372 1375 μάζων
395 1300 482 1358 τὸν
500 1298 808 1375 Ἀντίμαχον
839 1298 921 1357 ἐπὶ
946 1301 1011 1376 τῇ
1033 1302 1278 1376 ποιητικῇ
1306 1296 1504 1377 βαρέως
1531 1296 1749 1376 φέροντα

186 1388 289 1459 τὴν
317 1379 477 1459 ἧτταν
503 1385 833 1461 άνελάμὸανε
861 1384 952 1442 καὶ
978 1389 1328 1463 παρεμυθεῖτο
1367 1392 1471 1450 τοῖς
1512 1386 1752 1460 ἀγνοοῦσι

190 1475 354 1534 κακὸν
379 1465 510 1532 εἶναι
530 1473 755 1553 φάμενος
772 1471 866 1542 τὴν
891 1470 1126 1549 ἄγνοιαν,
1144 1470 1324 1552 ὥσπερ
1346 1470 1439 1541 τὴν
1459 1469 1751 1549 τυφλότητα

190 1567 303 1627 τοῖς
342 1562 417 1638 μὴ
454 1562 750 1639 βλέπουσιν.
833 1559 988 1619 'Emi
1026 1559 1201 1634 μέντοι
1238 1564 1266 1618 6
1305 1559 1585 1638 κιθαρῳδὸς
1615 1557 1751 1636 Ἀρι·

192 1650 406 1716 στόνους
437 1648 604 1716 ἑξάκις
634 1646 804 1708 Πύθια
831 1647 1110 1718 νενικηκὼς
1148 1646 1498 1723 ἐπηγγέλλετο
1532 1649 1606 1722 τῷ
1640 1649 1753 1704 Λυ-

194 1738 404 1815 σάνδρῳ
431 1732 913 1816 φιλοφρονούμενος,
930 1732 992 1789 ἂν
1020 1731 1207 1809 νικήσῃ
1231 1734 1410 1805 πάλιν,
1452 1730 1754 1810 Λυσάνδρου

192 1822 433 1900 κηρύξειν
460 1822 663 1895 ἑαυτὸν,
695 1848 720 1872 ι
747 1811 823 1879 Ἦ
854 1821 1062 1898 δοῦλονς
1086 1848 1107 1869 ν
1134 1811 1293 1878 εἶπεν.

277 1912 573 1967 Athenaeus
585 1911 710 1978 XV,
728 1928 790 1983 Ρ.
820 1908 1015 1981 696,Ε
1038 1926 1052 1962 z
1075 1906 1188 1965 Οὔκ
1216 1903 1324 1983 ἔχὶι
1348 1905 1392 1962 δ’
1416 1906 1511 1981 (sc.
1535 1924 1758 1962 carmen

198 2001 271 2056 ab
320 1999 616 2054 Aristotele
651 1999 716 2052 in
750 1999 1047 2051 Hermeam
1085 1999 1443 2052 Atarnensem
1474 1995 1757 2067 composi-

199 2087 343 2159 tum)
375 2082 490 2141 οὐδὲ
518 2082 577 2140 τὸ
602 2080 875 2139 παιανικὸν
898 2080 1194 2160 ἐπίρρημα,
1222 2078 1458 2159 καθάπερ
1486 2083 1511 2136 6
1540 2081 1611 2145 εἷς
1651 2079 1758 2138 Αύ-

202 2174 421 2249 σανδρον
481 2169 567 2227 τὸν
628 2167 967 2248 Σπαρτιάτην
1007 2166 1221 2246 γραφεὶς
1263 2168 1421 2232 ὅντως
1466 2166 1654 2239 παιὰν,
1704 2167 1759 2223 ὅν

203 2280 333 2339 φησι
361 2261 546 2334 Δοῦρις
592 2258 646 2312 ἰν
690 2262 792 2321 τοῖς
836 2254 1055 2335 Σαμίων
1106 2250 1531 2333 ἐπιγραφομένοις
1574 2251 1761 2333 Ὥροις

205 2343 422 2425 ᾅδεσθαι
449 2346 502 2402 ἔν
531 2341 724 2420 Σάμῳ.
1444 2370 1485 2407 0

286 2436 373 2490 De
396 2432 739 2500 honoribus,
769 2428 973 2503 quibus
993 2428 1343 2502 Lysandrum
1371 2425 1543 2483 Samii
1563 2427 1761 2484 affece-

206 2525 353 2588 rint,
382 2538 437 2576 v.
464 2518 710 2574 Panoska
731 2518 770 2571 l.
821 2517 855 2572 l.
884 2535 944 2590 p.
977 2517 1069 2587 73.
1096 2555 1164 2565 -
1189 2516 1519 2570 Antilochus
1537 2515 1762 2571 aliunde

205 2627 327 2663 non
347 2618 531 2662 notus.
551 2607 837 2661 Niceratus
851 2605 949 2658 iste
970 2612 1311 2658 memoratur
1323 2602 1654 2675 Praxiphani
1672 2621 1761 2675 ap.

209 2695 515 2751 Marcellin.
535 2694 642 2748 Vit.
668 2692 843 2747 Thuc.
873 2689 946 2744 30
975 2700 1030 2744 et
1064 2690 1346 2745 Aristoteli
1382 2689 1616 2745 Rhetor.
1655 2691 1759 2757 111,

216 2803 240 2839 1
260 2802 280 2838 ι
298 2827 313 2842 .
353 2806 377 2831 α
405 2779 719 2836 Antimachi
748 2797 878 2833 cum
904 2778 1164 2833 Nicerato
1197 2786 1504 2842 certamen,
1533 2775 1604 2831 de
1647 2795 1763 2848 quo

208 2872 271 2929 h.
317 2870 358 2927 l.
406 2870 607 2942 agitur,
654 2868 854 2921 initum
898 2883 1010 2919 esse
1054 2884 1168 2937 quo
1202 2876 1453 2938 tempore
1484 2863 1766 2936 Lysander

211 2977 344 3013 cum
372 2957 621 3031 Agesilao
642 2956 701 3009 in
732 2955 856 3010 Asia
876 2971 993 3007 rem
1018 2963 1266 3026 gereret,
1302 2951 1767 3023 conjicitNaekius

211 3046 288 3100 de
333 3044 553 3099 Cboeril.
576 3063 635 3117 p.
669 3040 773 3108 503
810 3040 907 3095 sed
942 3058 1061 3094 non
1102 3038 1416 3112 persuadet.
1467 3037 1765 3114 Λυσάνδρια

211 3133 366 3188 enim
387 3131 508 3203 quis
521 3130 652 3185 alibi
676 3129 865 3202 potius
883 3126 1161 3182 celebrata
1180 3125 1339 3180 fuisse
1359 3124 1549 3180 credat
1563 3166 1579 3193 ,
1599 3144 1765 3197 quam

212 3223 274 3275 in
304 3221 417 3292 ipsa
436 3216 639 3273 Samo?
660 3210 811 3270 Illud
830 3215 1002 3287 igitur
1029 3223 1310 3267 certamen
1330 3230 1446 3265 non
1465 3210 1537 3264 ad
1558 3213 1766 3267 seriora

213 3320 472 3379 tempora
499 3303 769 3375 referam,
796 3300 895 3356 sed
935 3299 1009 3355 ad
1052 3299 1320 3354 festorum
1361 3300 1766 3353 institutionem

214 3391 507 3465 Lysandro
532 3408 720 3445 coram
746 3389 901 3444 domi
930 3406 961 3442 a
984 3388 1178 3442 Samiis
1204 3398 1489 3454 actorum3
1506 3385 1677 3458 ‚quod
1704 3397 1766 3440 ut

217 3480 534 3535 declararet
579 3476 907 3532 Plutarchus
935 3474 1156 3539 addidit
1204 3474 1289 3530 ἐπ’
1336 3473 1499 3551 αὐτῷ.
1563 3496 1588 3522 1·
1636 3476 1768 3528 Haec

216 3567 586 3621 Hullemanus
596 3565 910 3620 rectissime.
932 3563 1189 3618 Ceterum
1208 3580 1330 3635 quae
1355 3561 1426 3615 de
1438 3562 1768 3616 Antimacho

215 3665 277 3708 et
302 3653 531 3707 Platone
560 3653 614 3707 h.
658 3651 697 3707 1.
731 3660 1031 3705 narrantur
1063 3649 1441 3703 commentitia
1468 3666 1580 3701 esse
1618 3647 1770 3703 haud

214 3734 339 3787 sine
367 3749 523 3785 causa
549 3739 800 3785 statuunt
816 3727 1096 3783 Welcker.
1120 3730 1179 3782 in
1202 3728 1354 3800 Cycl.
1381 3728 1550 3781 Hom.
1573 3744 1632 3799 p.
1663 3726 1771 3780 106

216 3830 280 3876 et
304 3819 555 3874 Diibncr.
583 3816 655 3872 ad
683 3815 1075 3871 Antimachum
1096 3833 1155 3888 p.
1181 3833 1275 3886 29.

219 3988 354 4033 runt.
378 3986 447 4031 Ex
470 3983 620 4045 poetis
647 3982 744 4044 ipse
781 3981 1045 4031 choerilum
1075 3993 1261 4041 semper
1276 3991 1440 4028 secum
1477 3979 1671 4037 habuit,
1691 3981 1775 4040 qui

219 4059 439 4110 carmine
479 4072 556 4109 res
588 4058 695 4121 ejus
727 4061 882 4119 gestas
901 4059 1155 4107 exornaret
1185 4075 1197 4104 ι
1234 4056 1514 4116 Antilocho,
1549 4054 1681 4118 quod
1715 4055 1778 4105 de

220 4140 331 4200 ipso
347 4135 609 4185 mediocres
625 4134 811 4197 aliquot
828 4147 994 4183 versus
1008 4133 1294 4195 scripsisset,
1315 4132 1581 4182 oblectatus
1604 4132 1779 4193 pileum

220 4216 423 4275 argento
459 4211 672 4272 replevit.
704 4211 989 4261 Antimacho
1013 4208 1310 4271 Colophonio
1340 4212 1391 4257 et
1423 4208 1640 4257 Nicerato
1662 4221 1778 4270 quo·

222 4293 342 4343 dam
361 4292 637 4342 Her-scienta
659 4289 917 4352 Lysandris
951 4292 1169 4351 poemate
1185 4287 1542 4337 decertantibus
1578 4288 1678 4349 ipso
1704 4287 1780 4347 ju·

222 4368 339 4419 dice
355 4405 370 4428 ,
396 4368 666 4418 Niceratum
689 4365 961 4425 coronavit3
986 4364 1296 4415 Antimachus
1324 4363 1645 4425 indignatione
1672 4376 1777 4412 mo·

222 4451 314 4498 tus
348 4457 515 4508 poema
540 4457 681 4493 suum
702 4442 925 4492 abolevit.
953 4442 1090 4492 Plato
1108 4445 1297 4500 autem,
1325 4440 1517 4501 iuvenis
1542 4444 1669 4500 tum,
1698 4440 1782 4488 ml-

224 4525 369 4573 ratus
387 4521 719 4571 Antimachum
751 4519 959 4581 graviter
982 4520 1106 4569 ferre
1136 4511 1353 4581 quod'in
1372 4529 1424 4565 re
1455 4517 1638 4579 poetica
1661 4517 1783 4565 esset

226 4601 510 4661 superatus,
548 4596 819 4645 consolatus
841 4608 953 4645 eum
984 4599 1057 4644 est
1078 4593 1410 4656 ostenditque,
1441 4592 1783 4654 ignorationem

228 4678 292 4727 iis
313 4675 486 4737 quibus
504 4676 675 4722 inesset
692 4676 879 4721 tantum
904 4686 1075 4720 nocere
1091 4671 1243 4729 ,sicut
1263 4669 1527 4719 caecitatem
1548 4669 1603 4718 iis
1621 4667 1782 4729 modo,

226 4755 319 4819 qui
342 4753 467 4815 capti
496 4751 757 4801 luminibus
785 4754 956 4800 essent.
996 4754 1178 4800 Verum
1202 4750 1478 4798 Aristonous
1497 4746 1786 4796 citharoedus

226 4846 386 4898 quum
413 4832 565 4881 sexies
604 4830 794 4879 vicisset
831 4830 998 4892 Pythia
1032 4831 1081 4878 et
1113 4824 1354 4890 Lysandro
1385 4827 1631 4876 blandiens
1665 4827 1786 4874 esset

230 4910 503 4975 pollicitus,
526 4909 565 4958 si
586 4921 755 4957 rursus
774 4908 991 4968 vicisset,
1016 4905 1245 4969 Lysandri
1269 4917 1370 4954 sese
1387 4916 1493 4954 esse
1510 4902 1783 4966 pronuntia·

232 4994 403 5040 turum
420 5024 434 5049 ,
458 4991 564 5036 tum
578 4987 659 5037 ille
678 5004 703 5030 ιι
721 4989 841 5035 Num
864 4988 1092 5035 servum?
1117 5005 1141 5028 ι·
1165 4985 1337 5046 inquit.

298 5070 465 5128 Neque
478 5065 622 5115 etiam
650 5064 909 5133 poeanicam
927 5064 1323 5114 exclamationem
1344 5064 1438 5123 (Io
1456 5065 1619 5111 Poean
1637 5061 1681 5121 l)
1697 5059 1788 5109 ha·

232 5148 320 5196 bet
342 5145 434 5194 hoc
451 5156 643 5193 carmen
659 5178 674 5205 ‚
697 5142 1103 5205 quemadmodum
1136 5142 1216 5190 iile
1245 5140 1294 5189 in
1317 5138 1613 5201 Lysandrum
1651 5141 1786 5200 Spai-

236 5228 405 5272 tanum
426 5220 633 5282 scriptus
662 5232 806 5269 verus
821 5232 986 5281 paean,
1009 5232 1152 5281 quem
1182 5217 1321 5267 Duris
1339 5217 1386 5266 in
1417 5215 1684 5266 Samiorum
1703 5227 1787 5262 an·

236 5299 431 5359 nalibus
450 5298 518 5347 sit
540 5297 670 5349 Sami
692 5298 798 5348 cani
819 5298 1028 5347 solitum.

3265 488 3380 536 ⁴85

2555 607 2652 664 66.

1913 724 2098 795 Etym.
2132 722 2190 776 M
2222 739 2235 774 :
2269 715 2420 787 Ἰήιος
2466 717 2519 776 δὲ
2547 720 2575 775 6
2601 717 2859 778 Ἀπόλλων
2905 715 3141 793 λέγεται,
3185 721 3253 784 ὡς
3292 719 3386 793 μὲν

1834 808 2044 882 Δοῦρις,
2086 806 2164 862 ὅτι
2205 807 2258 861 ἐν
2302 803 2553 880 ἀγκάλαις
2601 802 2911 878 βαστάσασα
2940 804 3027 860 τὸν
3071 803 3217 872 ἥλιον
3263 805 3384 879 (scr.

1837 889 2157 968 Ἀπόλλωνα)
2173 894 2206 960 ἡ
2225 888 2385 960 Λητὼ
2401 888 2763 948 ἔνεκελεύσατο
2778 891 2992 946 εἰποῦσα
3005 913 3017 925 ·
3031 889 3154 958 Ἰήιε
3171 913 3245 947 πα
3253 894 3382 961 ιῆον.

1916 978 2096 1056 ἥλιον]
2128 991 2314 1035 ortum
2343 998 2412 1034 ex
2438 980 2599 1053 signo
2618 1020 2634 1046 ,
2663 998 2777 1051 quo
2800 998 3007 1034 nomen
3038 980 3312 1053 Apollinis
3333 982 3390 1034 in

1845 1065 2018 1121 codd.
2049 1068 2249 1140 passim
2278 1078 2558 1123 exaratur.
2589 1070 2654 1121 V.
2677 1067 2899 1123 Miiller.
2924 1069 3054 1122 Dor.
3083 1068 3109 1119 I
3129 1106 3144 1132 ‚
3165 1085 3221 1139 p.
3256 1066 3389 1134 315,

1839 1163 1894 1206 et
1911 1150 2051 1224 298;
2075 1153 2378 1209 Weichert.
2398 1149 2529 1206 Leb.
2552 1154 2609 1206 d.
2633 1154 2897 1224 Aponon.
2925 1172 2982 1224 p.
3011 1160 3112 1224 493
3135 1153 3389 1210 Lobeck.

1840 1238 2118 1312 Aglaoph.
2157 1258 2218 1311 p.
2279 1236 2449 1304 1354.
2495 1240 2810 1293 Illustratur
2850 1240 3224 1312 fragmentum
3265 1241 3393 1294 loco

1840 1326 2094 1381 Athenaei
2110 1326 2235 1391 XV,
2264 1344 2326 1398 p.
2372 1343 2505 1394 701,
2548 1326 2620 1392 C,
2650 1325 2751 1381 uhi
2779 1325 3077 1383 Clearchus
3120 1327 3397 1400 scripsisse

1842 1412 2052 1467 dicitur
2074 1408 2167 1479 τὴν
2195 1408 2355 1477 Λητὼ
2383 1411 2442 1467 ἐκ
2470 1408 2729 1474 Χαλκίδος
2753 1414 2846 1479 τῆς
2887 1408 3109 1477 Εὐὸοίας
3137 1410 3396 1487 &vangis--

1844 1500 2029 1565 ζουσαν
2059 1498 2128 1562 εἷς
2167 1494 2395 1575 Δελφοὺς
2425 1495 2725 1554 Ἀπόλλωνα
2752 1493 3132 1574 καὶ.Ἄρτεμιν,
3161 1498 3398 1574 γενέσθαι

1845 1579 1990 1661 παρὰ
2012 1580 2184 1640 τὸτοῦ
2212 1581 2482 1653 κληθέντος
2512 1580 2758 1648 Πύθωνος
2780 1582 3055 1653 σπήλαιον.
3102 1584 3212 1644 Καὶ
3246 1606 3398 1663 φερο·

1847 1668 2004 1746 μένου
2029 1673 2118 1726 τοῦ
2162 1668 2404 1734 Πύθωνος
2429 1669 2510 1726 ἐπ’
2533 1660 2715 1734 αὐτοὺς
2731 1713 2747 1742 ,
2783 1673 2816 1739 ἡ
2844 1668 3031 1741 Λητὼ,
3053 1673 3157 1728 τῶν
3197 1670 3397 1727 παίδων

1846 1757 1932 1813 τὸν
1958 1754 2127 1834 ἕτερον
2158 1758 2210 1813 ἐν
2235 1757 2486 1832 ἀγκάλαις
2511 1754 2729 1833 ἔχουσα,
2758 1755 3034 1835 προσὸᾶσα
3059 1760 3134 1836 τῷ
3162 1756 3291 1836 λίθῳ
3321 1758 3402 1835 τῷ

1848 1848 1935 1900 νῦν
1965 1842 2041 1900 ἔτι
2064 1841 2285 1922 κειμένῳ
2327 1842 2427 1901 ὑπὸ
2453 1846 2527 1921 τῷ
2569 1841 2688 1899 ποδὶ
2715 1846 2805 1912 τῆς
2833 1844 3033 1919 χαλκῆς
3061 1842 3402 1923 εἰργασμένης

1850 1934 2157 2002 Λητοῦς,...
2181 1920 2341 1987 εἶπεν·
2374 1928 2453 1989 Ἵε
2479 1930 2595 1989 παῖ.
2620 1931 2811 2006 Τυχεῖν
2836 1929 2889 1987 δὲ
2910 1929 3030 1997 τόξα
3064 1930 3196 2006 μετὰ
3221 1938 3400 2010 χεῖρας

1850 2016 2035 2096 ἔχοντα
2058 2018 2145 2074 τὸν
2174 2016 2562 2076 Ἀπόλλωνα....
2591 2017 2782 2094 Διόπερ
2807 2016 2910 2073 ἀπὸ
2944 2016 3124 2076 τούτου
3154 2018 3404 2096 λεχθῆναί

1851 2126 1978 2183 φασι
2000 2104 2079 2173 τὸ,
2109 2101 2188 2163 Ἵε
2218 2112 2339 2175 παῖ,
2364 2103 2488 2175 καὶ,
2513 2101 2590 2163 “le
2617 2102 2802 2161 παιών.

2500 2211 2597 2280 67.

1931 2316 2163 2370 Proclus
2188 2313 2260 2369 ad
2283 2314 2420 2369 Plat.
2445 2315 2592 2371 Tim.
2625 2312 2675 2381 I,
2708 2334 2766 2388 p.
2805 2314 2879 2369 28
2913 2335 2926 2368 :
2965 2311 3126 2390 Εἴπερ
3153 2335 3229 2378 τις
3254 2309 3406 2378 ἄλλος

1852 2398 1942 2456 καὶ
1970 2402 2196 2469 ποιητῶν
2226 2397 2429 2476 ἄριστος
2454 2395 2632 2477 κριτὴς
2671 2401 2698 2455 δ
2729 2398 3025 2459 Πλάτων...
3057 2396 3407 2476 Ἡρακλείδης

1852 2490 1973 2562 γοῦν
2001 2489 2029 2544 6
2060 2487 2309 2549 Ποντικός
2336 2506 2511 2563 φησιν,
2543 2482 2622 2542 ὅτι
2644 2488 2747 2542 τῶν
2783 2485 3032 2564 Χοιρίλον
3058 2484 3171 2542 τότε
3201 2486 3403 2543 εὐδοκι-

1855 2571 2107 2647 μούντων,
2157 2571 2382 2631 Πλάτων
2425 2570 2490 2627 τὰ
2540 2571 2851 2650 Ἀντιμάχου
2908 2571 3231 2649 προῦτίμησε
3247 2615 3264 2641 ,
3316 2570 3410 2631 καὶ

1856 2658 2010 2717 αὐτὸν
2032 2658 2206 2716 ἔπεισε
2226 2657 2313 2716 τὸν
2336 2657 2680 2738 Ἡρακλείδην
2705 2661 2774 2725 εἷς
2806 2661 3088 2739 Κολοφῶνα
3111 2657 3320 2714 ἐλθόντα
3340 2655 3409 2714 τὰ

1854 2745 2125 2821 ποιήματα
2157 2744 2395 2813 συλλέξαι
2418 2751 2509 2805 τοῦ
2534 2745 2732 2825 ἀνδρός.
2757 2745 2950 2815 Μάτην
2975 2736 3061 2803 οὖν
3086 2747 3412 2824 φληναφοῧσι

1862 2832 2200 2911 Καλλίμαχος
2223 2835 2311 2889 καὶ
2336 2834 2543 2913 Δοῦρις,
2563 2836 2631 2898 ὣς
2654 2832 2933 2898 Πλάτωνος
2952 2834 3045 2891 οὐκ
3067 2831 3208 2898 ὄντος
3226 2833 3412 2889 ἱκανοῦ.

1858 2919 2048 3000 κρίνειν
2076 2920 2310 2987 ποιητάς.

1937 3008 2267 3064 Mandatum
2296 3008 2445 3064 istud
2471 3010 2806 3065 Antimacho
2835 3009 3028 3064 datum
3070 3010 3128 3062 in
3173 3008 3412 3063 dubium

1857 3106 2023 3149 vocat
2042 3094 2324 3150 Welcker.
2345 3096 2386 3152 l.
2416 3096 2454 3153 l.
2476 3114 2539 3168 Ρ.
2576 3095 2702 3152 106.
2725 3095 3080 3150 —Ceterum
3103 3092 3174 3148 de
3195 3094 3407 3159 critica,

1858 3201 2025 3255 quam
2051 3184 2109 3236 in
2130 3193 2323 3254 poetas
2345 3184 2501 3237 Plato
2528 3184 2861 3251 exercuerit,
2881 3201 2938 3238 y.
2962 3180 3288 3253 Bernhardy
3312 3181 3408 3235 Gr.

1858 3270 1965 3323 Lit.
1999 3269 2056 3337 1,
2087 3286 2147 3340 Ρ.
2188 3268 2288 3324 131
2324 3288 2409 3342 sq.
2442 3281 2578 3339 not,
2609 3282 2666 3325 et
2695 3287 2838 3343 quos
2867 3267 3075 3325 laudat.

2586 3372 2684 3431 68.

1938 3466 2217 3521 zenobius
2263 3469 2433 3524 Prov.
2462 3468 2539 3535 11,
2572 3466 2646 3522 28
2690 3483 2705 3523 t
2750 3461 3046 3528 Ἀττικὸς
3090 3462 3413 3542 πάροικος.

1864 3556 2045 3629 Δοῦρις
2077 3550 2213 3629 [καὶ]
2259 3551 2378 3629 περὶ
2417 3553 2575 3622 αὐτῆς
2609 3552 2779 3629 λέγει,
2830 3549 2908 3609 ὅτι
2949 3549 3127 3621 ἐπειδὴ
3158 3549 3414 3619 Ἀθηναῖοι

1860 3637 1980 3703 τοὺς
2025 3644 2410 3717 περιοικοῦντας
2450 3640 2621 3704 αὐτοῖς
2661 3638 2751 3697 καὶ
2784 3642 3109 3716 γειτνιῶντας
3149 3636 3413 3711 ἐξέὸαλον,

1862 3729 1896 3795 ἡ
1926 3724 2183 3803 παροιμία
2213 3728 2487 3805 ἐκράτησε.
2521 3725 2781 3805 Κράτερος
2805 3726 2858 3783 δὲ
2880 3725 2983 3785 ἀπὸ
3012 3730 3110 3783 τῶν
3140 3727 3210 3791 εἷς
3233 3725 3420 3800 Σάμον

1862 3810 2197 3892 πεμφθέντων
2217 3812 2487 3884 Ἀθήνηθεν
2507 3813 2727 3871 ἐποίκων
2742 3811 2836 3883 τὴν
2855 3811 3140 3894 παροιμίαν
3160 3813 3414 3891 εἰρῆσθαι.

2589 3986 2679 4036 66.

1926 4077 2067 4134 'inice
2090 4075 2257 4138 Apollo
2275 4076 2559 4137 appellatur,
2582 4074 2763 4124 Duride
2778 4075 2976 4123 auctore
2991 4107 3005 4131 ,
3021 4072 3274 4133 propterea
3285 4066 3412 4131 quod

1866 4158 2048 4203 Latona
2072 4152 2338 4215 Apollinem
2363 4153 2410 4200 in
2430 4152 2556 4200 ulnis
2589 4154 2778 4213 gestans
2793 4149 3049 4199 exhortata
3071 4159 3184 4196 eum
3207 4148 3281 4196 est
3304 4158 3416 4195 ver-

1867 4233 1939 4280 bis
1966 4251 1978 4280 :
2008 4233 2119 4290 Ἰήιε
2132 4239 2305 4292 παιῆον
2324 4231 2420 4291 (Ἶε
2442 4230 2641 4289 παιών).

2601 4311 2689 4361 67.

1931 4410 2205 4459 Heraclides
2227 4409 2456 4459 Ponticus
2475 4407 2609 4468 dicit,
2635 4406 2721 4457 etsi
2743 4405 2939 4456 ehoerili
2958 4402 3172 4453 carmina
3191 4406 3308 4450 tunc
3326 4413 3420 4450 ms·

1868 4501 1961 4550 gno
1981 4489 2029 4536 in
2047 4487 2227 4535 honore
2253 4486 2453 4536 ruissent
2470 4522 2485 4546 ,
2509 4485 2753 4535 Platonem
2771 4485 2937 4531 tamen
2956 4479 3226 4530 Antimaclii
3246 4482 3420 4541 praetu-

1870 4569 1977 4617 lisse
1994 4603 2007 4625 ‚
2027 4567 2211 4628 ipsique
2235 4563 2497 4615 Heraclldae
2514 4564 2737 4624 suasisse,
2757 4565 2814 4611 ut
2831 4561 3152 4623 Colophonem
3179 4558 3422 4621 profectus

1871 4644 2085 4694 carmina
2119 4644 2262 4703 hujus
2297 4641 2387 4689 viri
2407 4641 2661 4702 colligeret.
2696 4641 2735 4686 T
2737 4649 2894 4688 emere
2930 4638 3091 4698 itaque
3127 4634 3421 4684 hariolantur

1873 4720 2193 4772 Callimachus
2224 4722 2370 4780 atque
2393 4717 2567 4779 Duris,
2604 4718 2849 4764 censentes
2882 4713 2950 4762 illi
2984 4714 3226 4762 Platonem
3249 4722 3426 4773 parum

1872 4800 2094 4848 idoneum
2113 4799 2376 4859 aptumque
2393 4794 2535 4844 fuisse
2558 4793 2618 4841 ad
2638 4791 2918 4853 iudicandos
2938 4791 3119 4852 poetas.

2599 4883 2688 4933 68.

1934 4982 2132 5030 Atticus
2157 4978 2465 5042 inquilinus.
2489 4979 2560 5024 De
2580 4975 2673 5023 hoc
2688 4986 2884 5034 quoque
2901 4970 3154 5033 proverbio
3186 4969 3326 5018 Duris
3345 4968 3420 5019 di·

1872 5060 1957 5107 cit.
1979 5058 2154 5107 Natum
2171 5056 2239 5105 sit
2254 5053 2365 5103 inde
2389 5050 2521 5115 quod
2543 5050 2850 5101 Athenienses
2883 5047 3141 5110 inquilinos
3168 5049 3219 5096 et
3238 5045 3422 5095 vicinos

1872 5135 2048 5199 pellere
2065 5134 2189 5183 soliti
2209 5132 2321 5182 sint.
2343 5132 2568 5181 craterus
2593 5139 2707 5177 vero
2729 5137 2946 5175 manasse
2962 5124 3024 5174 ab
3040 5124 3097 5172 iis
3122 5123 3309 5181 censet,
3336 5122 3422 5183 qui

1874 5212 2071 5263 Athenis
2087 5212 2137 5259 in
2158 5212 2355 5259 Samum
2389 5206 2516 5256 missi
2535 5208 2705 5255 essent.
2729 5202 2872 5252 Attici
2891 5202 3019 5251 enim
3049 5204 3243 5250 Samum
3262 5200 3419 5247 trans·

1873 5289 2002 5339 missi
2022 5286 2180 5350 ibique
2199 5284 2356 5335 sedem
2378 5283 2568 5344 ligenies
2586 5280 2825 5342 indigenas
2847 5278 3144 5339 expulerunt.
