3900 6042
541 484 654 535 620

540 606 868 681 prebensuS,
898 603 1007 657 hoc
1029 611 1131 669 est,
1154 599 1500 656 adstantibus
1522 600 1806 673 utrimque
1821 641 1837 669 ,
1866 601 1963 673 qui
1983 614 2100 655 ma·

539 710 647 746 nus
662 692 751 746 vel
766 692 816 745 ei
830 689 1061 762 injicere
1074 689 1442 756 minarentur,
1464 688 1553 742 vel
1568 690 1817 741 vinctum
1830 698 2097 743 tenerent.

542 780 653 851 Qui
678 795 869 833 sensus
895 775 969 832 ad
997 776 1384 850 Aristophanis
1428 773 1601 830 verba
1624 774 1909 829 transferri
1938 793 2102 829 com-

541 864 714 921 mode
744 875 963 940 potest,
1009 882 1196 936 neque
1231 864 1395 918 aliam
1438 863 1865 935 explicationem
1894 862 2103 917 admit-

545 963 671 1008 tunt
695 953 869 1009 verba
895 951 1201 1007 scholiastae
1220 946 1570 1026 κατεχόμενον
1591 946 1920 1025 ἑκατέρωθεν.
1942 951 2098 1025 Con-

546 1051 631 1097 tra
656 1040 968 1096 Brunckius
995 1050 1051 1093 et
1071 1038 1443 1093 Schneiderus
1468 1036 1543 1092 ad
1568 1037 1835 1110 Xenoph.
1872 1038 1913 1091 l.
1946 1038 1986 1095 l.
2023 1039 2101 1093 ita

543 1136 814 1186 statuunt.
865 1128 896 1181 J
901 1144 1137 1181 uvenem
1192 1124 1345 1198 apud
1391 1123 1853 1196 Aristophanem,
1907 1127 2096 1193 aiunt,

545 1213 856 1291 significare
893 1232 1014 1270 rem
1049 1214 1127 1266 ita
1168 1211 1581 1286 transigendam
1609 1229 1725 1266 esse
1753 1229 1823 1266 ex
1868 1211 2098 1268 decreto

546 1303 824 1369 Cannoni,
854 1310 918 1355 ut
946 1300 1171 1372 utrique
1203 1300 1430 1353 mulieri
1461 1299 1758 1372 separatim
1790 1299 2101 1372 morigere·-

548 1402 659 1447 tur.
707 1390 955 1446 Caunoni
994 1405 1197 1460 nempe
1242 1386 1472 1441 decreto
1525 1396 1751 1441 cautum
1799 1386 1992 1455 fuisse,
2036 1396 2100 1440 ut

545 1484 895 1557 singulorum
914 1481 1147 1535 seorsim
1169 1496 1331 1534 causa
1357 1488 1812 1551 cognosceretur,
1838 1480 1886 1533 si
1910 1480 2101 1552 plures

545 1570 708 1625 simul
738 1566 990 1640 ejusdem
1018 1567 1266 1622 criminis
1294 1576 1710 1623 accusarentur.
1737 1567 2098 1621 Scholiastam

546 1676 577 1712 a
612 1675 776 1712 sensu
816 1656 1026 1711 decreti
1064 1654 1383 1721 aberrasse,
1428 1662 1523 1707 aut
1567 1654 1738 1708 verba
1765 1653 1884 1722 ejus
1911 1656 2100 1709 vitiata

545 1763 681 1801 esse.
711 1747 930 1800 Docere
965 1744 1075 1798 hoc
1112 1744 1302 1797 locum
1342 1741 1630 1813 Hesychii,
1657 1743 1756 1813 qui
1785 1741 1903 1813 ipsa
1927 1741 2099 1796 verba

546 1831 757 1887 decreti
809 1839 1104 1898 servasset,
1156 1839 1221 1883 ut
1266 1846 1334 1882 ex
1374 1827 1653 1882 vocabulo
1702 1825 2100 1902 διειλημμένους

544 1929 936 1993 cognoscatur,
968 1915 1323 1989 quodetiam
1357 1914 1617 1970 Comicus
1657 1914 1935 1970 exhibeat.
1988 1914 2102 1990 [Ex

544 2007 763 2060 comico
803 2007 971 2059 etiam
1008 2003 1315 2073 Hesychius
1354 2018 1576 2055 sumere
1618 1999 1865 2075 potuit.]
1916 2004 2098 2075 Hesy-

544 2094 732 2147 chium
752 2101 1021 2165 praeterea
1039 2099 1190 2144 recte
1208 2105 1439 2142 monere
1457 2086 1527 2142 de
1545 2088 1804 2159 pluribus
1823 2090 1986 2142 simul
2010 2108 2093 2145 ac·

545 2179 745 2233 cusatis
755 2178 913 2250 loqui
927 2174 1216 2230 decretum
1234 2194 1249 2241 3
1268 2174 1411 2228 male
1431 2185 1624 2228 contra
1638 2191 1815 2227 unum
1832 2191 1991 2228 reum
2003 2195 2095 2230 no·

545 2266 759 2319 minare
786 2263 1118 2318 scholiasten
1139 2271 1195 2315 et
1218 2261 1455 2316 verbum
1485 2255 1847 2332 διειλημμένον
1865 2262 2102 2332 pessime

546 2353 826 2424 explicare
847 2345 1226 2424 κατιχόμενονς
1248 2366 1378 2402 narn
1407 2348 1645 2402 alterum
1669 2345 1905 2400 verbum
1927 2346 2102 2404 ἑκατέ-

548 2441 704 2515 ρωθεν
720 2440 780 2493 in
798 2440 921 2511 ipso
943 2438 1171 2492 decreto
1188 2434 1354 2490 fuisse
1373 2434 1554 2489 videri
1581 2431 1854 2509 [quonam
1872 2454 2035 2491 sensu
2051 2435 2096 2512 Ρ]

547 2525 791 2599 ideoque
817 2534 1098 2581 retentum
1120 2523 1191 2578 ab
1226 2523 1523 2596 Hesychio.
1544 2524 1719 2577 Recte
1742 2522 2097 2596 Xenophon-

546 2623 661 2670 tem
703 2614 847 2669 insra
881 2613 914 2687 §
950 2611 1021 2683 37
1073 2610 1352 2684 explicare
1401 2608 1794 2683 διειλημμένους
1838 2609 2100 2687 κρίνεσθαι

545 2720 651 2775 per
688 2699 950 2778 κρίνεσθαι
988 2696 1111 2774 δίχα
1147 2695 1382 2753 ἕκαστον.
1430 2697 1606 2771 igitur
1630 2699 1905 2752 sancitum
1931 2698 2099 2752 fuisse

547 2789 778 2845 decreto
796 2830 812 2857 ,
842 2799 905 2843 ut
940 2789 985 2842 si
1014 2788 1139 2861 quis
1165 2783 1254 2842 τὸν
1281 2787 1384 2841 τῶν
1413 2782 1691 2853 Ἀθηναίων
1723 2784 1887 2858 δῆμον
1918 2784 2099 2863 ἀδικῇ,

547 2877 824 2948 ejusmodi
838 2894 967 2932 reus
984 2876 1201 2931 vinctus
1212 2876 1269 2927 in
1273 2873 1552 2945 judicium
1570 2873 1890 2942 duceretur,
1908 2875 2100 2947 ibique

548 2982 770 3019 causam
796 2963 1009 3018 diceret
1031 2978 1047 3019 z
1070 2971 1134 3015 ut
1152 3001 1167 3028 ,
1194 2963 1238 3014 si
1263 2960 1409 3014 sorte
1432 2961 1621 3032 plures
1639 2959 1889 3031 ejusdem
1911 2963 2102 3015 crimi-

547 3052 633 3105 nis
654 3051 867 3124 publici
886 3050 969 3102 rei
992 3057 1309 3120 agerentur,
1335 3064 1453 3099 non
1476 3064 1669 3102 omnes
1688 3048 1852 3124 simul
1878 3047 2101 3118 judica-

547 3148 762 3204 rentur,
786 3135 887 3191 sed
908 3134 1110 3208 sing-uli
1131 3152 1284 3188 suam
1311 3134 1548 3204 quisque
1581 3150 1799 3187 causam
1826 3134 2096 3189 dicerent.

549 3227 681 3282 Haec
709 3223 1107 3289 SchneideruS,
1142 3221 1301 3292 cujus
1323 3222 1593 3275 sententia
1615 3239 1728 3275 uno
1757 3221 1940 3276 fulcro
1963 3223 2101 3276 niti-

551 3325 642 3368 tur
654 3312 840 3367 verbis
860 3310 1253 3384 Xenophontis
1271 3306 1321 3382 1,
1349 3325 1402 3377 7,
1430 3306 1524 3374 34,
1548 3307 1646 3361 ubi
1670 3316 1799 3380 post
1816 3310 2102 3364 recitatam

548 3401 936 3474 Euryptolemi
970 3398 1376 3453 accusationem
1420 3396 1608 3469 pergit
1633 3396 1870 3469 scriptor
1898 3413 1913 3452 :
1944 3396 2101 3454 Τοῦτ’

547 3483 705 3543 εἰπὼν
736 3482 1129 3562 Εὐρυπτόλεμος
1144 3528 1161 3551 ,
1192 3480 1385 3561 ἔγραψε
1409 3479 1622 3557 γνώμην
1645 3480 1780 3538 κατὰ
1802 3480 1861 3539 τὸ
1887 3482 2103 3541 Καννώ-

547 3595 634 3629 νου
672 3571 915 3650 ψήφισμα
960 3570 1219 3648 κρίνεσθαι
1260 3567 1375 3633 τοὺς
1420 3568 1634 3647 ἄνδρας,
1681 3568 1803 3646 δίχα
1849 3568 2098 3628 ἕκαστον·

549 3662 583 3730 ἡ
613 3656 667 3716 δὲ
713 3661 806 3728 τῆς
844 3660 1030 3736 βουλῆς
1059 3649 1145 3730 ἦν,
1183 3664 1282 3735 μιᾷ
1309 3654 1468 3736 ψήφῳ
1511 3654 1743 3721 ἅπαντας
1779 3655 1989 3733 κρίνειν.
2027 3663 2101 3715 At

544 3740 682 3803 &ero
727 3748 976 3803 Cannoni
1011 3746 1302 3801 decretum
1348 3745 1406 3800 h.
1449 3747 1489 3802 l.
1530 3746 1750 3800 nonita
1785 3759 2094 3821 memorat,

546 3848 607 3890 ut
642 3835 809 3907 hujus
845 3834 1176 3889 auctoritate
1221 3829 1341 3909 δίχα
1378 3830 1595 3888 ἕκαστον
1635 3830 1896 3911 κρίνεσθαι
1922 3836 2098 3907 signi-

544 3922 674 3979 ficet
721 3942 735 3976 :
787 3922 887 3977 sed
929 3921 1199 3993 quoniam
1242 3930 1434 3975 orator
1482 3921 1641 3974 initio
1682 3922 1953 3977 orationis
1986 3939 2096 3976 suae

546 4011 761 4066 dixerat
782 4028 841 4065 se
864 4009 1095 4081 quidem
1114 4010 1423 4081 postulare,
1453 4018 1516 4061 ut
1539 4007 1711 4063 duces
1733 4008 1813 4061 illi
1836 4006 2099 4078 judicen-

548 4106 637 4152 tur
662 4115 732 4152 ex
760 4096 1011 4153 Cannoni
1038 4096 1268 4150 decreto
1289 4092 1308 4168 (
1323 4096 1481 4168 quod
1508 4112 1678 4168 supra
1705 4094 2097 4167 Xenophontis

542 4184 729 4240 verbis
752 4180 1071 4256 dedimus),
1095 4200 1280 4253 neque
1304 4192 1484 4236 tamen
1512 4200 1572 4236 se
1602 4180 1898 4254 refragari,
1929 4182 1974 4234 si
1999 4183 2095 4253 qui

541 4271 772 4326 mallent
794 4268 1039 4341 judicari
1067 4269 1194 4323 illos
1225 4286 1294 4323 ex
1312 4287 1377 4324 ea
1398 4269 1544 4342 lege,
1572 4287 1697 4341 quae
1722 4268 1794 4322 de
1816 4269 2096 4341 sacrilegis

1734 467 2058 528 CRATERI
2103 468 2160 526 M
2169 468 2533 529 Aci-:noxis

2190 610 2245 655 et
2280 601 2670 673 proditoribus
2696 602 2806 658 lata
2834 603 2931 670 sit,
2966 620 3039 657 ex
3067 620 3177 676 qua
3205 605 3515 662 condemnati
3535 614 3642 667 cxlvii

2189 691 2428 744 Atticam
2447 689 2754 763 sepeliendi
2774 701 2829 745 et
2844 691 2996 745 bona
3016 709 3214 745 eorum
3233 693 3526 764 publicanda
3539 700 3642 752 sint:

2189 788 2491 850 propterea
2508 778 2942 851 Euryptolemus
2954 780 3302 851 rogationem
3322 779 3644 856 deincepsscxi-

2189 863 2329 919 bens
2366 882 2623 937 expresse
2648 867 2981 920 memoravit
3019 884 3088 920 se·
3109 883 3180 920 ex
3221 867 3451 922 Cannoni
3483 870 3654 927 decreto

2192 948 2337 1022 (non
2362 967 2429 1004 ex
2457 951 2578 1023 lege
2601 951 2993 1024 proditorum)
3036 970 3166 1006 cum
3192 954 3298 1007 reis
3317 954 3546 1027 agendum
3569 976 3654 1013 esse

2189 1054 2432 1093 censere.
2453 1038 2623 1108 Quod
2641 1057 2778 1093 vero
2797 1038 2957 1094 addit
2974 1036 3104 1115 δίχα
3128 1035 3356 1109 ἕκαστον,
3375 1060 3474 1096 nou
3487 1046 3650 1117 psephi-

2189 1124 2375 1177 smatis
2390 1122 2572 1194 jussu,
2597 1125 2696 1179 sed
2719 1143 2751 1179 e
2777 1143 2874 1179 sua
2904 1127 3179 1180 sententia
3200 1124 3368 1180 addit.
3397 1130 3513 1182 Nan
3532 1134 3650 1187 etiam

2188 1228 2219 1264 e
2248 1210 2369 1283 lege
2387 1210 2747 1283 proditorum
2769 1214 2886 1268 καθ’
2907 1208 3004 1269 ἕνα
3023 1210 3241 1269 ἕκαστον
3265 1211 3496 1288 κρίνεσθαι
3508 1220 3649 1275 voluit.

2193 1293 2347 1351 Hanc
2376 1299 2736 1369 sententiam,
2775 1318 2892 1353 non
2917 1298 3254 1377 ψηφίσματος
3281 1302 3468 1372 jussum
3491 1315 3652 1357 semtm

2188 1383 2565 1456 impugnavit,
2595 1396 2653 1439 et
2693 1387 3028 1460 impugnare
3055 1397 3293 1460 poterat.
3323 1390 3396 1442 lta
3416 1390 3534 1444 enim
3554 1390 3582 1464 §
3599 1392 3649 1445 23

2189 1471 2300 1525 ait.-
2322 1467 2533 1527 Τούτων
2520 1471 2661 1577 n(sc.
2683 1474 2798 1529 τῶν
2805 1472 3000 1547 νόμων,
3016 1479 3110 1530 τοῦ
3125 1472 3210 1529 ἐπὶ
3223 1471 3652 1552 ἱεροσύλοιςκιιὶπρο-

2189 1555 2357 1622 δόταις
2380 1568 2436 1612 et
2463 1578 2553 1614 του
2581 1558 2641 1613 ἐκ
2669 1558 2944 1617 Καννὼνου
2967 1558 3328 1639 ψηφίσματος)
3351 1560 3546 1641 ὁποτέρῳ
3565 1562 3648 1638 βού-

2186 1641 2365 1715 λεσθε,
2392 1666 2437 1699 ω
2478 1641 2657 1721 ἄνδρες
2703 1644 2998 1722 Ἀθηναῖοι,
3041 1651 3120 1726 τῷ
3146 1647 3284 1725 νόμῳ
3307 1649 3594 1725 κρινίσθωσαν
3615 1652 3648 1705 οἱ

2188 1728 2365 1807 ἄνδρες
2387 1730 2500 1788 καθ
2541 1728 2631 1792 ἕνα
2658 1731 2895 1795 ἕκαστον.
2931 1738 3128 1810 Igitur
3145 1737 3281 1790 nihil
3309 1755 3404 1810 ego
3426 1736 3559 1791 video
3579 1757 3649 1792 cnr

2187 1820 2361 1875 verba
2389 1821 2702 1877 scholiastae
2731 1835 3001 1897 corrupta
3031 1842 3154 1879 esse
3180 1824 3305 1878 vel
3293 1842 3451 1896 ipsum
3473 1825 3648 1883 scholia-

2187 1916 2326 1962 stam
2353 1926 2563 1965 errasse
2588 1927 2928 1969 censeamus,

2932 2045 2989 2101 6.

2266 2173 2592 2228 Plutarchus
2606 2174 2831 2230 Aristid.
2845 2194 2896 2232 c.
2918 2174 2992 2229 26
3007 2194 3024 2233 :
3037 2174 3405 2244 Τελευτῆσαιέ
3415 2173 3643 2252 Ἀριστείδη»

2188 2259 2236 2314 οἱ
2267 2259 2361 2332 μὲν
2383 2259 2434 2314 ἐν
2455 2257 2641 2336 Πόντῳ
2661 2258 2815 2337 φασὶν
2831 2258 3197 2318 ἐκπλεύσαντα
3216 2260 3432 2338 πράξεων
3450 2259 3564 2319 ἕνεκα
3583 2262 3644 2330 δη·

2190 2341 2405 2419 μοσίων,
2432 2345 2479 2401 οἱ
2499 2345 2544 2400 δ’
2571 2343 2812 2415 Ἀθήνησι
2830 2344 2970 2426 γήρᾳ
2988 2345 3283 2423 τιμώμενον
3302 2347 3382 2405 καὶ
3400 2345 3640 2422 θαυμαζόμε·

2185 2452 2267 2488 νον
2296 2430 2395 2488 ὑπὸ
2427 2433 2529 2489 τῶν
2550 2434 2794 2492 πολιτῶν.
2827 2436 3092 2514 Κράτιρος
3111 2436 3158 2492 δ’
3191 2437 3219 2493 ὁ
3245 2433 3475 2494 Μακεδὼν
3495 2440 3643 2491 emata

2187 2540 2302 2574 τινα
2338 2519 2458 2598 περὶ
2492 2523 2582 2589 τῆς
2611 2521 2853 2591 τελευτῆς
2885 2525 2975 2579 τοῦ
3009 2522 3196 2600 ἀνδρὸς
3229 2520 3406 2602 εἴρηκε.
3446 2518 3642 2598 Met-474?

2186 2606 2279 2675 τὴν
2293 2605 2711 2681 Θεμιστοκλέους
2727 2607 2892 2686 φυγήν
2909 2630 3068 2688 φησιν
3090 2607 3264 2687 ὥσπερ
3285 2608 3566 2685 ἐξυὸρίσαντα
3579 2608 3643 2664 τὸν

2186 2692 2349 2767 δῆμον
2375 2694 2633 2767 ἀναφῦσαι
2667 2695 2859 2765 πλῆθος
2889 2699 3249 2774 συκοφαντῶν,
3280 2695 3328 2754 οἳ
3355 2694 3453 2761 τοὺς
3478 2694 3644 2773 ἀρίστους

2185 2779 2275 2837 καὶ
2292 2779 2675 2846 δυνατωτάτους
2693 2780 2878 2859 ἄνδρας
2893 2781 3162 2850 διώκοντες
3174 2782 3442 2842 ὖπέὅαλλον
3453 2785 3512 2862 τῷ
3526 2782 3642 2861 efflue

2185 2871 2287 2927 τῶν
2306 2869 2512 2925 πολλῶν
2523 2868 2873 2948 ἐπαιρομένων
2894 2870 2982 2927 ὑπ’
2995 2872 3234 2948 εὐτυχίας
3245 2872 3330 2929 καὶ
3343 2869 3570 2945 δυνάμεως.
3579 2868 3643 2927 Ἐν

2186 2955 2380 3021 τούτοις
2407 2954 2497 3012 καὶ
2525 2954 2838 3033 Ἀριστείδην
2859 2956 3058 3016 ἁλῶναι
3091 2959 3402 3038 δωροδοκίας,
3429 2958 3640 3035 Διοφάνταο

2186 3065 2276 3099 του
2298 3041 2706 3122 Ἀμφιτροπῆθεν
2726 3049 3162 3124 κατηγοροῦντος,
3179 3048 3271 3116 ὡς,
3298 3042 3374 3102 ὅτε
3397 3042 3493 3108 τους
3513 3040 3643 3119 φόρον(

2189 3128 2427 3207 ἔπραττε,
2450 3128 2596 3209 παρὰ
2619 3133 2722 3187 τῶν
2747 3129 2940 3190 Ἰώνων
2963 3131 3213 3212 χρήματα
3233 3131 3475 3201 λαὸόντος,
3499 3132 3638 3186 ἐκτῖσαι

2189 3216 2237 3273 δ
2263 3218 2357 3273 οὐκ
2385 3216 2574 3293 ἔχοντα
2611 3215 2705 3288 τὴν
2734 3218 3020 3289 καταδίκην
3065 3219 3367 3290 πεντήκοντα
3390 3220 3505 3295 μνῶν
3531 3205 3639 3272 ουσαν

2188 3304 2468 3361 ἐκπλευσαι
2511 3326 2600 3361 και
2642 3305 2761 3381 περὶ
2805 3302 2898 3376 τὴν
2945 3306 3150 3365 Ἰωνίαν
3191 3310 3452 3366 ἀποθανεῖν.
3486 3302 3635 3363 Τούτων

2191 3388 2386 3450 οὐδὲν”
2357 3412 2608 3469 εγγραφον
2634 3396 2663 3450 ὃ
2694 3392 2956 3472 Κρατερος
2993 3417 3269 3475 τεκμηριον
3291 3394 3529 3473 παρέσχεν,
3559 3407 3637 3443 Μῑ

2190 3474 2335 3548 δίκην
2361 3476 2478 3535 οὔτε
2505 3476 2750 3557 ψήφισμα
2766 3523 2782 3553 ,
2825 3479 3015 3560 καίπερ
3048 3480 3238 3547 εἰωθὼς
3255 3480 3463 3543 ἐπιεικῶς
3485 3473 3636 3552 γράφειν

2190 3564 2255 3621 τὰ
2295 3570 2511 3623 τοιαῦτα
2551 3566 2641 3622 καὶ
2686 3566 3062 3645 παρατίθεσθαι
3109 3592 3220 3635 τους
3265 3568 3556 3644 ἱστορουντιις.
3586 3559 3632 3616 Οἱ

2187 3652 2231 3708 δ’
2256 3652 2406 3710 ἄλλοι
2424 3653 2631 3723 πάντες,
2650 3656 2720 3719 ὡς
2739 3655 2857 3721 ἔπος
2874 3656 3056 3726 εἰπεῖν,
3081 3656 3192 3716 ὅσοι
3211 3654 3272 3713 τὰ
3289 3646 3632 3727 πλημμεληθέντῑ

2186 3743 2261 3797 τῶ
2284 3739 2436 3819 δήμω
2457 3740 2575 3820 περὶ
2602 3741 2918 3821 στρατηγοὺς
2944 3742 3189 3820 διεξίασι,
3218 3740 3305 3813 τὴν
3332 3740 3414 3815 μὲν
3432 3740 3629 3810 Θεμιστο·

2185 3827 2365 3894 κλέους
2392 3828 2557 3907 φυγὴν
2583 3851 2673 3887 και
2712 3829 2780 3887 τὰ
2804 3830 3093 3891 Μιλτιάδου
3122 3830 3281 3907 δεσμὰ
3314 3828 3392 3888 καὶ
3411 3827 3490 3896 τὴν
3518 3825 3631 3899 ΠΨ·

2187 3914 2363 3981 κλέους
2408 3915 2598 3990 ζημίαν
2638 3914 2727 3973 καὶ
2773 3939 2859 3975 τον
2912 3920 3160 3996 Πάχητος
3196 3921 3248 3977 ἐν
3285 3920 3354 3996 τῷ
3392 3906 3629 3983 311oeme

2184 4001 2401 4059 θάνατον
2430 4001 2696 4068 ἀνελόντος
2720 4002 2875 4061 αυτὸν
2891 4003 2975 4061 ἐπὶ
2993 4026 3086 4062 του
3109 4005 3342 4082 βηματος,
3358 4004 3415 4066 ὣς
3430 3997 3627 4068 sumto,

2184 4090 2273 4147 καὶ
2301 4087 2472 4147 πολλὰ
2498 4095 2714 4147 τοιαῦτα
2734 4090 3014 4168 συνάγουσι
3042 4092 3132 4150 καὶ
3167 4092 3423 4171 θρυλοῦσιν,
3447 4076 3626 4161 'Apim‘-

2184 4179 2272 4236 δου
2301 4176 2355 4236 δὲ
2375 4177 2463 4235 τὸν
2480 4176 2574 4252 μὲν
2599 4177 3001 4258 ἐξοστρακισμὸν
3019 4180 3395 4260 παρατίθενται,
3418 4168 3625 4235 zaraim(

2183 4262 2239 4323 δὲ
2267 4264 2507 4336 τοιαύτης
2529 4267 2759 4341 οὗδαμου
2789 4267 3186 4344 μνημονεύουσι.
3208 4272 3270 4324 In
3294 4269 3495 4322 rationes
3509 4256 3622 4328 huj&

1284 4488 1337 4538 6.

598 4615 842 4664 Mortuum
862 4612 1114 4663 Aristidem
1138 4611 1218 4660 alii
1237 4611 1284 4661 iu
1307 4613 1456 4661 Ponto
1478 4611 1752 4675 perhibent,
1779 4611 1905 4674 quod
1927 4625 1986 4661 eo
2003 4625 2089 4662 ne-

2181 4458 2312 4508 sione
2330 4459 2558 4521 exigenda
2576 4461 2639 4509 ab
2655 4406 2851 4511 Ionibus
2867 4462 3071 4524 pecunia
3082 4477 3132 4513 se
3147 4464 3264 4514 esset
3284 4471 3423 4523 passm
3433 4446 3618 4509 nomm?

2181 4537 2461 4587 damnatum
2514 4538 2657 4588 tuisse
2692 4552 2738 4586 ιι
2741 4540 2831 4588 inis
2864 4540 3233 4604 quinquaginta.
3255 4537 3619 4602 quibusmnmfflm

2181 4618 2303 4664 esset
2323 4615 2583 4676 solvendo,
2608 4615 2855 4677 navigasse
2875 4619 2926 4665 et
2955 4617 3007 4666 iu
3038 4618 3168 4666 iouia
3199 4617 3286 4666 sato
3313 4606 3551 4662 commiss?-
3573 4604 3620 4649 Β(

535 4691 774 4753 gotiorum
792 4690 1091 4752 publicorum
1119 4702 1261 4739 causa
1283 4690 1572 4751 navigassem
1593 4690 1675 4739 alii
1701 4689 1897 4740 Athenis
1921 4693 2092 4739 exacta
2179 4693 2254 4743 his
2276 4695 2505 4744 Craterus
2528 4706 2682 4755 neque
2701 4694 2935 4757 scriptum
2957 4694 3150 4758 aliquod
3179 4691 3493 4744 mulcatum
3509 4689 3615 4739 W

535 4769 705 4827 wtate,
728 4766 807 4816 et·
796 4780 843 4815 m
868 4766 1047 4816 honore
1064 4766 1471 4828 admirationeque
1501 4766 1680 4816 civium
1704 4766 1938 4817 habitum.
1970 4771 2087 4817 cra-

534 4847 665 4895 terus
686 4844 881 4895 Macedo
903 4844 965 4895 de
984 4845 1118 4895 obitu
1136 4845 1238 4906 eius
1263 4846 1370 4895 haec
1403 4845 1613 4896 tradidit.
1654 4848 1767 4896 Post
1800 4846 2087 4896 mulctatum

533 4922 677 4972 exilio
711 4922 1107 4983 Themistoclem,
1131 4922 1325 4972 libidine
1347 4923 1525 4973 elatum
1553 4923 1785 4985 populum
1821 4925 2086 4973 calumnia-

533 5003 693 5049 torum
713 5000 943 5049 excitasse
959 4999 1151 5049 turbam
1164 5035 1179 5060 ,
1199 4998 1287 5060 qui
1301 4999 1652 5061 potentissimos
1664 5003 1712 5049 et
1729 5002 1936 5062 optimos
1963 5002 2089 5051 viros

531 5090 638 5125 reos
654 5076 862 5125 facerent
875 5113 889 5137 ,
903 5089 1078 5138 eosque
1092 5075 1409 5126 multitudinis
1421 5076 1562 5126 rebus
1575 5077 1792 5126 secundis
1808 5081 1856 5127 et
1874 5080 2086 5140 potentia

529 5154 842 5221 superbientis
854 5154 1044 5205 invidiae
1058 5156 1299 5206 vexandos
1306 5156 1583 5218 objicerent.
1600 5159 1726 5206 luter
1735 5157 1822 5207 hos
1833 5159 2083 5209 Aristidem

529 5245 724 5295 qnoque
744 5230 1009 5293 Dioflianto
1037 5232 1416 5299 Amphitr-ovensi
1436 5235 1713 5296 accusante,
1735 5235 1869 5299 quasi
1894 5237 1941 5285 in
1965 5249 2080 5298 pen-

2173 4770 2436 4831 iudicium,
2457 4784 2612 4832 neque
2633 4770 2879 4820 decretum
2897 4771 3063 4831 affert,
3082 4773 3244 4822 solitus
3256 4765 3433 4829 alioquin
3452 4756 3546 4809 ΝΜ
3566 4765 3615 4802 ⁸·

2177 4847 2424 4909 diligenter
2446 4862 2503 4898 ea
2522 4860 2790 4910 apponere,
2811 4849 2970 4899 citatis
2985 4849 3131 4899 etiam
3156 4846 3411 4899 auctoribus
3433 4841 3480 4890 Αἰ
3495 4824 3612 4892 Nm*

2176 4925 2276 4974 tere
2292 4938 2483 4985 omues,
2507 4927 2748 4988 quotquot
2768 4925 2965 4987 populi·
2951 4940 3002 4975 m
3023 4927 3168 4977 duces
3183 4927 3352 4989 peasa
3380 4916 3497 4969 liter&
3517 4920 3609 4961 ’Μ’

2174 5003 2384 5065 darunt,
2403 5004 2433 5052 ii
2462 5004 2661 5053 exilium
2694 5004 3053 5067 Themistoclis,
3094 5004 3301 5055 Miltiadis
3330 4997 3502 5051 vincula,
3521 4986 3607 5039 ml·

2175 5086 2302 5133 ctam
2328 5084 2545 5144 Periclis,
2567 5084 2783 5133 Paclietis
2801 5086 2902 5147 (qui
2926 5087 2974 5134 in
2992 5088 3125 5134 curia
3147 5088 3198 5134 ut
3225 5074 3521 5133 danmaluscst,
3532 5069 3604 5115 ³¹¹¹t

2174 5161 2382 5210 tribunal
2405 5173 2576 5209 manus
2609 5161 2696 5210 sibi
2723 5161 2901 5225 attulit)
2932 5164 3164 5221 mortem,
3185 5161 3396 5218 multaque
3427 5151 3463 5199 'd
3482 5140 3603 5209 lssffl‘fis

2175 5238 2266 5288 alia
2298 5238 2523 5300 colligunt
2551 5241 2600 5287 ct
2634 5238 2910 5289 celebrant:
2937 5240 3150 5292 Aristidis
3173 5252 3273 5290 vero
3298 5232 3455 5285 exilium
3469 5219 3597 5287 ‘lm’
