3900 6042
590 410 703 461 202

1742 392 1787 450 H
1800 389 2212 449 ERACLlDES
2257 387 2640 449 PON'HCUS.

587 533 649 586 in
680 528 837 584 libris
858 526 1118 582 omnibus
1140 522 1397 597 quaedam
1419 522 1645 593 trajecta
1667 533 1795 576 sunt
1821 532 1875 576 et
1904 523 1964 576 in
1996 521 2128 575 alie·
2220 522 2529 576 vicinarum
2550 517 2932 575 similitudine.
2964 519 3082 572 Tot
3115 525 3424 590 tantaeque
3449 516 3622 572 turbae
3656 524 3763 592 quo-

584 634 718 670 nam
746 613 935 669 sedem
975 613 1317 691 migrarunt3
1356 610 1463 664 alia
1500 611 1559 662 in
1590 609 1895 681 archetypo
1934 608 2023 661 vel
2059 605 2132 661 ad
2217 607 2394 663 modo
2432 616 2568 663 ortoe
2602 608 2751 674 sint,
2786 606 2999 679 optime
3043 606 3398 677 explicatur
3428 606 3476 658 si
3508 613 3766 659 statuamus

586 701 895 774 marginem
933 699 1023 752 vel
1060 699 1208 751 inter
1245 714 1432 751 versus
1467 713 1575 767 pro
1608 712 1725 748 var.
1767 694 1894 748 lect.
1938 702 2132 747 notata
2219 693 2527 768 fragmenta
2570 703 2758 748 nostra
2798 694 3023 748 cinnum
3056 710 3187 747 esse
3232 709 3309 747 ex
3335 691 3594 764 pluribus
3625 693 3766 765 iisque

588 804 741 840 nunc
774 784 1092 841 deformant
1124 793 1335 838 textum
1383 800 1396 835 ε
1429 781 1681 853 exempla
1716 790 1881 834 sunto
1910 780 1982 836 fr.
2028 778 2129 845 38,
2197 780 2451 851 ,diversis
2513 780 2671 835 libris
2725 790 3221 853 coagmentatum.
3287 780 3493 834 Priora
3556 782 3766 850 quinque

588 874 662 930 fr.
713 891 778 941 17
820 883 993 939 extr.‚
1040 870 1109 927 fr.
1157 887 1208 936 1,
1248 868 1282 923 3
1324 879 1379 922 et
1414 885 1502 922 10.
1549 867 1748 921 Errori
1785 867 1904 920 haec
1930 866 2133 919 merito
2223 866 2528 941 fragmenta
2552 884 2684 922 vere
2709 868 2938 940 politica
2963 867 3222 935 fuerint;
3245 866 3760 938 reliquanisiomnia

591 961 940 1031 imputantur
968 976 982 1012 ε
1014 957 1083 1011 ab
1110 954 1554 1029 interpolationis
1577 955 1942 1026 protervitate
1969 970 2134 1025 pror-

2224 964 2375 1008 certe
2409 954 2680 1026 plurima,
2721 971 2789 1008 ex
2834 954 2955 1009 aliis
2997 952 3345 1011 Heraclidis
3391 953 3609 1007 Pontici
3642 953 3766 1005 libris

589 1064 680 1099 sus
712 1056 937 1111 vacant,
976 1043 1157 1098 doctae
1181 1041 1411 1116 quidem
1444 1041 1886 1113 interpolationis
1923 1050 1979 1093 et
2014 1058 2136 1111 quae
2227 1039 2562 1113 deprompta
2582 1058 2694 1094 esse
2716 1038 3003 1112 videntur,
3022 1039 3261 1093 scilicet
3279 1056 3352 1093 ex
3369 1056 3545 1110 opere
3566 1036 3680 1113 Περὶ
3696 1036 3765 1105 νή-

590 1132 783 1186 fucum
817 1131 998 1185 facere
1035 1124 1410 1202 prudentibu's
1443 1128 1633 1200 possit.
1674 1128 1853 1181 Pauca
1883 1124 2139 1198 quaedam

593 1217 866 1289 ejusmodi
879 1218 1283 1289 simplicitatem
1304 1226 1359 1269 et
1381 1215 1757 1269 innocentiam
1773 1214 2140 1286 glossatorum

590 1304 871 1381 produnt,
900 1303 1071 1357 veluti
1098 1302 1170 1356 fr.
1209 1320 1232 1356 1
1254 1342 1270 1370 ,
1300 1319 1333 1355 2
1366 1300 1439 1354 ad
1459 1297 1542 1354 ἐπ’
1569 1297 1658 1374 ἴσῃ
1681 1296 1770 1355 καὶ
1793 1294 1946 1374 ὁμοίᾳ
1986 1297 2140 1369 adje-

594 1401 796 1446 cerunt
816 1390 973 1444 alteri
995 1386 1150 1466 μοίρᾳ
1167 1429 1185 1460 ,
1212 1388 1371 1443 alteri
1392 1388 1546 1461 τιμῆς
1573 1387 1645 1444 fr.
1674 1385 1741 1441 18
1758 1403 1933 1459 quum
1962 1384 2139 1441 Φᾶσιν

594 1474 656 1532 τὸ
696 1473 747 1542 ἐξ
789 1475 953 1551 ἀρχῆς
994 1471 1227 1550 Ἡνίοχοι
1272 1469 1541 1549 κατῴκουν
1591 1473 1697 1527 sibi
1744 1466 1899 1549 φασὶν
1945 1470 2142 1525 audire

593 1563 941 1629 viderentur,
968 1556 1122 1639 φασὶν
1147 1562 1213 1623 ὥς
1232 1556 1290 1614 τὸ
1313 1560 1429 1614 κτλ.
1455 1569 1765 1633 posuerunt
1791 1562 1898 1612 etc.
1932 1588 2011 1599 —
2039 1555 2141 1613 Al-

596 1660 686 1703 ter
703 1658 889 1702 autem
917 1647 1178 1701 librarius
1201 1644 1489 1719 (dicebam
1518 1645 1665 1699 enim
1688 1644 1983 1698 minimum
2001 1642 2145 1696 duos

595 1735 958 1807 archetypum
1024 1733 1280 1787 codicem
1334 1728 1718 1804 descripsisse)
1771 1730 2145 1802 superstitiose

598 1821 881 1892 exemplar
907 1836 1069 1874 suum
1097 1819 1340 1871 imitatus
1363 1827 1440 1870 est
1457 1856 1473 1883 ,
1497 1817 1635 1869 alter
1661 1815 1808 1870 lectu
1827 1814 2148 1870 difficiliora

599 1907 917 1960 transmisit.
943 1906 1151 1959 Prioris
1182 1903 1397 1957 familiae
1418 1902 1679 1956 codicum
1697 1911 1858 1956 testes
1882 1902 2150 1956 habemus

601 2003 738 2058 tres,
765 1991 918 2045 ABC
934 2030 950 2060 ,
979 1991 1205 2044 alterius
1231 1989 1479 2060 reliquos
1496 2026 1512 2057 ,
1538 1989 1637 2060 qui
1661 2027 1677 2055 ,
1705 1997 1768 2042 ut
1800 1986 1862 2041 fit
1892 1990 1953 2042 iu
1979 1990 2148 2042 novi-

601 2078 699 2131 ciis
721 2076 909 2144 libris,
931 2076 1135 2148 singuli
1164 2076 1394 2147 singulis
1421 2074 1707 2129 erroribus
1734 2068 2005 2148 inquinati
2025 2086 2152 2130 sunt

602 2163 709 2217 sibi
733 2162 1129 2235 peculiaribus,
1160 2162 1325 2216 Prior
1351 2161 1555 2215 familia
1591 2178 1768 2233 eaque
1810 2163 1975 2235 longe
2005 2163 2150 2217 inte-

602 2250 760 2322 grior
785 2248 1134 2303 conservavit
1157 2266 1280 2320 quae
1298 2248 1359 2301 in
1385 2248 1557 2302 altera
1574 2247 1792 2305 desunt.
1817 2244 1882 2304 V.
1908 2249 1977 2303 fr.
2007 2267 2066 2320 9,
2093 2267 2147 2303 2.

610 2354 698 2392 11.
739 2354 830 2390 ao.
874 2353 971 2391 22.
1004 2332 1100 2388 25.
1133 2352 1226 2403 ²7·
1270 2333 1372 2402 31,
1421 2353 1470 2391 1.
1509 2334 1612 2403 32,
1645 2352 1700 2389 a.
1746 2335 1952 2390 Contra
1979 2335 2153 2389 bisin

606 2423 799 2494 priore
840 2423 1149 2493 intercepta
1189 2431 1319 2474 sunt
1359 2421 1628 2493 paucula,
1673 2439 1796 2493 quie
1848 2420 2156 2476 deteriores

606 2507 990 2562 custodierunt
1041 2510 1110 2562 V.
1154 2506 1222 2563 fr.
1249 2505 1313 2575 8,
1346 2525 1401 2560 2.
1455 2505 1518 2575 3,
1553 2526 1609 2575 7.
1653 2507 1917 2561 Similiter
1944 2507 2156 2579 ubique

604 2595 903 2649 discrimen
930 2593 1220 2666 utriusque
1260 2592 1480 2648 familiae
1515 2594 1656 2647 mira
1697 2594 1984 2666 scripturae
2030 2612 2160 2647 con·

603 2683 799 2737 stantia
815 2679 1097 2754 proditur.
1110 2720 1144 2734 ..
1164 2682 1373 2735 Tamen
1392 2699 1619 2754 prorsus
1646 2683 1831 2755 respui
1854 2681 2161 2737 deteriores

606 2767 831 2822 codices
855 2786 975 2821 non
994 2778 1259 2839 poterant
1285 2786 1301 2820 ε
1344 2785 1475 2822 nam
1503 2767 1577 2822 ad
1604 2765 1774 2822 fidem
1798 2768 2160 2823 librariorum

606 2855 706 2925 qui
742 2854 1004 2908 meliores
1044 2852 1486 2927 descripserant,
1533 2865 1652 2907 non
1687 2856 1922 2928 exiguus
1964 2864 2162 2927 stupor

607 2942 863 3007 accessit,
892 2939 1046 2995 unde
1084 2958 1226 3012 saepe
1253 2958 1491 2994 numero
1516 2941 1671 2994 ABC
1696 2940 2002 2995 sutilissima
2029 2942 2162 2995 vitia

606 3027 878 3094 offerunt,
908 3044 945 3081 a
967 3025 1175 3098 quibus
1209 3028 1485 3080 immunes
1505 3037 1634 3080 sunt
1654 3026 1785 3080 libri
1817 3027 2126 3083 deteriores
2142 3067 2158 3096 ,

606 3129 854 3183 qnorum
871 3111 1191 3165 auctoritati
1214 3111 1367 3166 haud
1390 3129 1521 3166 raro
1544 3111 1971 3184 obsequendum
1994 3113 2118 3167 fuit.
2137 3139 2160 3162 a

610 3199 889 3252 Hactenus
917 3196 988 3250 de
1015 3197 1518 3253 rationecodicum
1546 3198 2026 3254 Schneidewinus.

687 3287 881 3339 Restat
894 3295 957 3338 ut
966 3284 1274 3352 videamus,
1290 3283 1429 3357 quid
1442 3285 1513 3339 de
1523 3284 1962 3359 fragmentorum
1973 3286 2163 3341 indole

615 3382 672 3427 et
700 3373 919 3445 origine
937 3373 1046 3425 viri
1070 3370 1225 3426 docti
1254 3383 1531 3428 censeant.
1568 3374 1786 3427 Primus
1804 3375 1863 3428 in
1880 3374 2025 3429 hanc
2041 3362 2166 3428 rem'

614 3456 899 3529 inquisivit
938 3458 1255 3513 Kennatis.
1289 3459 1403 3529 Qui
1444 3474 1567 3531 quae
1594 3459 1882 3514 verbosius
1908 3460 2164 3533 disputa-

613 3544 721 3611 vit,
740 3560 807 3598 ea
830 3544 1023 3614 paucis
1046 3544 1545 3616 comprehendam.
1573 3546 1907 3601 Heraclidea
1940 3558 2130 3604 nostra
2145 3589 2160 3616 ,

614 3630 722 3696 ait,
755 3628 960 3683 diversi
986 3641 1116 3683 sunt
1150 3632 1370 3704 generis
1397 3650 1409 3685 :
1440 3633 1549 3686 alia
1589 3650 1785 3686 eorum
1822 3634 2160 3707 fragmenta,

615 3715 721 3770 alia
754 3716 1024 3787 epitomas
1050 3715 1238 3771 dicere
1266 3718 1395 3771 licet
1416 3738 1432 3786 3
1455 3719 1638 3773 inillis
1659 3721 1839 3775 oratio
1873 3720 2161 3789 disertior,

618 3801 718 3856 has
746 3803 929 3875 arguit
953 3821 1138 3857 sermo
1156 3804 1407 3877 hiulcus,
1433 3807 1664 3878 pessime
1686 3825 1889 3875 nexus,
1928 3807 2166 3861 subinde

618 3888 910 3944 obscurus.
933 3886 1109 3944 Causa
1132 3890 1297 3961 hujus
1318 3893 1706 3964 inaequalitatis
1731 3893 1939 3947 idonea
1966 3896 2056 3947 vix
2078 3895 2168 3947 in-

616 3976 798 4029 veniri
814 3986 999 4048 potest
1022 3977 1081 4030 in
1100 3977 1373 4051 languore
1400 3997 1518 4051 quo
1543 3981 1929 4053 corripiuntur
1953 3981 2167 4035 librarii

620 4065 680 4118 in
742 4063 1146 4135 describendo,
1186 4064 1473 4138 diligentia
1506 4068 1795 4140 paullatim
1841 4067 2165 4137 deficiente3

616 4167 792 4223 opera
822 4150 972 4204 enim
1002 4161 1111 4204 tam
1134 4151 1319 4205 brevis
1347 4152 1540 4224 scripti
1568 4151 1921 4208 describendi
1946 4157 2169 4212 nonita

619 4253 821 4309 magna
859 4247 1007 4304 erat;
1052 4248 1107 4291 et
1142 4247 1260 4290 tum
1301 4236 1582 4293 debuisset
1625 4238 1909 4313 diligentia
1956 4241 2167 4297 librarii

619 4324 935 4377 minutatim
975 4326 1149 4397 magis
1180 4325 1468 4398 magisque
1515 4343 1874 4396 evanescere3
1918 4327 2018 4383 sed
2057 4329 2167 4385 hoc

623 4419 822 4464 contra
850 4420 951 4464 est.
983 4411 1165 4465 Porro
1204 4412 1264 4465 in
1304 4411 1528 4467 delectu
1553 4430 1742 4466 rerum
1771 4423 1972 4469 auctor
1995 4415 2170 4471 libelli

620 4496 809 4568 inepte
841 4498 981 4570 egit3
1018 4516 1149 4552 nam
1180 4498 1499 4571 gravissima
1526 4500 1791 4554 omittens
1831 4500 1892 4554 in
1916 4501 2170 4557 medium

621 4582 841 4654 profert
878 4583 1051 4637 multa
1091 4583 1365 4638 levissima
1392 4596 1447 4639 et
1473 4602 1505 4638 a
1544 4585 1870 4640 Politiarum
1896 4589 2171 4660 scriptore

623 4686 858 4741 prorsus
891 4671 1098 4737 aliena,
1130 4671 1302 4725 veluti
1334 4672 1743 4746 geographica,
1768 4672 2167 4748 biographica,

623 4756 1007 4830 mythologica
1030 4798 1047 4827 ,
1102 4761 1484 4831 grammatica.
1547 4761 1804 4833 Denique
1851 4762 1899 4815 si
1966 4764 2165 4817 seriem

622 4853 835 4915 spectas
875 4863 986 4915 qua
1019 4846 1249 4919 singulae
1292 4847 1503 4918 politiae
1540 4865 1600 4902 se
1639 4848 1965 4920 excipiunt,
2005 4850 2174 4905 cbaos

625 4930 796 4984 habes
822 4930 1117 4985 confusum
1139 4942 1194 4986 et
1222 4931 1584 5005 indigestum.
1617 4935 1843 4989 Frustra
1867 4937 2079 5009 cogitas
2102 4936 2174 4992 de

626 5015 830 5070 ordine
857 5015 1103 5088 quodam
1127 5019 1532 5092 chronologico
1553 5060 1569 5087 ,
1606 5019 1678 5074 de
1704 5021 1899 5093 gentili
1936 5021 2173 5092 conjun-

628 5110 846 5155 ctarum
880 5102 1128 5174 gentium
1168 5101 1466 5174 affinitate,
1498 5104 1570 5161 de
1609 5115 1804 5160 mutua
1844 5107 2174 5162 Politiarum

2228 1146 2331 1182 σων
2362 1127 2474 1198 (fr.
2503 1145 2555 1196 7.
2595 1126 2654 1184 8.
2683 1145 2742 1199 9.
2781 1144 2869 1181 ιο.
2900 1144 2988 1182 12.
3023 1124 3124 1183 13.
3171 1143 3271 1197 ¹9·
3313 1131 3415 1190 αἱ..
3448 1126 3543 1183 26.
3577 1126 3662 1180 31.
3688 1125 3761 1180 32.

2232 1212 2326 1270 36.
2357 1214 2451 1282 37.
2480 1214 2623 1285 40),
2653 1230 2684 1267 e
2707 1210 2944 1269 Κτίσεων
2971 1212 3141 1267 libris
3169 1212 3275 1281 (fr.
3320 1210 3412 1267 18.
3447 1230 3544 1268 αι.
3576 1211 3660 1265 25.
3689 1212 3762 1265 28.

2233 1297 2376 1372 30),
2407 1318 2438 1354 e
2466 1300 2613 1353 libro
2635 1296 2766 1374 Περὶ
2794 1296 3064 1370 ὀνομάτων
3099 1308 3164 1352 et
3195 1297 3442 1353 fortasse
3469 1298 3572 1353 alia
3596 1314 3655 1352 ex
3672 1298 3764 1350 aliis

2226 1387 2462 1458 scriptis.
2495 1385 2753 1441 Fundum
2782 1385 3242 1459 fragmentorum
3269 1402 3303 1439 e
3327 1384 3640 1457 politiciset
3660 1401 3766 1455 geo-

2227 1473 2506 1546 graphicis
2531 1472 2796 1545 operibus
2828 1472 3151 1528 Heraclidis
3180 1488 3304 1526 esse
3331 1479 3496 1543 putat
3529 1470 3760 1543 petitum

2231 1557 2437 1613 deinde
2483 1558 2557 1613 ad
2598 1559 2903 1633 marginem
2950 1570 3234 1613 annotata
3263 1575 3358 1641 ἐξ
3399 1558 3519 1612 aliis
3558 1555 3762 1626 ejusden
3821 1596 3822 1613 i

2232 1643 2478 1699 auctoris
2522 1645 2678 1699 libris
2703 1663 2815 1700 esse
2863 1656 3049 1700 censet
3090 1645 3308 1700 similia
3358 1642 3635 1715 quaedam,
3668 1659 3764 1713 φιτ

2231 1738 2423 1801 postea
2444 1731 2502 1782 in
2525 1739 2845 1783 contextum
2890 1730 3087 1802 illapsa
3116 1726 3759 1785 ordinem'turbaverint.
3821 1764 3822 1767 ,

2233 1816 2480 1870 Titulum
2513 1813 2642 1893 Περὶ
2670 1816 2971 1884 πολιτειῶν,
2997 1817 3059 1870 in
3084 1815 3384 1887 ejusmodi
3405 1831 3588 1869 rerum
3605 1829 3763 1883 conge·
3821 1880 3822 1883 Ἴ

2234 1902 2374 1955 riem
2393 1902 2619 1956 minime
2633 1902 2922 1957 cadentem
2935 1944 2953 1972 ,
2981 1920 3012 1956 a
3035 1903 3291 1958 librario
3311 1902 3506 1957 fictum
3524 1918 3626 1955 esse
3641 1909 3762 1971 post·

2237 2006 2405 2059 quam
2427 2006 2590 2043 verus
2615 1989 2806 2043 titulus
2827 1986 2916 2065 (v,
2936 2007 2986 2046 c.
3017 1986 3332 2066 Συναγωγὴ
3357 1987 3589 2065 ἱστοριῶν
3607 1986 3685 2038 vel
3707 1984 3764 2037 si-

2237 2074 2412 2148 milis)
2443 2074 2751 2130 excidisset.
2779 2077 3037 2148 Denique
3067 2088 3378 2132 auctorem
3401 2077 3758 2145 Excerptorun
3821 2134 3822 2137 Ἴ

2240 2161 2402 2216 fuisse
2432 2163 2741 2235 suspicatur
2767 2164 3053 2217 Heronem
3081 2165 3349 2218 Atticum
3366 2204 3383 2234 ,
3416 2178 3576 2232 quem
3605 2156 3763 2212 suidas

2241 2243 2532 2320 Ἐπιτομὴν
2560 2249 2664 2302 τῶν
2688 2244 3028 2324 Ἡρακλείδου
3046 2249 3304 2326 ἱστοριῶν
3330 2247 3615 2303 confecisse
3633 2254 3758 2297 testa·

2244 2345 2353 2391 tur.
2376 2338 2655 2390 Hactenus
2677 2337 2958 2390 Koelerus.
2990 2337 3102 2408 Qui
3127 2356 3263 2410 quae
3288 2336 3363 2391 de
3382 2335 3626 2390 oratione
3641 2328 3761 2385 etde

2245 2421 2458 2476 ordinis
2484 2421 2706 2476 defectu
2729 2423 2981 2488 monuit,
3020 2438 3090 2477 ea
3117 2425 3183 2477 in
3205 2425 3530 2478 universum
3561 2426 3692 2472 recte
3714 2431 3758 2467 se

2242 2508 2471 2562 habent.
2519 2509 2756 2580 Reliqua
2797 2507 2947 2579 justo
2986 2508 3256 2581 pondere
3295 2516 3504 2563 carent.
3538 2505 3683 2567 Nam,
3710 2509 3757 2551 ut
3821 2506 3822 2569 J

2246 2594 2376 2648 hinc
2425 2593 2707 2661 exordiar,
2758 2596 3083 2651 Heraclides
3135 2597 3237 2651 ille
3267 2636 3286 2665 ,
3339 2593 3496 2665 cujus
3539 2587 3758 2644 Historias
3821 2602 3822 2665 g

2248 2682 2445 2734 Heron
2471 2683 2803 2753 excerpsisse
2840 2681 3066 2750 dicitur,
3113 2682 3329 2757 procul
3363 2679 3534 2735 dubio
3569 2690 3670 2730 uon
3692 2681 3754 2724 est
3821 2670 3822 2713 ἒ

2249 2767 2572 2822 Heraclides
2604 2768 2899 2833 Ponticus,
2932 2787 3104 2841 quem
3136 2764 3400 2843 Ἱστορίας
3426 2759 3750 2834 composuisse
3821 2762 3822 2813 5

2250 2872 2416 2907 nemo
2455 2853 2655 2923 tradit,
2685 2854 2784 2909 sed
2818 2856 3146 2912 Heraclides
3175 2855 3453 2921 Lembus,
3484 2843 3750 2920 amplissimi

2251 2942 2623 2995 Historiarum
2665 2942 2850 3013 operis
2905 2953 3127 3011 auctor,
3185 2939 3427 3013 intelligi
3472 2935 3649 2999 debet,
3688 2928 3752 2981 uli
3821 2972 3822 2985 ,

2250 3037 2378 3099 post
2404 3029 2706 3082 Meursium
2729 3037 3039 3082 statuerunt
3066 3029 3381 3084 Roulezius
3407 3024 3475 3100 (1.
3505 3023 3540 3078 l.
3559 3038 3610 3093 p-
3631 3034 3689 3084 27
3707 3014 3746 3085 lv

2250 3115 2565 3169 Deswertus
2593 3112 2650 3191 (l.
2683 3115 2723 3168 l.
2754 3132 2813 3187 p.
2846 3113 3025 3188 161),
3046 3114 3387 3170 Welekerus
3411 3109 3432 3184 (
3456 3109 3544 3163 ΚΖ.
3565 3097 3749 3165 Schrif-
3821 3178 3822 3181 Ἴ

2252 3214 2341 3256 ten
2377 3204 2433 3269 1,
2483 3222 2544 3276 p.
2578 3201 2689 3267 458
2710 3203 2755 3276 ),
2801 3203 2916 3259 alii.
2959 3202 3132 3272 Quod
3163 3200 3377 3257 deiude
3403 3195 3639 3253 Koelerus
3663 3198 3747 3242 είδ-
3821 3198 3822 3205 ’

2254 3291 2360 3344 tuit
2393 3300 2655 3361 excerpta
2689 3300 2880 3343 nostra
2906 3307 2975 3343 ex
3011 3289 3279 3361 pluribus
3317 3283 3529 3356 scriptis
3552 3271 3748 3332 conflata

2252 3395 2365 3431 esse
2384 3418 2400 3448 ,
2430 3379 2528 3431 etsi
2551 3395 2748 3431 verum
2767 3377 2965 3445 fuerit,
2991 3394 3109 3430 non
3136 3387 3330 3430 tamen
3358 3389 3427 3426 ex
3448 3386 3512 3424 eo
3531 3366 3628 3419 hoc
3641 3375 3746 3414 con-

2251 3464 2525 3536 sequitur,
2565 3464 2722 3535 quod
2750 3463 2926 3517 multa
2953 3464 3013 3516 iu
3042 3462 3242 3516 libello
3272 3456 3743 3515 commemorantur·

2253 3568 2376 3622 quae
2391 3549 2464 3604 ad
2484 3568 2572 3604 res
2596 3551 2852 3623 politicas
2863 3548 3013 3604 haud
3027 3551 3292 3622 proxime
3309 3544 3614 3620 pertineant.
3636 3534 3744 3588 Nam
3821 3572 3822 3581 ι

2252 3639 2298 3692 si
2320 3638 2628 3711 fragmenta
2652 3638 2977 3692 Politiarum
3001 3636 3450 3691 Aristoteliamm
3470 3621 3740 3700 pervoluta·
3821 3636 3822 3641 ¹

2255 3726 2427 3792 veris,
2463 3724 2681 3779 videbis
2716 3733 2935 3798 partem
2976 3741 3179 3778 eorum
3219 3720 3483 3792 majorem
3515 3715 3570 3765 in
3589 3703 3742 3762 iisdem

2253 3811 2419 3882 plane
2456 3811 2624 3865 rebus
2665 3812 2901 3878 versari,
2949 3812 3176 3882 quasin
3210 3801 3498 3863 Heraclide
3534 3794 3740 3852 Koeleffls

2254 3913 2327 3951 ex
2348 3897 2733 3969 geographicis
2750 3898 2979 3970 aliisque
2999 3897 3157 3951 libris
3180 3895 3440 3951 collectas
3459 3902 3560 3969 esse
3578 3882 3738 3971 Ceffissff·

2254 3982 2404 4054 Quid
2425 3983 2584 4055 quod
2600 3983 2752 4039 haud
2761 4001 2940 4056 pauca
2953 3983 3233 4054 ejusmodi
3248 3984 3308 4036 in
3329 3961 3599 4034 Heraclide
3612 3964 3738 4018 olma

2255 4069 2408 4142 apud
2453 4070 2592 4125 alios
2630 4073 2931 4145 scriptores
2966 4089 3035 4126 ex
3072 4068 3382 4127 Aristotelis
3415 4056 3605 4117 Politiis
3639 4062 3738 4103 nar·

2255 4168 2472 4213 rantur.
2502 4160 2689 4229 Atque
2730 4160 3007 4231 posterius
3050 4159 3161 4213 hoc
3193 4160 3309 4231 ipse
3335 4152 3491 4207 etiam
3529 4138 3736 4236 Κΰξῖθ11ιεὶ
3821 4166 3822 4191 1

2257 4243 2646 4299 animadvertit
2698 4246 2760 4298 in
2809 4247 3076 4301 Auctario
3117 4240 3530 4301 annotationum
3566 4224 3735 4291 all‘lmt

2259 4332 2415 4386 annis
2436 4342 2564 4403 post
2593 4331 2782 4398 edit03
2811 4350 2997 4405 neque
3024 4342 3217 4386 tamen
3250 4334 3536 4402 propterea
3558 4316 3732 4404 sei-²¹8&

2260 4418 2392 4471 tiam
2414 4419 2679 4486 mutavit,
2695 4417 2796 4473 sed
2817 4419 2928 4473 hoc
2947 4429 3162 4473 tantum
3181 4410 3421 4477 addidit,
3440 4390 3731 4461 Hefflchd‘m

2260 4522 2326 4558 ex
2349 4505 2647 4559 Aristotele
2661 4506 2835 4560 multa
2853 4507 2912 4559 in
2928 4524 3058 4561 usus
3080 4524 3211 4561 suos
3229 4493 3571 4559 convertisse,
3590 4487 3732 4575 ιιι-εει
3821 4570 3822 4575 ¹

2259 4589 2464 4646 eisdem
2486 4609 2616 4645 cum
2637 4593 2933 4648 Aristotele
2970 4592 3221 4648 sontibus
3246 4604 3342 4645 sua
3375 4576 3727 4652 deproffllssffl·
3821 4592 3822 4629 ἒ

2339 4678 2695 4733 'Wucxzuus
2742 4675 2759 4755 (
2790 4679 2848 4732 in
2891 4678 3095 4737 Rhein.
3144 4680 3294 4734 Mus,
3356 4669 3458 4725 vol.
3505 4660 3564 4723 V,
3616 4643 3727 4711 ¹337

2259 4781 2320 4836 p.
2356 4761 2461 4817 113
2516 4781 2614 4835 qq.
2647 4774 2702 4818 et
2737 4764 2867 4818 hinc
2899 4765 2963 4819 in
2992 4765 3278 4821 Welclrers
3297 4759 3388 4813 ΚΖ.
3414 4736 3658 4810 ‘Scknsten
3677 4731 3722 4793 Ῐι

2241 4869 2319 4922 .P·
2352 4848 2460 4914 451
2496 4847 2632 4925 sqq)
2664 4869 2793 4904 cum
2819 4852 3050 4906 Koelero
3075 4863 3298 4907 eatenus
3325 4841 3475 4905 facit,
3510 4830 3726 4901 ‘infimus'

2262 4938 2379 5008 ipse
2416 4953 2645 5007 quoque
2689 4935 2998 5010 fragmenta
3059 4949 3248 4993 nostra
3297 4948 3362 4986 ex
3410 4902 3723 4987 complurib&

2265 5022 2572 5077 Heraclidis
2617 5022 2771 5076 libris
2798 5020 3038 5077 conflata
3074 5040 3187 5077 esse
3218 5024 3388 5094 putat.
3426 5003 3598 5063 Libros
3617 5000 3720 5087 ves?

2266 5110 2396 5163 istos
2420 5108 2560 5163 duos
2587 5110 2934 5182 potissimum
2960 5110 3122 5166 fuisse
3151 5108 3270 5163 vult
3287 5145 3304 5175 ‚
3331 5110 3492 5155 unum
3524 5075 3630 5153 Περὶ
3650 5090 3721 5132 '²⁵'
