3900 6042
397 489 1699 632 NYMPHODORUS
1785 397 2772 645 SYRACUSAN
2798 395 3028 651 US.

1434 784 1887 818 ’ψ

170 945 633 1016 Nymphodorus
654 949 823 1021 vulgo
851 944 918 1023 (⁴¹)
938 949 1292 1025 distinguunt
1315 955 1486 1024 duos,
1504 959 1661 1029 Syra·

100 1049 371 1088 eusanum
412 1043 475 1086 et
512 1035 953 1107 Amphipolitam
999 1057 1013 1091 ε
1057 1040 1137 1093 illi
1194 1043 1448 1096 tribuunt
1490 1043 1667 1098 libros

104 1115 231 1191 Περὶ
259 1118 369 1172 τῶν
399 1118 461 1172 ἐν
500 1117 717 1196 Σικελία
737 1122 1139 1196 Θαυμαζομένων
1159 1138 1215 1182 et
1244 1124 1567 1202 Περίπλουν,
1594 1130 1665 1182 ad

100 1204 246 1258 hunc
279 1204 549 1258 referunt
585 1224 728 1278 opus
766 1207 898 1285 Περὶ
932 1210 1167 1283 νομίμων
1210 1211 1561 1289 βαρὸαρικῶν.
1598 1215 1667 1271 ld

106 1309 233 1344 num
262 1301 422 1345 recte
442 1290 547 1347 fiat
565 1291 789 1348 dubito.
819 1300 1165 1369 Argumenta
1191 1300 1502 1368 librorum,
1526 1321 1668 1373 quos

106 1377 275 1430 modo
309 1376 470 1445 dixi,
503 1388 567 1432 ut
593 1379 742 1433 inter
775 1398 834 1435 se
874 1381 1181 1452 simillima,
1212 1386 1289 1440 sic
1321 1387 1393 1441 ab
1425 1405 1539 1442 uno
1569 1405 1666 1442 eo·

111 1464 347 1536 demque
366 1465 792 1538 Nymphodoro
814 1478 1045 1524 tractata
1063 1475 1456 1553 essesqspicor.
1480 1473 1665 1530 Statui

110 1552 289 1622 itaque
316 1553 503 1623 possit
529 1553 1002 1625 Nymphodorum
1025 1558 1304 1629 Syracusis
1325 1571 1519 1615 natum
1539 1561 1662 1616 diu·

116 1639 213 1692 tius
239 1638 458 1711 degisse
484 1640 831 1713 Amphipoli.
857 1642 969 1697 Sed
993 1644 1165 1698 altera
1184 1647 1351 1700 etiam
1379 1647 1544 1702 datur
1572 1667 1668 1702 ra-

115 1725 206 1778 tio.
234 1727 461 1779 Etenim
483 1726 664 1801 Νυμφ.
695 1728 722 1781 δ
750 1724 1153 1805 Ἀμφιπολίτης,
1178 1750 1347 1803 quem
1373 1734 1471 1786 uni
1494 1733 1665 1789 debe-

116 1830 229 1867 mus
250 1813 384 1867 loco
412 1815 717 1870 Clementis
744 1815 848 1889 (fr.
881 1835 955 1870 20
975 1817 1023 1890 ),
1056 1819 1315 1889 primitus
1341 1818 1509 1874 fuerit
1537 1820 1605 1877 N.
1639 1821 1667 1875 δ

116 1895 393 1974 ἀμφίπολος
412 1920 495 1958 sc.
522 1897 642 1965 Διὸς
663 1898 974 1975 Ὀλυμπίου.
1011 1905 1276 1959 Similiter
1299 1906 1667 1962 Philochorus

120 1985 216 2040 l'uit
237 1984 420 2059 μάντις
447 1986 542 2043 καὶ
565 1985 888 2064 ἱεροσκόπος.
924 1992 1007 2045 De
1036 1991 1414 2065 amphipolia,
1445 2011 1664 2048 summo

120 2073 258 2145 apud
304 2074 686 2145 Syracusanos
739 2077 1089 2150 magistratu,
1156 2096 1326 2150 quem
1369 2080 1667 2135 Timoleon

122 2158 196 2231 (a.
229 2159 337 2224 343
370 2178 425 2218 a.
453 2163 518 2218 C.
546 2157 563 2237 )
591 2162 936 2236 instit-uerat,
964 2164 1093 2218 vide
1112 2165 1353 2222 Diodor.
1384 2166 1538 2232 XVI,
1568 2185 1663 2237 70,

124 2246 153 2296 6
172 2257 225 2300 et
248 2248 444 2304 Ebert.
487 2249 549 2302 in
578 2249 729 2303 libro
754 2245 1006 2306 Σικελιών
1035 2249 1302 2324 inscripto
1325 2270 1384 2324 p.
1413 2271 1519 2308 122
1539 2273 1663 2327 sqq.

122 2334 302 2406 Neque
336 2353 477 2390 vero
523 2337 773 2390 alienum
817 2355 849 2391 a
891 2338 1072 2392 Sicula
1120 2339 1663 2412 Nymphodororum

127 2419 314 2475 familia
344 2423 451 2477 tale
474 2441 684 2478 munus
706 2423 898 2492 fuisse,
919 2443 989 2479 ex
1016 2428 1513 2500 Agrigentinorum
1540 2448 1665 2501 pse·

126 2507 376 2577 phismate
406 2510 622 2582 colligo
634 2553 657 2590 ,ι
669 2508 828 2581 quod
845 2511 1114 2583 scriptum
1139 2523 1217 2566 est
1241 2511 1345 2567 ἐπὶ
1368 2512 1665 2590 ἱεροθύτα

132 2591 579 2672 Νυμφοδώρου
608 2597 719 2650 τοῦ
745 2593 1049 2660 Φίλωνος
1075 2597 1154 2668 (ν.
1182 2599 1404 2656 Gruter.
1437 2620 1497 2673 p.
1529 2607 1661 2665 40¹·

132 2679 305 2736 Ebert.
336 2683 371 2739 l.
405 2680 443 2740 l.
475 2701 535 2755 p.
573 2681 680 2736 130
710 2693 766 2736 et
792 2684 849 2736 in
874 2683 1013 2740 Diss.
1044 2686 1210 2739 Sicul.
1240 2705 1303 2759 p.
1348 2688 1481 2746 158.
1513 2687 1542 2718 ⁸
1570 2688 1598 2717 ⁴⁸
1618 2688 1660 2765 ).

136 2767 270 2822 Alius
296 2768 776 2842 Nymphodorus,
810 2771 1014 2825 nobilis
1051 2772 1170 2826 sine
1208 2773 1386 2828 dubio
1424 2776 1663 2848 Syracu·

133 2870 303 2922 sanus,
350 2858 675 2912 Dinocratis
727 2857 955 2911 exulum
995 2860 1470 2930 Syracusanorum
1507 2862 1665 2918 ducis

136 2939 394 2997 familiaris
434 2953 491 2997 et
534 2944 752 3011 socius,
792 2944 891 3015 qui
933 2944 1429 3019 Centuripinorum
1464 2950 1664 3006 urbem

141 3029 433 3098 Agathoclis
475 3031 742 3104 praesidio
776 3029 1052 3086 firmatam
1095 3052 1423 3110 oppugnans
1460 3037 1665 3092 cecidit

137 3110 275 3186 (312
299 3133 348 3174 a.
377 3114 495 3189 C.),
532 3129 882 3172 memoratur
908 3137 939 3172 a
967 3119 1227 3175 Diodoro
1256 3123 1460 3199 (xlx,
1496 3123 1599 3177 103
1620 3120 1660 3199 ).

204 3201 401 3257 Vixisse
442 3204 931 3277 Nymphodorum.
954 3204 1199 3279 Philippi
1234 3209 1323 3261 vel
1358 3209 1661 3264 Alexandri

138 3290 458 3359 temporibus
488 3293 682 3346 statuit
709 3292 895 3348 Ebert.
920 3292 977 3345 in
1007 3294 1145 3346 Diss.
1178 3294 1284 3348 Sic.
1314 3295 1351 3347 l.
1387 3295 1425 3348 l.
1455 3297 1661 3349 Verum

132 3363 530 3444 'argumentatio
572 3380 680 3434 viri
722 3375 1021 3433 doctissimi
1066 3379 1435 3436 fundamento
1467 3383 1664 3436 nititur

141 3456 470 3523 debilissimo.
504 3467 732 3521 Scilicet
766 3468 1035 3542 persuasit
1087 3467 1191 3521 sibi
1220 3469 1458 3523 Ebertus
1486 3457 1665 3542 Nymss

143 3544 441 3614 phodorum
469 3551 557 3608 τὸν
590 3550 995 3624 θαυματοποιὸν,
1030 3553 1185 3624 cujus
1208 3557 1392 3632 „Duris
1445 3554 1552 3629 (fr.
1587 3561 1657 3621 44

144 3630 392 3710 ubivide)
420 3656 509 3712 ap.
530 3640 935 3708 Athenaeuml,
952 3658 1012 3712 p.
1038 3658 1125 3712 19,
1142 3642 1204 3710 F,
1230 3643 1572 3695 mentionem
1585 3641 1661 3696 fa·

144 3717 236 3784 cit,
260 3723 491 3777 eundem
524 3743 638 3780 esse
664 3743 793 3779 cum
829 3744 899 3781 eo
918 3765 933 3793 ,
971 3727 1071 3798 qui
1099 3726 1171 3781 de
1194 3728 1391 3782 Siciliae
1438 3729 1657 3800 scripsit

145 3804 414 3864 miraculis.
460 3813 643 3883 Quam
695 3813 1022 3886 opinionem
1063 3812 1280 3867 dudum
1338 3814 1663 3868 refellerant

145 3887 570 3954 Westermannus
621 3901 680 3952 in
730 3899 891 3958 Praef.
960 3899 1034 3955 ad
1093 3902 1321 3974 Scriptt.
1381 3901 1658 3958 Paradox-

147 3991 198 4045 Ρ.
249 3979 487 4040 XXXIV
541 3997 597 4042 et
668 3987 994 4043 Biillmann.
1054 3986 1127 4042 ad
1182 3987 1378 4061 fragm.
1430 3988 1660 4044 Duridis

146 4077 193 4130 p.
222 4065 339 4124 130.
364 4101 438 4113 -
465 4077 678 4127 Auctor
696 4075 1082 4128 institutorum
1106 4075 1533 4129 Barbaricorum
1557 4075 1658 4129 sub

148 4145 416 4209 Ptolemaeo
464 4157 830 4232 Philadelpho
883 4161 1158 4234 scripsisse
1218 4161 1355 4216 mihi
1412 4160 1654 4218 videtur.

202 4327 260 4384 (Ἴ
280 4330 465 4383 vossius
486 4339 545 4385 H.
567 4339 653 4386 Gr.
676 4349 724 4397 p.
745 4340 836 4386 476
857 4319 929 4386 ed.
951 4338 1207 4387 Westerm.
1223 4354 1238 4396 ;
1256 4337 1520 4387 weicheri.
1548 4338 1656 4387 Leb.

151 4389 343 4454 mpou.
372 4402 459 4450 ma.
477 4418 523 4466 p.
547 4411 655 4467 259,
672 4419 719 4454 n.
738 4411 845 4455 331.
870 4407 1029 4456 fibert.
1048 4407 1095 4454 in
1118 4408 1314 4456 nissen.
1338 4408 1482 4456 sicui.
1502 4422 1548 4470 p.
1574 4398 1655 4458 152.

149 4470 258 4522 ὕψι»
276 4467 349 4515 ubi
373 4471 628 4535 &agmenta
645 4479 702 4526 N.
730 4476 876 4526 Siculi
899 4477 1106 4538 collegit.

1898 801 1992 809 η-...ι-

1756 961 1896 1015 Nam
1921 981 2045 1034 quae
2073 965 2140 1020 fr.
2178 985 2251 1019 20
2279 967 2351 1021 de
2376 971 2642 1043 Sarapide
2677 974 2958 1047 leguntur,
2986 981 3188 1053 scripta
3215 984 3307 1039 vix

1754 1059 1883 1102 sunt
1916 1059 2211 1124 antequam
2249 1053 2390 1109 sama
2427 1056 2588 1127 hujus
2629 1061 2871 1114 numinis
2918 1080 2950 1116 a
3002 1064 3303 1124 Ptolemaeo

1757 1136 1952 1191 Sotere
1996 1139 2227 1193 instituti
2253 1143 2667 1214 percrebuerit;
2687 1147 2756 1200 ab
2773 1149 2944 1204 altera
2957 1164 3116 1223 parte
3139 1156 3304 1228 Nym-

1756 1221 2053 1291 phodorus
2114 1227 2332 1298 scripsit
2392 1240 2519 1283 ante
2579 1233 2978 1308 Apollonium3
3041 1239 3304 1299 videlicet

1756 1308 2061 1368 Scholiasta
2102 1312 2174 1366 ad
2218 1314 2406 1384 Apoll.
2451 1315 2562 1370 Rh.
2608 1318 2679 1372 sr.
2736 1337 2802 1388 ¹7
2840 1320 2977 1376 dicit
3019 1343 3033 1379 :
3073 1321 3140 1389 ὥς
3181 1348 3308 1406 φησι

1758 1391 2142 1472 Νυμφόδωρος,
2174 1385 2218 1474 ᾧ
2257 1398 2574 1469 ἠκολούθησε
2608 1405 2694 1459 vel
2740 1424 2847 1462 sec.
2889 1409 3021 1463 cod.
3074 1411 3304 1473 Parisin.

1756 1468 1798 1558 ᾧ
1837 1480 1980 1538 δοκεῖ
2010 1485 2414 1554 ἠκολουθηκέναι
2445 1488 2879 1569 (Ἀπολλώνιος).
2914 1498 3050 1567 Quae
3091 1503 3304 1559 etiamsi

1757 1587 1788 1623 e
1827 1571 2150 1643 conjectura
2181 1576 2363 1647 posita
2389 1579 2530 1646 sint,
2566 1579 2860 1636 admittere
2908 1594 3090 1640 tamen
3126 1592 3307 1662 conje-

1757 1666 1972 1711 cturam
1999 1671 2127 1714 aetas
2148 1662 2433 1734 scriptoris
2454 1664 2667 1720 debuit.
2685 1668 2943 1740 Denique
2970 1690 3001 1726 e
3027 1673 3095 1728 sr.
3120 1694 3151 1729 α
3184 1680 3309 1732 col-

1756 1743 1978 1816 ligimus
2005 1748 2475 1820 Nymphodorum
2523 1753 2732 1812 librum
2774 1757 2858 1811 De
2895 1756 3095 1814 Siciliae
3136 1764 3305 1819 rebus

1754 1831 2107 1888 mirabilibus
2133 1836 2408 1907 scripsiaee
2433 1848 2561 1909 post
2601 1858 2769 1912 quam
2800 1842 3129 1901 Theocritus
3157 1849 3307 1923 idyl-

1756 1916 1921 1985 lium,
1949 1920 2109 1990 quod
2135 1923 2381 1994 primum
2404 1923 2462 1977 in
2489 1924 2828 1980 editionibus
2849 1932 3051 1985 nostris
3078 1933 3303 2008 legitur,

1758 2018 2173 2078 composuerat.
2218 2009 2435 2064 Cei-tius
2465 2011 2678 2083 aliquid
2709 2017 2965 2085 exputari
3008 2032 3223 2090 posset,
3254 2026 3298 2076 si

1756 2091 1986 2162 quidem
2005 2106 2281 2150 constaret
2295 2097 2366 2151 de
2381 2097 2696 2153 desectione
2708 2118 2998 2157 servorum
3014 2107 3304 2180 Chiorum,

1757 2195 1879 2250 quae
1918 2183 2109 2253 paullo
2144 2194 2271 2237 ante
2299 2185 2692 2258 Nymphodori
2730 2206 2908 2243 aevum
2939 2191 3160 2270 (μικρὸν
3205 2197 3306 2272 πρὸ

1753 2266 1904 2338 ἡμῶν
1932 2267 2006 2324 fr.
2050 2288 2119 2324 ια
2150 2269 2308 2344 init.)
2342 2272 2606 2327 accidisse
2632 2286 2912 2334 narratur.

1833 2348 1920 2408 Τὰ
1953 2352 2006 2408 ἕν
2047 2352 2262 2432 Σικελίαι
2305 2355 2706 2432 θαυμαζόμενα,
2734 2363 2778 2415 si
2814 2363 3079 2419 Ebertum
3111 2369 3304 2426 audia-

1754 2456 1906 2507 mus,
1937 2458 2056 2494 non
2079 2439 2362 2514 peculiare
2386 2448 2796 2502 constituerunt
2833 2467 3009 2522 opus,
3038 2453 3137 2508 sed
3174 2474 3303 2529 pars

1754 2523 1909 2580 fuere
1928 2528 2153 2601 Peripli.
2181 2531 2291 2583 Res
2317 2531 2705 2602 incertissima,
2730 2553 2833 2589 nec
2861 2537 3168 2609 quidquam
3196 2543 3301 2595 im-

1753 2611 1911 2682 pedit
1927 2614 2228 2684 quominus
2251 2633 2378 2667 cum
2407 2617 2833 2673 Westermanno
2850 2619 2907 2693 (Ι.
2925 2622 2963 2675 l.
2979 2624 3299 2701 p.xxxv)

1752 2706 1954 2751 statuas
1973 2700 2470 2772 Nymphodorum,
2492 2705 2591 2757 etsi
2611 2707 2882 2762 nonnulla
2902 2704 3103 2764 Siciliae
3130 2713 3302 2767 mira-

1754 2784 1887 2837 bilia
1919 2786 1976 2839 in
1999 2788 2222 2860 Periplo
2242 2790 2442 2860 passim
2466 2791 2752 2862 attigisset,
2773 2793 2921 2847 idem
2937 2808 3105 2868 caput
3131 2816 3304 2854 accu-

1754 2873 1923 2927 ratius
1957 2884 2010 2927 et
2039 2875 2320 2948 copiosius
2342 2876 2488 2929 libro
2516 2877 2780 2950 singulari
2793 2893 3144 2952 persecutum
3167 2902 3299 2942 esse.

1756 2991 1834 3000 —
1874 2962 2158 3034 Periplum
2197 2963 2254 3015 in
2295 2962 2484 3034 plures
2522 2964 2697 3018 libros
2735 2965 3095 3023 distributum
3139 2969 3302 3028 fuisse

1754 3047 1886 3102 inde
1907 3058 2078 3121 patet,
2108 3049 2264 3121 quod
2290 3049 2552 3115 laudatur
2580 3050 2648 3108 N.
2675 3051 2726 3106 ἐν
2757 3051 3037 3129 Περίπλοις
3064 3054 3164 3128 (fr.
3195 3061 3301 3130 ιο)

1754 3143 1808 3187 et
1828 3134 1880 3189 ἐν
1905 3132 2437 3213 Ασίαςπερίπλῳ(ίὶ·.
2472 3155 2568 3206 ιο,
2602 3136 2724 3212 11).
2757 3141 2975 3214 Fragm.
3009 3160 3073 3195 ια
3099 3146 3303 3201 citatur

1753 3221 1823 3280 N.
1848 3219 1899 3276 ἐν
1931 3219 2103 3282 Ἀσίας
2123 3243 2212 3277 πα
2229 3220 2352 3298 ράπ
2368 3222 2473 3297 λῳ.
2504 3223 2716 3295 Quodsi
2734 3225 2851 3280 haec
2878 3226 3041 3281 lectio
3061 3233 3300 3303 genuina

1752 3318 1860 3376 est,
1891 3310 1971 3362 uti
2018 3328 2130 3364 esse
2172 3310 2412 3378 videtur,
2441 3313 2579 3365 Asiae
2615 3313 2847 3367 minoris
2888 3324 3100 3370 tantum
3144 3335 3300 3374 oram

1753 3394 2158 3451 occidentalem
2201 3395 2641 3470 Nymphodorus
2687 3398 3058 3456 describendo
3107 3405 3299 3479 legisse

1750 3480 2004 3550 videtur;
2038 3500 2220 3553 neque
2250 3485 2592 3538 contrarium
2622 3504 2690 3539 ex
2715 3484 3034 3560 fragmentis
3055 3488 3298 3546 demon-

1776 3568 1910 3622 trari
1965 3578 2164 3640 potest.
2196 3571 2402 3623 Totuin
2438 3571 2606 3643 igitur
2659 3590 2800 3645 opus
2843 3571 3011 3627 fuerit
3052 3575 3302 3648 Periplus

1750 3655 1915 3708 maris
1946 3654 2373 3725 Mediterranei,
2419 3656 2691 3727 adjunctis
2724 3657 2951 3714 sortasse
2993 3661 3105 3715 oris
3136 3661 3300 3719 Ponti

1752 3741 1974 3798 Euxini.
1996 3739 2256 3799 Ceterum
2276 3761 2399 3822 non*
2413 3755 2524 3799 tam
2544 3746 2924 3819 geographum
2947 3748 3145 3802 Noster
3164 3751 3296 3823 egit,

1751 3845 1916 3899 quam
1950 3829 2315 3903 periegetam.
2355 3830 2540 3883 Homo
2583 3827 2782 3884 doctus
2811 3841 2864 3884 et
2892 3834 3171 3908 curiosus,
3201 3834 3297 3889 sed

1753 3933 1781 3966 a
1812 3916 1958 3969 titiis
1986 3916 2068 3969 sui
2097 3917 2196 3968 aevi
2227 3917 2455 3970 minime
2483 3914 2648 3975 liber.

1752 4222 1927 4282 ΠΕΡΙ
1957 4221 2104 4280 'mx
2146 4223 2236 4280 EN
2275 4221 2587 4306 ΣΙΚΕΛΙᾼ
2625 4221 3300 4286 ΘΑΥΜΑΖΟΜΕΝΩΝ.

2498 4362 2550 4402 1.

1825 4463 2116 4519 Athenaeus
2133 4465 2274 4518 XIII
2291 4507 2305 4533 ,
2325 4482 2387 4536 p.
2413 4462 2546 4538 589,
2572 4467 2617 4518 Α
2648 4481 2662 4521 :
2691 4461 3035 4541 Νυμφόδωρος
3057 4464 3104 4520 δ’
3128 4467 3158 4522 ὁ
3186 4467 3304 4526 Συ,

206 4531 287 4594 (Ἳ
316 4539 550 4606 Inscriptio
568 4545 625 4594 ad
640 4559 697 4595 ea
712 4549 928 4612 tempora
941 4547 1175 4610 pertinere
1193 4545 1402 4608 videtur,
1421 4547 1597 4608 quibus
1611 4548 1659 4597 in
1750 4545 2018 4625 ρακούσιος
2047 4549 2098 4604 ἐν
2117 4551 2189 4626 τῷ
2213 4547 2342 4625 Περὶ
2370 4552 2472 4605 τῶν
2501 4549 2554 4606 ἐν
2583 4549 2799 4628 Σικελία
2818 4553 3216 4627 θαυμαζομένων
3245 4553 3298 4622 ἐξ

88 4617 96 4630 ·
151 4596 442 4658 Romanorum
462 4612 691 4663 ditionem
710 4615 863 4668 insula
876 4615 976 4677 jam
996 4616 1270 4665 devenerat.
1293 4616 1473 4664 Fabi-ic.
1497 4618 1550 4665 B.
1572 4620 1656 4666 Gr.

153 4665 228 4727 W»
248 4682 289 4731 1³-
324 4678 407 4727 753
439 4683 586 4743 Rarl.;
606 4687 870 4734 Titunann.
898 4687 983 4738 Gr.
1009 4688 1232 4734 staacsv.
1256 4698 1305 4746 p.
1337 4691 1455 4744 5ης
1493 4686 1652 4734 libert.

154 4743 194 4791 l)-
229 4745 320 4789 158-
355 4750 500 4811 Atque
525 4753 915 4816 Nymphodorum
947 4754 1303 4820 Agrigentinum
1327 4757 1561 4805 niemorat
1578 4757 1657 4805 Gi·

153 4813 246 4853 00¹0
262 4812 433 4866 vernn.
456 4823 536 4882 lv,
556 4831 629 4873 22.

1750 4632 2014 4711 Ὑκκάρου
2053 4633 2179 4714 φησὶ
2216 4635 2491 4693 Σικελικοῦ
2529 4638 2770 4715 φρουρίου
2812 4625 2943 4692 εἶναι
2978 4635 3073 4705 τὴν
3105 4634 3289 4698 Λαΐδα.

1748 4722 1832 4781 Cf.
1897 4723 2128 4777 Polemo
2201 4723 2271 4780 fr.
2335 4730 2428 4790 44.
2486 4720 2763 4799 Ὑκκάρων
2826 4726 3036 4798 corrigi
3103 4730 3284 4785 voluit

1748 4810 2047 4879 meursius,
2072 4812 2191 4865 sine
2221 4829 2401 4865 causa.
2433 4811 2565 4868 vid.
2599 4811 2811 4866 Philist.
2841 4811 2912 4868 fr.
2942 4811 2994 4867 5.

156 4926 2347 4968 -M

1206 5021 1305 5086 DE
1345 5019 1638 5081 SlClLIAE
1679 5021 2187 5080 MIRABILIBUS.

1676 5119 1699 5176 1

208 5175 537 5244 Nymphodorus
554 5166 875 5258 Syracusanus
891 5211 937 5245 m
958 5198 1077 5247 libro
1096 5197 1471 5254 Demirabilibus
1489 5199 1660 5252 Siciliae
1686 5199 1828 5249 refert
1846 5197 2036 5248 Laidem
2056 5213 2116 5247 ex
2137 5198 2362 5260 Hyccarls
2384 5200 2554 5248 Siciliae
2574 5197 2747 5260 oppido
2766 5199 3014 5250 oriundam
3035 5197 3193 5248 fuisse.
