3900 6042
524 486 717 534 xxxiv

1200 476 1293 534 Ei<
1336 476 1491 535 ΤΗΣ
1535 476 1893 535 ΙΣΤΟΡΙΑΣ
1934 478 2339 538 ΔΙΟΝΥΣΙΟΥ
2382 480 3047 540 nummum-3122.
3089 480 3096 488 '

519 615 547 668 ὁ
590 610 645 668 δὲ
675 608 762 668 τὸν
789 609 1064 688 ίππάρχην
1090 610 1116 635 *
1136 609 1401 670 ἐκέλευσεν
1432 611 1602 690 ἔχοντι
1630 611 1723 687 (24)
1753 610 1869 677 τοίας
1904 614 2078 678 ἱππεῖς
2168 623 2386 685 equitum
2411 623 2690 685 magistrum
2712 623 3205 685 delevitseruilimm
3230 636 3435 685 eumque
3450 623 3588 685 jussit
3610 638 3726 674 cuin

519 697 663 766 ἥκεῑν
692 700 761 761 ὡς
786 695 937 754 αὐτὸν
966 697 1086 773 ’περὶ
1118 697 1280 773 μέσας
1305 695 1507 763 νύκτας·
1531 702 1635 763 τοῖς
1658 698 1713 754 δῖ
1745 700 2074 775 βουλευταῖς,
2167 722 2408 785 equitibus
2424 723 2679 770 convenire
2697 735 2748 771 se
2765 723 2892 771 circa
2911 725 3100 771 noctem
3121 722 3352 778 mediam;
3373 726 3614 773 senatore·
3632 738 3725 772 au-

519 786 588 849 εἶς
602 784 662 841 τὸ
688 782 1016 842 Καπιτώλιον
1037 782 1190 842 ἔωθεν
1215 784 1291 842 ἔτι
1315 785 1670 863 συλλέγεσθαι·
1695 789 1768 865 τῷ
1790 809 1846 843 τε
1877 789 2076 844 Μινου-

517 870 615 950 κίῳ
644 868 729 928 τόν
757 894 813 928 τε
855 870 1087 947 μηνυτὴν
1125 871 1301 950 ἄγοντι
1331 872 1421 929 καὶ
1454 872 1545 938 τὰς
1584 874 1747 939 ἄλλας
1790 872 2077 939 ἀποδείξεις

517 957 785 1034 κομίζοντι
804 958 931 1037 πρὸς
958 958 1017 1017 τὸ
1048 963 1195 1038 βῆμα
1220 968 1479 1037 παρεῖναι·
1509 957 1704 1017 ἅπασιν
1730 959 1783 1018 δὲ
1803 961 2076 1040 φυλάττειν

514 1045 785 1124 ἀπόρρητα
807 1044 932 1124 πρὸς
959 1045 1074 1112 τοὺς
1102 1045 1198 1114 ΐςω
1220 1051 1310 1104 τοῦ
1343 1046 1608 1124 συνεδρίου
1638 1045 1702 1103 τὰ
1722 1047 2074 1126 βουλεύματα·

516 1132 639 1206 μίαν
661 1123 791 1189 εἶναι
818 1132 981 1209 λέγων
1011 1134 1325 1214 ἀσφάλειαν,
1351 1134 1395 1191 εἷ
1421 1133 1582 1208 μηδὲν
1605 1137 1633 1190 ὃ
1654 1132 1888 1199 Μάλλιος
1916 1134 2076 1192 ἀκού-

514 1242 619 1277 σειε
648 1223 750 1277 τῶν
789 1222 910 1299 περὶ
947 1223 1102 1278 αὐτοῦ
1141 1223 1430 1298 λεγομένων
1468 1243 1524 1279 τε
1554 1220 1643 1278 καὶ
1682 1220 2071 1299 πραττομένων.

514 1306 771 1374 Διατάξας
809 1306 861 1364 δὲ
895 1307 1063 1365 τᾶλλα
1100 1305 1235 1364 δ’σων
1278 1309 1465 1377 ἐδεῖτο,
1496 1306 1653 1387 μέχρι
1692 1308 1883 1375 δύσεως
1924 1310 2073 1378 ἡλίου

514 1394 712 1459 πάντας
741 1396 792 1450 ἐν
832 1397 906 1472 τῷ
937 1394 1288 1473 βουλευτηρίῳ
1321 1394 1634 1471 κατασχὼν,
1684 1396 1894 1460 σκότους
1932 1394 2076 1459 ὄντος

511 1481 613 1552 ἤδη
644 1479 844 1539 διέλυσε
878 1480 965 1539 τὸν
995 1481 1267 1560 σύλλογον.
1354 1480 1449 1547 Ὡς
1471 1482 1525 1539 δὲ
1553 1482 1688 1557 μίση
1726 1481 1811 1549 νὺξ
1841 1482 2073 1559 ἐγένετο,

512 1568 773 1646 προελθὼν
800 1571 859 1625 ἐκ
888 1573 980 1639 τῆς
1002 1568 1167 1635 οἰκίας
1191 1569 1326 1648 ἰξῄει
1357 1571 1444 1649 (25)
1469 1569 1593 1648 περὶ
1630 1568 1717 1627 τὸν
1745 1570 1923 1649 ὄρθρον
1958 1570 2077 1635 τοὺς

512 1654 810 1721 ἐπιλέκτους
828 1656 1135 1735 ἀμφοτέρων
1164 1660 1266 1714 τῶν
1290 1658 1501 1714 ὑπάτων
1529 1658 1845 1733 ἐπαγόμενος
1869 1656 1960 1715 καὶ
1980 1660 2074 1716 αὗ·

508 1741 628 1809 τοὺς
652 1742 770 1810 τοὺς
791 1742 1038 1810 ὑπάτους.
1090 1736 1253 1803 Οὗτοι
1278 1743 1371 1820 μὲν
1394 1734 1481 1802 οὖν
1523 1744 1583 1802 τὸ
1603 1743 1936 1805 Καπιτώλιον
1958 1743 2071 1821 ἅμα

462 1830 469 1839 ’
509 1836 614 1896 τοῖς
658 1833 958 1909 βουλευταῖς
995 1831 1150 1889 ἕωθεν
1197 1830 1562 1910 κατειληφότες
1606 1832 1903 1911 ἐφρούρουν·
1953 1837 1981 1890 ὃ
2017 1832 2068 1890 δὲ

514 1916 752 1984 Μάλλιος
792 1918 936 1975 οὐδὲν
979 1915 1221 1989 ἀκηκοὼς
1261 1917 1485 1990 τούτων,
1529 1918 1728 1995 ἡμέρας
1763 1918 2071 1996 γενομένης,

513 2004 777 2082 προελθὼν
807 2006 877 2068 εἷς
896 2007 991 2075 τὴν
1015 2003 1209 2083 ἀγορὰν
1233 2005 1550 2086 ἐχρημάτιζε
1577 2009 1683 2070 τοῖς
1710 2005 1965 2081 δεομένοις
1986 2007 2072 2064 ἐπὶ

511 2097 603 2148 τοῦ
637 2090 870 2168 βήματος
909 2091 1265 2166 καθεζόμενος.
1352 2090 1460 2151 Καὶ
1490 2096 1604 2167 μετ’
1640 2094 1698 2150 οὔ
1730 2093 1862 2149 πολὺ
1899 2096 2071 2171 παρῆν

509 2182 536 2234 δ
563 2177 830 2256 ἵππαρχος
862 2177 1154 2256 Σερουίλιος
1181 2176 1308 2257 πρὸς
1348 2176 1501 2235 αὐτὸν
1530 2177 1673 2255 ἄγων
1697 2177 1816 2245 τοὺς
1843 2180 2068 2254 ἀκμαιο-

508 2264 691 2329 τάτους
734 2267 835 2321 τῶν
887 2263 1119 2335 ἱππέων,
1167 2264 1380 2343 ἔχοντας
1420 2264 1520 2321 ὑπὸ
1563 2265 1655 2342 (26)
1702 2273 1806 2330 τοῖς
1847 2264 2071 2339 ἱματίοις

510 2352 647 2430 ξίφη.
682 2350 789 2410 Καὶ
816 2352 941 2417 στὰς
976 2350 1196 2423 πλησίον
1227 2353 1383 2410 αὐτοῦ
1411 2351 1570 2429 λέγει·
1658 2379 1683 2403 κ
1708 2349 1776 2411 ‘0
1813 2352 2072 2432 δικτάτωρ

508 2461 565 2495 σε
611 2436 840 2513 κελεύει,
885 2439 1122 2511 Μάλλιε,
1173 2439 1301 2519 πρὸς
1351 2440 1505 2497 αὐτὸν
1548 2439 1714 2510 ἥκειν.
1748 2466 1773 2491 υ
1818 2442 2071 2509 Κάκεῖνος

508 2524 800 2605 ὑποτυχὼν,
826 2554 847 2576 ι·
869 2529 1053 2597 Ποῖος,
1083 2526 1208 2604 ἔφη,
1231 2526 1431 2586 κελεύει
1451 2550 1548 2600 με,
1583 2527 1871 2611 Σερουίλιε,
1898 2529 2071 2589 δικτά-

504 2636 612 2692 τωρ
640 2614 772 2691 πρὸς
815 2614 969 2673 αὐτὸν
1013 2617 1209 2693 ἐλθεῖν;
1252 2614 1380 2676 ὅπου
1419 2615 1509 2676 καὶ
1548 2618 1673 2676 πότε
1715 2617 2015 2696 γενόμενος
2047 2645 2070 2671 n

506 2700 613 2763 Καὶ
663 2699 787 2790 ἅμα
809 2702 1175 2783 διαταραχθεὶς
1217 2704 1554 2785 περιίὸλεψεν
1597 2706 1667 2770 εἷς
1705 2704 1823 2771 τοὺς
1865 2705 1985 2784 περὶ
2013 2704 2071 2763 τὸ

507 2793 674 2866 βῆμα.
763 2789 1011 2870 Ἀτρασίας
1035 2791 1088 2848 δὲ
1119 2790 1355 2858 ἅπαντας
1382 2791 1749 2869 κατασχούσης
1772 2791 1856 2849 διὰ
1879 2792 1938 2850 τὸ
1967 2817 2068 2868 μη·

506 2876 627 2933 δίνα
678 2870 949 2953 γινώσκῖιν
995 2876 1061 2934 τὰ
1088 2877 1390 2956 πραχθέντα
1416 2877 1516 2935 ὑπὸ
1547 2883 1636 2947 τῆς
1687 2879 1903 2956 βουλῆς,
1932 2879 2072 2957 λέγει

502 2961 662 3021 πάλιν
709 2965 737 3018 ὁ
772 2963 1068 3042 Σερουίλιος
1088 2986 1100 3000 ·
1141 2990 1165 3014 σι
1191 2964 1546 3040 Εἶσηγγίλθης
1571 2961 1690 3041 χθὲς
1728 2967 1796 3029 εἰς
1824 2966 1916 3033 τὴν
1949 2969 2074 3040 βου-

502 3048 634 3125 λὴν,
662 3037 707 3107 ὦ
730 3051 940 3109 Μάλλιε
957 3093 973 3121 ,
999 3049 1265 3127 νεωτέροις
1284 3053 1561 3127 ἐπιχειρεῖν
1590 3049 1918 3127 πράγμασιν,
1948 3048 2072 3116 ἴσως

505 3139 598 3193 οὐκ
628 3137 854 3207 άληθῶς·
887 3136 1087 3203 οὐδενὸς
1116 3134 1217 3215 γὰρ
1253 3134 1392 3202 ἄξιον
1419 3134 1523 3192 ἀπὸ
1555 3140 1648 3205 τῆς
1679 3135 1849 3203 αἰτίας
1872 3159 2070 3215 προκα-

502 3222 859 3301 ταγινώσκειν*
923 3222 1119 3293 ταύτην
1159 3221 1393 3290 ἐξετάσαι
1435 3222 1530 3289 τὴν
1572 3222 1792 3298 μήνυσιν
1835 3227 1867 3294 ἡ
1910 3222 2069 3302 βουλὴ

503 3309 867 3389 προελομένη,
917 3310 1216 3388 δικτάτορος
1262 3310 1422 3385 ἔφησε
1462 3311 1564 3367 δεῖν
1592 3318 1696 3376 τοῖς
1734 3309 2070 3391 πράγμασινς

501 3400 572 3462 ὣς
599 3399 658 3455 οὗ
686 3396 777 3456 τὸν
804 3397 1077 3477 ἐλάχιστον
1105 3401 1209 3456 τῶν
1246 3397 1494 3455 κινδύνων
1518 3397 1793 3477 τρέχουσα·
1829 3398 1919 3456 καὶ
1943 3399 2071 3455 ἀπί-

504 3483 635 3552 δειξι
680 3488 773 3556 τῆς
820 3485 1052 3553 ἔξουσίας
1097 3484 1292 3556 ταύτης
1339 3485 1513 3564 κύριον
1561 3484 1781 3544 Λεύκιον
1834 3479 2071 3544 Κοΐντιον

507 3571 842 3649 Κικιννάτον,
885 3572 941 3631 ὃν
969 3562 1120 3631 οἶσθα
1147 3572 1212 3642 δή
1259 3595 1359 3631 που
1399 3571 1488 3629 καὶ
1519 3570 1582 3629 σὺ
1629 3572 1904 3651 κράτιστον
1948 3570 2072 3629 ὄντα

501 3663 604 3716 τῶν
631 3658 921 3737 πατρικίων
969 3659 1059 3717 καὶ
1088 3659 1162 3726 δὶς
1191 3660 1292 3731 ἤδη
1316 3659 1510 3730 ταύτην
1546 3658 1905 3730 ἀνεπιλήπτως
1930 3681 2072 3716 τετε-

503 3745 688 3803 λεκότα
710 3744 804 3815 τὴν
829 3745 1023 3824 ἀρχήν.
1112 3738 1282 3813 Οὗτος
1308 3749 1336 3803 ὁ
1360 3745 1491 3824 ἀνὴρ
1512 3744 1841 3826 δικαστήριόν
1870 3769 1948 3804 σοι
1980 3768 2069 3803 κα·

502 3831 641 3891 θίσαι
695 3832 785 3890 καὶ
835 3833 987 3910 λόγον
1041 3834 1323 3892 ἀποδοῦναι
1394 3832 1737 3911 βουλόμενος,
1803 3833 2069 3892 ἀπέσταλ-

502 3942 589 3977 κεν
620 3924 789 3993 ἡμᾶς,
825 3917 918 3993 ἐμὲ
944 3919 1030 3976 τὸν
1051 3917 1318 3999 ἵππαρχον
1348 3919 1460 3996 ἅμα
1484 3923 1651 3980 τοῖσδε
1681 3930 1786 3989 τοῖς
1814 3921 2071 4000 ἀνδράσι,

504 4003 719 4071 ἅξοντάς
744 4028 800 4064 σε
820 4006 1164 4085 ἀσφαλῶςέπὶ
1187 4007 1281 4076 τὴν
1297 4007 1601 4085 ἀπολογίαν.
1622 4010 1689 4067 Εἰ
1706 4007 1759 4065 δὲ
1775 4008 1935 4083 μηδὲν
1950 4009 2063 4065 ἄδι·

502 4099 612 4149 κεῖν
634 4090 886 4159 πέποιθας
902 4136 918 4167 ,
939 4090 1008 4149 ἴθι
1037 4092 1127 4149 καὶ
1154 4091 1273 4168 λέγε
1293 4093 1359 4150 τὰ
1384 4094 1559 4151 δίκαια
1579 4094 1698 4173 περὶ
1723 4100 1911 4153 σαυτοῦ
1942 4093 2068 4173 πρὸς

503 4178 664 4257 ἄνδρα
677 4178 967 4261 φιλόπολιν,
989 4177 1044 4244 ὃς
1056 4177 1172 4237 οὔτε
1185 4177 1270 4237 διὰ
1289 4179 1376 4238 τὸν
1390 4182 1557 4238 κοινὸν
1570 4181 1752 4260 φθόνον
1767 4181 1883 4239 οὔτε
1907 4180 1972 4239 δι’
1984 4181 2073 4239 ἄλ-

501 4266 597 4336 λην
609 4265 674 4323 άδ
679 4289 785 4324 ικον
793 4267 965 4346 πρόφα
973 4289 1050 4325 σιν
1062 4266 1304 4342 οὐδεμίαν
1315 4267 1546 4326 ἐκποδὼν
1557 4268 1772 4339 ποιῆσαί
1780 4291 1838 4326 σε
1852 4270 1938 4345 (27)
1957 4272 2048 4346 βου
2057 4303 2070 4313 ·

500 4352 735 4423 λήσεται.
764 4380 790 4405 n
822 4353 891 4414 ‘O
914 4355 957 4410 δ’
992 4359 1061 4419 ὡς
1086 4354 1303 4424 ἤκουσεν
1323 4400 1339 4427 ,
1371 4357 1605 4425 ἀνεπήδα
1645 4378 1701 4413 τε
1732 4354 1823 4413 καὶ
1866 4355 2071 4432 μεγάλα

505 4439 840 4517 ἀναὸοήσας,
870 4470 893 4493 ιι
922 4437 1163 4527 ᾌνδρες,
1204 4440 1328 4521 ἔφη,
1363 4442 1669 4517 δημοτικοὶ,
1705 4443 1940 4521 βοηθεῖτέ
1985 4463 2072 4516 μοι

503 4527 944 4607 συναρπαζομένῳ
970 4528 1056 4585 διὰ
1085 4529 1177 4597 τὴν
1198 4529 1325 4606 πρὸς
1348 4533 1483 4605 ὑμᾶς
1507 4527 1705 4587 εὔνοιαν
1729 4529 1830 4586 ὑπὸ
1857 4532 1960 4586 τῶν
1981 4530 2064 4585 δυ-

502 4617 686 4671 νατῶν·
712 4614 891 4695 οὐγὰρ
920 4614 1006 4672 ἐπὶ
1027 4616 1173 4688 δίκην
1202 4619 1468 4692 καλοῦμαι
1492 4616 1619 4695 πρὸς
1639 4615 1790 4675 αὐτὸν
1808 4660 1824 4691 ,
1849 4615 1966 4674 ἀλλ’
1985 4613 2071 4673 ἐπὶ

504 4699 729 4760 θάνατον
762 4705 1047 4779 καλοῦμαι.
1090 4730 1113 4753 υ
1148 4705 1281 4773 Boi<
1312 4703 1365 4761 δὲ
1413 4704 1691 4781 γενομένης
1719 4702 1810 4761 καὶ
1852 4701 2072 4781 θορύὸου

2170 828 2267 872 tem
2282 836 2310 872 a
2326 802 2479 885 primo
2494 836 2635 871 mane
2648 823 2920 884 congregari
2935 823 2983 870 in
2996 822 3281 884 Capitolium
3296 842 3310 883 ;
3331 823 3591 873 Minucium
3610 839 3727 874 vero

2168 936 2280 971 cum
2305 922 2518 972 delatore
2550 922 2759 971 criminis
2780 921 3177 982 documentisque
3207 922 3267 969 ad
3292 922 3502 972 tribunal
3528 923 3724 984 adesse3

2167 1023 2367 1067 cunctos
2388 1019 2595 1080 denique
2626 1030 2797 1066 cavere
2813 1053 2828 1077 ,
2857 1031 2916 1066 ne
2936 1019 2985 1065 in
3010 1018 3180 1079 vulgus
3209 1031 3381 1067 arcana
3404 1020 3510 1068 liaec
3532 1025 3728 1071 senatus

2167 1120 2358 1169 decreta
2376 1121 2682 1177 emanarent;
2698 1130 2808 1166 nam
2829 1117 2954 1166 lianc
2975 1130 3121 1166 unam
3140 1119 3443 1168 securitatem
3466 1121 3565 1169 sore
3581 1120 3724 1181 dixit,

2164 1222 2204 1271 si
2227 1222 2326 1271 nihi
2355 1221 2539 1269 leorum
2563 1232 2675 1280 quae
2692 1218 2832 1266 dictis
2850 1218 2961 1265 sacti
2985 1230 3081 1279 que
3102 1222 3268 1268 contra
3290 1221 3501 1270 Mat-lium
3525 1216 3724 1283 rigeren-

2165 1330 2273 1386 tus,
2301 1328 2378 1393 ille
2400 1325 2702 1389 comperiret.
2771 1323 2951 1375 Deinde
2985 1322 3196 1385 reliqua,
3223 1321 3401 1383 quibus
3431 1335 3555 1383 opus
3589 1326 3723 1381 erat,

2164 1428 2427 1490 disposuit,
2451 1430 2499 1475 et
2524 1426 2585 1475 ad
2611 1427 2723 1475 solis
2747 1437 2897 1487 usque
2917 1436 3144 1472 occasum
3181 1423 3229 1470 in
3251 1423 3384 1470 curia
3406 1435 3573 1470 omnes
3597 1421 3722 1470 deti·

2165 1543 2280 1578 nens
2305 1525 2495 1577 tandem
2513 1524 2693 1573 abortis
2704 1523 2805 1584 jam
2827 1522 3036 1571 tenebris
3057 1521 3334 1569 concionem
3354 1520 3552 1568 dimisit.
3576 1522 3726 1593 Nocte

2164 1625 2322 1672 media
2343 1638 2505 1687 quum
2527 1625 2773 1674 Servilius
2789 1622 2864 1672 ad
2888 1622 3195 1671 dictatorem
3222 1634 3273 1670 se
3294 1621 3603 1681 contulisset,
3623 1620 3723 1682 ipse

2162 1725 2318 1786 primo
2331 1725 2545 1774 diluculo
2558 1725 2684 1773 toras
2695 1735 2967 1787 progressus
2980 1722 3108 1770 viros
3119 1721 3319 1770 selectos
3332 1721 3540 1771 consulis
3550 1722 3724 1771 utrius·

2163 1838 2259 1887 que
2283 1829 2334 1875 et
2355 1826 2574 1874 consules
2600 1823 2727 1886 ipsos
2755 1828 2919 1873 secum
2941 1821 3160 1872 abduxit.
3226 1822 3285 1870 Hi
3319 1821 3460 1883 igitur
3490 1834 3588 1869 una
3611 1834 3724 1870 cum

2162 1925 2461 1975 senatoribus
2485 1923 2773 1985 capitolium
2798 1922 2953 1983 primo
2985 1933 3127 1969 mane
3147 1923 3436 1982 occupatum
3475 1919 3722 1969 custodie·

2163 2022 2296 2074 bant.
2364 2024 2549 2074 Moelius
2569 2026 2729 2071 autem
2743 2058 2758 2083 ,
2785 2012 3002 2070 omnium
3035 2020 3206 2068 hortun
3243 2019 3432 2081 ignarus
3447 2055 3462 2080 ,
3501 2019 3587 2067 ubi
3625 2019 3727 2068 dies

2163 2125 2415 2182 illuxerat,
2444 2124 2493 2171 in
2521 2124 2675 2171 sorum
2707 2121 2908 2185 prodiit,
2942 2134 3000 2170 ac
3023 2134 3245 2181 responsa
3275 2119 3418 2181 dabat
3450 2119 3727 2179 petentibus

2162 2226 2330 2275 sedem
2352 2224 2400 2272 in
2428 2228 2668 2286 suggestu.
2733 2224 2831 2271 Nec
2858 2221 3015 2269 multo
3043 2222 3151 2282 post
3182 2218 3244 2267 ad
3271 2232 3383 2267 eum
3413 2222 3543 2267 venit
3568 2220 3721 2282 magi·

2162 2324 2260 2369 ster
2282 2321 2500 2382 equiturn
2523 2319 2755 2367 Servilius
2786 2328 2899 2365 cum
2932 2317 3048 2365 flore
3078 2315 3345 2378 equitatus,
3373 2315 3456 2375 qui
3474 2315 3567 2363 sub
3595 2320 3726 2365 veste

2162 2420 2410 2482 gestabant
2426 2417 2624 2480 gladios.
2688 2422 2758 2466 Ac
2774 2416 2970 2478 propius
2988 2414 3237 2475 accedenS,
3249 2433 3274 2457 «ι
3299 2414 3531 2475 Dictator,
3543 2415 3723 2476 inquit,

2162 2523 2236 2580 te,
2270 2518 2426 2579 Maeli,
2445 2515 2506 2565 ad
2538 2527 2592 2566 se
2613 2515 2775 2565 venire
2789 2513 2942 2577 jubet.
2963 2532 2985 2555 »ι
3051 2511 3126 2565 Ad
3153 2512 3257 2562 haec
3285 2510 3576 2574 respondens
3601 2511 3683 2560 ilie
3711 2531 3723 2559 ι

2167 2640 2192 2665 η
2212 2621 2470 2681 Quisnam,
2490 2612 2676 2679 Se‘rvili,
2702 2630 2780 2666 me
2797 2616 3003 2665 dictator
3021 2616 3191 2665 vocat?
3212 2614 3408 2663 ubinam
3427 2618 3499 2664 est
3522 2615 3610 2663 ille
3634 2617 3726 2663 eta

2162 2731 2259 2781 quo
2281 2717 2392 2766 inde
2407 2718 2660 2778 tempore?
2687 2736 2711 2758 υ
2738 2715 2988 2776 Simulque
3018 2713 3324 2775 perturbatus
3347 2712 3501 2761 oculis
3517 2712 3726 2761 circiun·

2161 2818 2366 2865 stantem
2392 2814 2626 2877 percurrit
2643 2826 2889 2862 coronam.
2953 2815 3025 2861 Ex
3048 2823 3144 2873 qua
3167 2824 3320 2873 quum
3336 2823 3479 2859 nemo
3497 2810 3724 2872 hisceret,

2162 2916 2294 2979 quod
2310 2929 2339 2964 a
2356 2918 2522 2965 senatu
2545 2917 2669 2964 sacta
2687 2883 2854 2963 omncs
2868 2913 3164 2974 ignorarent,
3187 2923 3352 2959 rursus
3371 2910 3604 2959 Servilius
3621 2912 3688 2959 ait
3711 2929 3722 2958 :

2165 3035 2188 3057 κ
2219 3016 2333 3065 fleri
2355 3019 2409 3064 tu
2424 3052 2439 3077 ,
2460 3013 2586 3064 Maeli
2603 3048 2618 3073 ,
2642 3011 2702 3061 ad
2734 3013 2950 3060 senatum
2975 3009 3164 3059 delatus
3188 3022 3264 3070 es,
3285 3012 3450 3070 utpote
3469 3022 3543 3057 res
3573 3022 3725 3058 novas

2165 3114 2389 3173 moliens,
2414 3112 2533 3161 salso
2558 3111 2785 3171 sortasse3
2811 3122 2922 3157 nam
2950 3121 3010 3156 ex
3028 3107 3331 3156 accusatione
3350 3106 3466 3155 nihil
3489 3107 3722 3168 praejudi-

2162 3208 2371 3258 candum
2393 3211 2482 3258 est.
2548 3210 2618 3257 De
2643 3207 2732 3255 hac
2757 3205 2994 3255 delatione
3016 3207 3211 3254 senatus
3234 3204 3474 3266 inquirere
3505 3206 3727 3254 statuens

2161 3309 2392 3359 dictatore
2416 3321 2538 3370 opus
2563 3320 2665 3357 esse
2686 3307 2900 3367 censuit,
2919 3305 3094 3368 quippe
3118 3304 3244 3353 hami
3268 3304 3464 3353 minimo
3487 3307 3724 3354 constitu·

2160 3413 2237 3459 tus
2263 3409 2313 3457 in
2325 3409 2552 3470 periculo.
2574 3410 2788 3468 Eamque
2821 3408 3103 3467 potestatem
3135 3403 3372 3452 cummisit
3401 3407 3454 3453 1..
3493 3406 3724 3463 Quinctio

2160 3510 2470 3569 Cincinnato,
2494 3518 2638 3568 quem
2659 3508 2713 3553 tu
2739 3517 2936 3566 quoque
2962 3504 3087 3552 nosti
3112 3502 3279 3564 procul
3313 3501 3461 3551 dubio
3483 3508 3721 3565 praestan-

2162 3608 2397 3657 tissimum
2417 3619 2517 3655 esse
2540 3605 2850 3666 patriciorum
2863 3640 2878 3663 ,
2903 3615 2961 3651 ac
2981 3603 3056 3651 bis
3072 3602 3173 3663 jam
3198 3615 3397 3651 munere
3416 3604 3506 3651 hoc
3524 3616 3720 3652 summa

2160 3721 2271 3757 cum
2291 3706 2433 3756 laude
2458 3704 2779 3767 perfunctum.
2845 3705 2890 3751 ls
2912 3703 3073 3764 igitur,
3098 3704 3154 3749 ut
3173 3700 3404 3763 judicium
3445 3700 3531 3750 tibi
3556 3703 3720 3763 sistat,

2158 3817 2215 3853 ac
2231 3802 2512 3853 defendendi
2531 3804 2581 3851 te
2600 3801 2873 3850 facultatem
2894 3801 3103 3862 praebeat
3116 3836 3131 3860 ,
3151 3813 3240 3849 nos
3258 3799 3412 3861 misit,
3437 3814 3516 3849 me
3533 3803 3719 3851 scilicet

2157 3918 2215 3954 ac
2237 3904 2364 3953 viros
2389 3903 2556 3961 hosce,
2581 3903 2635 3949 ut
2670 3899 2728 3947 ad
2750 3911 2942 3947 causam
2971 3897 3220 3947 dicendam
3256 3911 3422 3947 secure
3448 3900 3494 3946 te
3517 3898 3722 3948 adduca-

2159 4021 2283 4056 mus..
2323 4009 2429 4056 Jam
2448 4006 2488 4055 si
2506 4004 2685 4053 nullius
2702 4002 2788 4052 tibi
2821 4000 3011 4050 sceleris
3029 4000 3244 4049 conscius
3258 4013 3325 4061 es,
3347 4000 3510 4048 venias
3531 4003 3580 4049 et
3611 4015 3700 4050 cau

2159 4120 2262 4156 sam
2283 4105 2414 4154 dicas
2435 4117 2597 4153 coram
2632 4104 2762 4162 viro,
2788 4100 2901 4163 qui,
2922 4113 3076 4160 quum
3114 4100 3292 4148 civium
3321 4099 3592 4149 commodis
3616 4105 3719 4151 stu·

2159 4207 2295 4268 deat,
2322 4217 2479 4266 neque
2505 4203 2567 4252 ob
2598 4212 2902 4251 communem
2929 4212 3026 4262 qua
3051 4195 3279 4259 premeris
3298 4195 3527 4244 invidiam
3561 4210 3720 4259 neque

2160 4307 2252 4356 alio
2273 4305 2373 4354 ullo
2397 4304 2632 4366 proetextu
2657 4315 2686 4351 e
2717 4300 2873 4349 medio
2891 4301 2941 4348 te
2963 4310 3206 4347 removere
3230 4295 3455 4344 voluerit.
3479 4314 3504 4339 u
3532 4297 3718 4353 Quibus

2159 4406 2333 4455 auditis
2346 4405 2566 4454 exsiliens
2585 4402 2784 4461 Maelius,
2804 4412 2991 4449 summa
3010 4410 3145 4457 voce,
3167 4415 3192 4438 c«
3214 4395 3319 4444 Viri
3337 4394 3610 4457 populares,
3627 4396 3714 4444 cia·

2158 4507 2339 4566 mavit,
2366 4504 2481 4552 milii
2508 4502 2773 4552 succurrite
2790 4536 2803 4559 ,
2836 4500 2920 4561 qui
2951 4498 3014 4547 ob
3047 4509 3203 4546 meam
3231 4495 3280 4543 in
3307 4508 3394 4543 vos
3420 4492 3714 4545 benevolen-

2161 4605 2277 4653 tiam
2305 4604 2366 4652 ab
2393 4601 2705 4665 optimatibus
2723 4598 2969 4661 corripior.
3033 4601 3198 4659 Neque
3215 4597 3344 4645 enim
3370 4596 3416 4643 in
3432 4595 3670 4656 judicium
3689 4609 3716 4642 a

2159 4709 2411 4767 dictatore,
2428 4705 2513 4755 sed
2530 4704 2592 4753 ad
2606 4715 2771 4752 necem
2788 4713 2952 4750 vocor.
2979 4720 3001 4741 υ
3031 4698 3266 4759 Editoque
3289 4697 3414 4745 circa
3436 4702 3713 4758 suggestum

511 4871 621 4917 tam
640 4869 853 4931 trepidis
872 4871 1022 4919 rebus
1041 4870 1231 4928 damno
1252 4870 1483 4920 dedecori
1490 4884 1546 4920 ve
1565 4871 1867 4933 reipubltcae
1890 4872 2038 4931 esset,
2055 4868 2285 4917 dictator
2302 4880 2336 4915 a
2354 4864 2557 4914 consule
2575 4862 2765 4911 dicitur
2788 4874 2799 4906 :
2827 4857 3129 4939 ipseneinde
3156 4860 3205 4905 C.
3226 4855 3507 4904 Servilium
3523 4859 3714 4914 niaqts·

506 4942 647 4988 trum
657 4944 893 5004 equitum
914 4940 1057 4991 dicit.
1081 4967 1142 4977 —
1158 4944 1233 4990 24.
1257 4940 1474 5004 ἔχοντι]
1490 4940 1619 5002 quod
1640 4955 1735 4989 non
1755 4940 2038 4989 mutandum
2058 4952 2158 4987 esse
2182 4939 2229 4986 in
2253 4939 2437 4997 ἔχοντα,
2452 4944 2655 4994 sequens
2674 4928 2843 4979 suadet
2853 4928 3046 4976 dativus
3060 4926 3222 5006 τοῖςδὲ
3246 4927 3530 5004 βουλευταῖς.
3551 4929 3716 5005 ltaque

505 5012 727 5060 lacunam
745 5013 926 5061 notavi.
946 5016 1016 5061 Ac
1032 5012 1226 5061 omnino
1242 5012 1365 5061 male
1378 5014 1623 5059 contracta
1642 5014 1713 5059 ωε
1726 5011 1936 5059 narratio
1952 5010 2177 5071 Dionysii.
2198 5007 2346 5069 quiet
2362 5003 2609 5052 dictatoris
2625 5013 2798 5050 nomen
2813 5000 2941 5076 certe
2961 5000 3017 5075 et
3025 4999 3170 5074 creati
3191 4994 3254 5074 ab
3272 5008 3330 5042 eo
3347 4995 3562 5074 magistri
3583 5007 3712 5055 equi·

503 5083 608 5130 tum
627 5094 722 5130 non
742 5083 898 5144 potuit
916 5080 1154 5131 omittere.
1170 5080 1260 5129 Sed
1273 5080 1376 5127 haec
1387 5078 1709 5141 excerptorad
1729 5077 1921 5126 insidias
1937 5090 2048 5129 suas
2066 5088 2320 5138 properans
2336 5072 2452 5122 nihil
2471 5071 2674 5120 curavit.
2692 5072 2918 5119 contras·
2935 5064 3051 5128 quid
3064 5064 3284 5113 librarius
3295 5067 3582 5125 peccavorit,
3603 5076 3713 5123 sup·

506 5149 730 5211 piendum
747 5153 824 5201 τὸν
845 5155 915 5200 ίπ.
944 5151 1184 5206 ἀποδείξας
1206 5150 1278 5198 vel
1300 5149 1499 5204 καλέσας
1518 5149 1730 5197 ἐκέλευσε
1750 5148 1825 5196 vel
1845 5149 1942 5197 tale
1959 5146 2091 5210 quid.
2110 5172 2172 5180 -
2190 5152 2264 5194 25.
2291 5140 2461 5204 ἐξῄει]
2480 5142 2583 5196 ἐξίει
2601 5138 2709 5187 cod.
2731 5142 2957 5188 Ceterum
2980 5134 3115 5215 locus
3134 5136 3292 5181 noster
3314 5132 3438 5180 male
3461 5135 3713 5180 truncatus

504 5222 592 5268 est.
613 5220 751 5269 Circa
763 5220 967 5270 mediam
983 5220 1172 5267 nortem
1194 5218 1422 5266 Servilius
1430 5216 1490 5264 ad
1500 5216 1781 5265 dictatorem
1799 5229 1850 5265 se
1863 5218 2079 5265 conferre
2094 5214 2253 5275 jussus
2264 5214 2384 5269 erat,
2397 5213 2451 5258 ut
2469 5222 2614 5270 supra
2629 5207 2850 5256 vidimus.
2875 5207 2976 5253 lloc
2997 5214 3148 5283 ipsum
3163 5200 3209 5248 h.
3227 5200 3258 5248 Ι.
3278 5203 3710 5249 commemoratum

504 5290 623 5336 erat.
648 5290 700 5336 ln
720 5302 850 5351 seqq.
876 5287 1040 5350 scripsi
1056 5287 1193 5334 ἕωθεν
1213 5298 1298 5347 pro
1316 5286 1496 5345 ἔξωθεν,
1515 5285 1645 5347 quod
1664 5284 1810 5333 codex
1832 5287 2027 5347 praebet.
2052 5309 2114 5319 -—
2130 5291 2207 5333 20.
2224 5279 2354 5342 ὑπὸ]
2372 5279 2445 5327 ἐπὶ
2460 5278 2566 5327 cod.
2591 5304 2648 5313 —
2665 5280 2741 5325 27.
2763 5279 3010 5331 ποιῆσαι
3030 5269 3112 5333 σε]
3130 5286 3376 5327 ποιησεσαι
3397 5269 3566 5317 codex.

3878 2916 3880 3009 l

3877 3110 3878 3193 i

3874 3284 3876 3375 1
