3900 6042
1240 371 1961 594 DIYLLUS
2046 466 3199 602 ATHENIENSIS.

682 959 970 1015 Diodorus
996 959 1125 1013 XVI
1144 1000 1159 1025 ‚
1196 963 1283 1023 14,
1306 965 1335 1022 4
1363 954 1434 1011 ad
1469 957 1557 1013 01.
1582 954 1714 1030 105,
1743 964 1798 1021 l..
1839 976 1891 1014 a.
1919 957 1982 1012 C.
2010 955 2158 1026 3575

606 1042 962 1113 Καλλισθένης
983 1043 1078 1113 τὴν
1100 1045 1201 1100 τῶν
1229 1040 1554 1114 Ἑλληνικῶν
1582 1042 1905 1120 πραγμάτων
1927 1042 2159 1120 ἱστορίαν

603 1129 827 1210 γέγραφε
854 1133 905 1188 ἐν
930 1129 1145 1208 βιὸλίοις
1169 1127 1325 1202 δέκα,
1349 1128 1440 1186 καὶ
1467 1127 1813 1208 κατίστροιρεν
1836 1130 1904 1193 εἰς
1936 1128 2031 1198 τὴν
2060 1151 2156 1185 κα-

602 1217 825 1295 τάληψιν
849 1222 937 1275 τοῦ
961 1219 1097 1295 ἱεροῦ
1116 1215 1207 1274 καὶ
1226 1214 1557 1296 παρανομίαν
1582 1215 1891 1291 Φιλομήλου
1914 1220 2003 1272 τοῦ
2029 1217 2157 1275 Φω·

602 1303 755 1370 κέως·
784 1304 1051 1369 Δίυλλος
1085 1302 1129 1359 δ’
1157 1307 1185 1361 ὁ
1214 1302 1538 1373 Ἀθηναῖος
1575 1293 1764 1381 ἦρκται
1800 1306 1893 1372 τῆς
1929 1302 2157 1382 ἱστορίας

602 1391 707 1449 ἀπὸ
734 1395 825 1462 τῆς
847 1388 1219 1469 ἱεροσυλήσεὶος
1250 1389 1341 1447 καὶ
1373 1388 1600 1469 γέγραφε
1630 1389 1840 1468 βίὸλους
1876 1388 2039 1447 εἴκοσι
2067 1389 2156 1447 καὶ

598 1476 760 1550 ἑπτὰ,
785 1474 1191 1555 συμπεριλαόὼν
1213 1473 1382 1543 πάσας
1408 1475 1500 1542 τὰς
1524 1478 1576 1533 ἐν
1606 1477 1710 1543 τοῖς
1735 1475 1935 1555 χρόνοις
1962 1474 2157 1542 τούτοις

599 1563 878 1640 γενομένας
903 1561 1110 1642 πράξεις
1130 1562 1251 1642 περί
1289 1585 1347 1621 τε
1380 1563 1474 1633 τὴν
1508 1561 1745 1622 Ἑλλάδα
1787 1561 1877 1620 καὶ
1916 1560 2011 1633 τὴν
2054 1563 2155 1621 Σι-

599 1650 794 1711 κελίαν.

520 1809 523 1810 ⁷
677 1739 836 1795 Idem
851 1740 1024 1809 xv1.,
1052 1738 1153 1809 76,
1182 1739 1215 1795 5
1237 1739 1311 1794 ad
1328 1740 1417 1795 Ol.
1453 1757 1586 1812 109,
1607 1744 1660 1804 4.
1696 1756 1745 1794 a.
1767 1738 1830 1794 C.
1858 1736 1965 1802 341
1991 1756 2006 1792 t
2028 1736 2151 1796 Τῶν

598 1823 652 1883 δὲ
690 1824 1028 1904 συγγραφέων
1054 1820 1282 1903 Ἔφορος
1324 1822 1420 1896 μὲν
1452 1826 1480 1882 ὁ
1522 1826 1754 1898 Κυμαῖος
1791 1820 1887 1892 τὴν
1923 1820 2152 1901 ἱστορίαν

597 1913 775 1970 ἐνθάδε
822 1912 1167 1990 κατέστροφεν
1217 1913 1287 1976 εἷς
1332 1908 1426 1980 τὴν
1480 1910 1731 1988 Περίνθου
1778 1908 2153 1986 πολιορκίαν...

597 1997 814 2063 Δίυλλος
854 1997 897 2053 δ’
920 2001 948 2054 ὁ
978 1996 1241 2071 Ἀθηναῖος
1268 2000 1360 2066 τῆς
1388 1993 1628 2075 δευτέρας
1667 1992 1948 2061 συντάξεως
1985 1994 2152 2074 ἀρχὴν

597 2085 876 2154 πεποίηται
903 2087 995 2154 τῆς
1023 2083 1244 2163 Ἐφόρου
1271 2083 1500 2163 ἱστορίας
1530 2082 1627 2154 τὴν
1654 2081 1916 2154 τελευτὴν,
1944 2083 2034 2140 καὶ
2060 2082 2153 2151 τὰς

596 2170 709 2239 ἑξῆς
753 2169 961 2249 πράξεις
1005 2171 1225 2249 συνείρει
1266 2169 1359 2236 τάς
1393 2193 1449 2229 τε
1489 2172 1592 2228 τῶν
1629 2168 1901 2239 Ἑλλήνων
1927 2168 2019 2227 καὶ
2049 2173 2150 2227 τῶν

598 2257 874 2337 βαρὸάρων
905 2257 1061 2337 μέχρι
1087 2263 1177 2329 τῆς
1205 2257 1479 2319 Φιλίππου
1506 2259 1765 2327 τελευτῆς.

673 2347 832 2403 Idem
877 2350 1057 2417 XXI,
1090 2348 1122 2405 5
1157 2347 1315 2422 (Exc.
1364 2345 1661 2421 Hoeschel.)
1713 2364 1728 2403 :
1763 2341 1893 2403 Ὅτι
1933 2342 2151 2412 Δίυλλος

596 2432 745 2500 (cod.
780 2431 1021 2510 Δίαλλος)
1051 2431 1313 2503 Ἀθηναῖος
1340 2430 1664 2511 συγγραφεὺς
1691 2428 1783 2495 τὰς
1804 2429 1978 2496 κοινὰς
2013 2429 2150 2509 πρά-

594 2517 692 2586 ξεις
719 2519 970 2588 συντάξας
999 2519 1192 2601 ἔγραψε
1227 2518 1407 2598 βιὸλία
1441 2518 1632 2578 εἴκοσιν
1664 2517 1717 2586 ἔξ
1757 2521 1939 2594 (supra
1987 2517 2148 2576 εἴκοσι

592 2604 682 2662 καὶ
708 2608 861 2684 ἑπτά)
877 2630 889 2644 ·
914 2608 1091 2668 Ψάων
1117 2607 1170 2665 δὲ
1195 2611 1223 2665 ὁ
1250 2605 1546 2670 Πλαταιεὺς
1572 2605 1663 2672 τὰς
1686 2605 1790 2663 ἀπὸ
1816 2604 1996 2664 τούτου
2035 2606 2146 2662 δια-

593 2690 865 2769 δεξάμενος
883 2694 1092 2775 πράξεις
1114 2694 1308 2775 ἔγραψε
1334 2693 1512 2773 βιὸλία
1531 2693 1827 2770 τριάκοντα.

670 2783 839 2854 Quod
866 2784 1142 2841 antecedit
1168 2788 1227 2839 in
1250 2785 1542 2857 Excerptis
1568 2783 1961 2839 Hoeschelianis
1986 2783 2146 2859 frag-

591 2880 841 2924 mentum
869 2880 947 2926 est
987 2871 1059 2926 de
1101 2872 1408 2945 Agathocle
1452 2872 1759 2927 Crotonem
1800 2883 2143 2944 occupante,

590 2956 739 3009 circa
766 2973 853 3009 an.
882 2973 996 3029 299
1019 2975 1068 3011 a.
1104 2958 1264 3025 Chr.;
1305 2957 1463 3028 quod
1489 2957 1743 3028 sequitur
1768 2956 2142 3031 fragmentum

591 3040 662 3095 de
703 3042 962 3097 Samnitis
990 3060 1022 3097 a
1048 3043 1225 3098 Fabio
1264 3042 1423 3098 clade
1456 3042 1667 3097 affectis
1694 3043 1939 3114 pertinet
1957 3043 2031 3099 ad
2046 3064 2143 3100 an—

590 3145 726 3181 num
751 3125 896 3200 295,
922 3129 1146 3202 Olymp.
1186 3147 1318 3203 121,
1342 3147 1395 3184 2.

665 3215 847 3288 Igitur
888 3215 1062 3287 Diyni
1102 3216 1345 3270 historiae
1390 3216 1450 3269 in
1486 3215 1679 3288 plures
1720 3210 1984 3281 συντάξεις
2028 3219 2142 3274 sive

582 3311 797 3372 partes,
824 3302 882 3355 in
910 3301 1085 3357 libros
1103 3320 1240 3358 vero
1266 3303 1465 3377 viginti
1490 3311 1701 3375 septem
1720 3304 1809 3357 vel
1829 3303 2026 3376 viginti
2046 3323 2141 3360 sex

587 3385 896 3441 distributae
942 3397 1126 3459 erant;
1154 3391 1336 3462 prima
1375 3407 1503 3463 pars
1546 3390 1784 3461 spatium
1832 3391 2140 3462 amplecte-

587 3472 754 3527 batur
797 3492 1077 3529 annorum
1115 3476 1358 3531 sedecim
1400 3473 1802 3551 (357—341),
1846 3476 2004 3547 cujus
2045 3478 2138 3532 hi-

584 3561 813 3613 storiam
828 3563 1221 3637 DemophiluS,
1233 3564 1450 3637 Ephori
1466 3565 1642 3637 patris
1661 3581 1803 3635 opus
1821 3564 2138 3633 absolvens,

583 3647 810 3701 summis
830 3658 1042 3703 tantum
1061 3650 1277 3706 lineolis
1305 3650 1771 3720 adumbraverat3
1800 3652 1974 3705 altera
2003 3669 2138 3706 con-

483 3791 489 3800 ,
585 3732 797 3788 tinebat
814 3752 937 3806 quae
950 3739 1309 3808 sequentibus
1324 3740 1481 3793 annis
1501 3739 1752 3811 quinque
1777 3735 1831 3816 (3
1841 3743 1872 3802 4
1886 3757 1908 3793 1
1922 3770 1993 3779 —
2003 3738 2134 3814 336)

583 3819 654 3872 ad
680 3819 896 3875 obitum
913 3840 1091 3895 usque
1113 3825 1357 3896 Philippi
1383 3834 1512 3879 sunt
1539 3835 1711 3899 gesta.

662 3904 743 3961 Ex
787 3910 963 3963 tertiae
1001 3912 1177 3983 partis
1215 3911 1364 3967 libro
1395 3929 1549 3966 nono
1584 3929 1672 3966 res
1700 3921 1981 3978 narratur,
2013 3929 2137 3983 quae

580 3995 823 4065 pertinet
863 3994 935 4050 ad
972 4014 1063 4050 an.
1108 3994 1218 4051 315
1263 4016 1315 4052 a.
1359 3999 1418 4055 C.
1450 4000 1755 4070 Quousque
1795 4008 1994 4051 auctor
2034 3996 2136 4053 de-

580 4080 883 4151 scenderit,
907 4085 1218 4139 accuratius
1243 4084 1473 4157 quidem
1503 4084 1725 4139 definiri
1749 4085 1969 4155 nequit,
1996 4102 2137 4157 pro-

579 4165 767 4222 babile
806 4186 942 4223 vero
978 4180 1059 4224 est
1084 4189 1212 4225 eum
1241 4172 1540 4225 substitisse
1569 4188 1639 4225 eo
1687 4171 1746 4223 in
1795 4187 1972 4238 anno,
2018 4188 2134 4242 quo

576 4254 757 4323 patria
776 4255 911 4309 urbs
933 4255 1228 4311 obsidione
1257 4266 1313 4311 et
1351 4256 1496 4312 fame
1530 4274 1715 4329 pressa
1735 4296 1754 4328 ,
1790 4267 1919 4328 post
1944 4256 2133 4330 sugam

577 4340 837 4395 Lacharis
870 4343 1115 4416 tyranni,
1138 4344 1426 4398 Demetrio
1459 4344 1788 4397 Poliorcetae
1814 4361 1929 4397 sese
1971 4342 2135 4398 dedi-

582 4423 685 4482 dit.
715 4421 779 4498 (¹³)
798 4427 967 4499 Quod
982 4428 1217 4502 contigit
1229 4430 1377 4484 circa
1388 4448 1596 4484 annum
1618 4427 1754 4503 295,
1771 4431 1853 4483 uti
1868 4430 2092 4486 videtur
2113 4447 2131 4486 t

582 4529 712 4589 nam
732 4531 802 4568 ne
814 4514 925 4568 hoc
954 4514 1182 4586 quidem
1198 4517 1601 4590 accuratissime
1614 4527 1883 4589 exputare
1903 4517 2036 4572 licet
2055 4520 2127 4591 (v,

484 4675 489 4681 ·
642 4648 851 4709 Diyllum
899 4651 1183 4701 statuarium
1233 4654 1469 4702 memorat
1526 4654 1783 4703 Pausanias
1816 4656 1893 4714 X,
1939 4659 2023 4716 13,
2071 4661 2131 4715 73

576 4718 726 4767 alium
760 4720 1094 4769 Atheniensem
1128 4721 1274 4771 habes
1309 4735 1386 4784 ap.
1413 4723 1601 4771 Boeckh.
1630 4726 1827 4785 c.l.1,
1851 4736 1896 4784 p.
1929 4730 2047 4783 220,
2082 4729 2130 4773 7.

641 4790 705 4848 (')
740 4788 1068 4839 Dahlmannus
1102 4790 1478 4853 (Fbraechunqcn
1508 4794 1627 4841 tom.
1650 4796 1697 4852 1,
1718 4806 1767 4853 p.
1801 4793 2133 4852 23)historias

575 4869 729 4918 usque
750 4858 811 4905 ad
831 4863 1034 4908 mortem
1059 4860 1326 4921 Agathoclis
1346 4860 1576 4911 damietae
1592 4875 1694 4911 esse
1714 4862 1917 4924 putavit.

1138 4979 1541 5071 nns'romffi.

1332 5146 1352 5193 1
1368 5179 1383 5193 .

642 5226 890 5286 Herodoto‘
916 5238 1247 5301 exprobratur,
1274 5242 1400 5304 quod
1435 5256 1657 5307 magnam
1680 5245 1742 5294 ab
1767 5245 2130 5296 Atheniensibus

2248 959 2496 1015 Clinton.
2548 958 2614 1016 F.
2669 961 2744 1015 H.
2788 978 2837 1015 a.
2888 977 3019 1032 299.
3061 962 3339 1032 Droysen.
3384 963 3671 1021 Hellenism.
3702 968 3738 1028 1,

2247 1064 2310 1117 p.
2328 1045 2434 1114 734
2451 1045 2486 1119 ).
2498 1042 2731 1100 —AEtas
2741 1048 3029 1120 scriptoris
3043 1065 3114 1102 ex
3127 1047 3335 1102 tradita
3346 1049 3419 1103 ab
3436 1051 3551 1122 ipso
3566 1052 3736 1108 historia

2249 1144 2304 1187 et
2326 1150 2393 1187 ex
2423 1133 2551 1187 loco
2578 1133 2860 1187 Plutarchi
2882 1133 3270 1188 constituenda
3294 1146 3400 1190 est.
3433 1138 3628 1191 Etenim
3647 1140 3739 1192 Plu-

2247 1220 2471 1274 tarchus
2503 1222 2588 1275 De
2619 1219 2764 1293 glor.
2787 1220 2990 1274 Athen.
3021 1238 3074 1274 c.
3106 1239 3128 1273 1
3160 1218 3236 1293 (p.
3261 1221 3383 1278 423
3422 1222 3615 1292 Didot.)
3637 1226 3740 1281 εΞε·

2245 1305 2439 1381 νοφόν,
2459 1306 2560 1374 ait,
2584 1301 2736 1368 αὐτὸς
2763 1305 2947 1360 ἑαυτοῦ
2975 1301 3178 1381 γέγονεν
3199 1306 3473 1383 ἱστορία...
3499 1310 3544 1364 οἱ
3567 1309 3613 1364 δὲ
3634 1309 3740 1364 ἄλλοι

2246 1387 2437 1452 πάντες
2448 1388 2717 1467 ἱστορικοὶ,
2734 1389 3096 1464 Κλειτόδημοι,
3111 1390 3350 1465 Δίυλλοι,
3365 1393 3650 1472 Φιλόχορος,
3661 1395 3740 1454 (bb

2244 1474 2459 1552 λαρχος,
2476 1475 2761 1553 ἀλλοτρίων
2786 1475 3058 1552 γεγόνασιν
3085 1476 3269 1555 ἔργων,
3291 1477 3480 1557 ὥσπερ
3504 1482 3740 1557 δραμάτων,

2246 1560 2535 1639 ὑποκριταί.
2566 1564 2911 1620 Clitodemus
2941 1563 3134 1620 floruit
3161 1569 3312 1622 inter
3345 1570 3434 1624 01.
3463 1587 3536 1641 90
3560 1580 3608 1624 et
3636 1588 3738 1634 roo,

2245 1648 2620 1706 Philochorus
2653 1651 2724 1706 ab
2774 1652 2863 1709 01.
2909 1671 3237 1727 119—129.
3269 1656 3468 1710 Medio
3511 1659 3638 1711 inter
3669 1657 3741 1710 hos

2244 1736 2433 1808 Diyllo
2472 1738 2806 1811 assignamus
2830 1750 3045 1812 tempus
3066 1740 3355 1810 medium,
3382 1740 3616 1798 floruisse
3649 1762 3739 1796 eun

2246 1820 2491 1879 dicentes
2528 1825 2600 1879 ab
2640 1826 2732 1884 Ol.
2777 1844 2885 1880 112
2932 1826 3007 1881 ad
3054 1828 3145 1885 Ol.
3187 1846 3294 1883 122
3344 1828 3741 1904 (Bo-290).-

2245 1908 2412 1980 Quod
2455 1913 2840 1966 auctoritatem
2889 1923 2946 1966 et
2985 1912 3190 1969 famam
3233 1917 3530 1988 scriptoris
3566 1918 3739 1978 attinet,

2244 1996 2375 2052 vide
2405 1997 2606 2072 frag-m.
2646 2017 2696 2068 1,
2726 1999 2825 2053 ubi
2854 1999 3156 2056 Plutarcho
3184 2001 3402 2058 dicitur
3427 1999 3554 2077 ἀνὴρ
3590 2002 3638 2057 οὐ
3669 2002 3739 2056 τῶν

2242 2081 2696 2158 παρημελημένων
2723 2085 2775 2142 ἐν
2803 2084 3304 2164 ἱστορία.-Αριιᾶ
3324 2092 3560 2145 Plinium
3579 2091 3742 2160 Daefltm

2241 2172 2525 2228 historicus
2544 2185 2867 2229 recensetur
2885 2175 3030 2229 inter
3051 2188 3341 2247 auctores,
3358 2196 3430 2234 ex
3444 2176 3741 2251 quibuslibet

2239 2262 2343 2316 VII
2379 2262 2517 2315 nist.
2539 2262 2665 2317 Nat.
2694 2263 3109 2318 consarcinatus
3135 2274 3240 2320 est.

2834 2404 3189 2465 ΙΣΤΟΡΙΑΙ.

2995 2561 3043 2600 1.

2316 2680 2597 2739 Plutarch.
2652 2684 2738 2737 De
2787 2681 3066 2737 Herodoti
3110 2683 3246 2737 mal.
3307 2703 3358 2739 c.
3407 2682 3482 2738 26
3524 2682 3596 2758 (ρ.
3635 2679 3744 2736 1050

2235 2767 2448 2834 Didot.)
2485 2787 2499 2821 z
2534 2763 2847 2844 (Ἡρόδοτος)
2882 2763 2976 2836 τὴν
3012 2765 3328 2838 διαὸολὴν...
3351 2768 3464 2847 ἔχει
3481 2765 3745 2829 κολακεύσας

2233 2850 2351 2918 τοὺς
2388 2851 2682 2923 Ἀθηναίους
2726 2851 2966 2932 ἀργύριον
3006 2852 3140 2911 πολὺ
3173 2853 3362 2913 λαόεἷν
3404 2857 3529 2934 παρ’
3555 2856 3740 2912 αὐτῶν...

2232 2936 2363 2998 Ὀτι
2401 2939 2577 3014 μέντοι
2604 2938 2727 2997 δέκα
2755 2940 2989 2997 τάλαντα
3017 2939 3213 3020 δωρεὰν
3243 2941 3440 3000 ἔλαὸεν
3478 2941 3527 3010 ἐξ
3553 2942 3743 3010 Ἀθηνῶν,

2235 3024 2440 3084 Ἀνύτου
2467 3025 2527 3084 τὸ
2549 3025 2797 3106 ψήφισμα
2822 3026 3139 3107 γράψαντος,
3164 3021 3300 3107 ἄνὴρ
3326 3029 3586 3102 Ἀθηναῖος
3603 3030 3651 3086 οὔ
3670 3030 3741 3083 τῶν

2232 3112 2686 3189 παρημελημένων
2715 3115 2767 3170 ἔν
2791 3113 3023 3193 ἱστορία,
3042 3113 3292 3186 Δίυλλος,
3311 3116 3533 3194 εἴρηκεν.

2311 3201 2392 3257 cf.
2422 3201 2622 3256 Euseb.
2645 3201 2942 3257 Chromad
2966 3203 3058 3259 Ol.
3088 3202 3183 3272 83,
3205 3210 3260 3267 4.
3287 3224 3342 3261 a.
3366 3206 3431 3260 C.
3456 3203 3596 3270 445:
3622 3199 3740 3274 Ἡρό-

2231 3285 2372 3351 δοτος
2402 3284 2621 3361 ἐτιμήθη
2650 3284 2799 3365 παρὰ
2821 3289 2928 3345 τῶν
2950 3286 3228 3358 Ἀθηναίων
3259 3290 3456 3367 βουλης
3477 3282 3742 3364 ewam&

2232 3372 2402 3437 αὐτοῖς
2435 3371 2551 3438 τοὺς
2588 3371 2878 3450 βίὸλους.«
2915 3377 3222 3432 Herodotus
3262 3396 3436 3450 quum
3475 3379 3626 3433 libms
3651 3393 3742 3428 sans

2228 3460 2466 3515 Athenis
2500 3463 2744 3533 legisset,
2774 3462 2981 3517 honore
3000 3460 3245 3534 affectus
3270 3476 3378 3519 est.
3399 3489 3426 3514 υ
3451 3464 3584 3520 vide
3603 3462 3740 3518 Dabl-

2229 3566 2418 3603 mann.
2451 3548 2843 3621 Forsclaeungen
2871 3559 2981 3605 etc.
3009 3552 3055 3619 1,
3071 3569 3130 3624 p.
3156 3550 3254 3619 32,
3284 3554 3388 3624 qui
3405 3552 3740 3608 recitationem

2229 3637 2372 3690 hanc
2389 3637 2551 3690 sicuti
2577 3642 2827 3705 alteram,
2851 3637 3223 3711 Olympicam,
3248 3641 3484 3694 serioris
3505 3640 3600 3693 aevi
3621 3654 3742 3691 eom-

2227 3732 2478 3776 mentum
2522 3723 2708 3779 habet.
2744 3725 2888 3794 ,Quae
2928 3727 3202 3782 sententia
3245 3725 3594 3782 adversarios
3619 3731 3740 3777 meta

2226 3811 2516 3882 plurimos.
2543 3814 2609 3870 V.
2639 3811 2819 3867 Baehr.
2861 3811 3080 3868 Herod.
3123 3823 3262 3866 tom.
3307 3814 3409 3882 IV,
3448 3833 3508 3886 p.
3547 3810 3645 3874 384
3676 3825 3739 3879 sq-

2229 3897 2408 3969 Heyse
2434 3900 2520 3952 De
2545 3898 2651 3956 vit.
2677 3897 2960 3953 Herodot.
2988 3915 3050 3971 p.
3083 3895 3156 3952 56
3183 3918 3198 3952 ε
3231 3923 3255 3947 «ι
3279 3896 3526 3954 Maxime
3555 3911 3741 3952 consen·

2227 3992 2453 4037 taneum
2481 4002 2595 4039 esse
2622 3984 2848 4040 videtur
2887 4002 3012 4039 eam
3048 3987 3400 4058 potissimam
3432 3996 3637 4059 partem
3665 3980 3741 4034 hac

2226 4071 2518 4126 occasione
2563 4072 2623 4125 in
2658 4070 2844 4126 lucem
2887 4081 3263 4145 protractam,
3290 4091 3421 4146 quae
3463 4071 3665 4128 Graecia
3702 4074 3740 4118 et

2224 4166 2352 4210 ante
2375 4176 2569 4212 omnes
2595 4159 3019 4213 Atheniensium
3046 4157 3273 4213 fortiter
3296 4170 3354 4214 et
3375 4160 3612 4234 gloriose
3635 4153 3742 4208 fam

2224 4245 2538 4302 enarrabat.
2573 4247 2832 4316 Quorum
2856 4246 3268 4300 enarrationem
3297 4247 3345 4301 si
3374 4246 3636 4301 audivisse
3655 4251 3740 4293 sta·

2225 4332 2397 4385 tueris
2432 4332 2827 4404 Athenienses,
2857 4331 3019 4387 facile
3054 4333 3334 4406 intelliges
3361 4352 3466 4388 cnr
3504 4350 3612 4386 non
3647 4326 3742 4381 satis

2220 4417 2326 4470 sibi
2348 4417 2650 4474 habuerint
2674 4418 2937 4474 laudibus
2974 4430 3032 4474 et
3067 4420 3269 4492 plausu
3303 4428 3616 4492 persecutos
3655 4425 3740 4466 esse

2223 4513 2538 4574 auctorem,
2576 4504 2675 4560 sed
2718 4506 2948 4578 insuper
2991 4507 3228 4578 praemio
3272 4523 3404 4560 euru
3434 4498 3736 4559 donaven‘nt

2221 4590 2516 4645 Praemium
2543 4593 2694 4646 enim
2713 4592 2967 4646 retulisse
2986 4609 3174 4663 neque
3193 4609 3302 4664 per
3322 4609 3381 4647 se
3407 4581 3737 4663 improbabile

2222 4686 2329 4746 est,
2352 4695 2538 4751 neque
2560 4696 2822 4752 magnum
2851 4679 3038 4733 virum
3062 4676 3302 4734 dedecet
3317 4718 3334 4747 ,
3358 4677 3535 4732 modo
3559 4691 3624 4729 ne
3639 4685 3737 4725 cor·

2220 4774 2450 4837 ruptum
2489 4764 2585 4820 sed
2615 4776 2879 4819 ornatum
2904 4765 3015 4820 hoc
3039 4765 3228 4837 pretio
3258 4783 3388 4820 eum
3426 4775 3598 4838 putes.
3633 4782 3654 4805 ¹·
3679 4782 3737 4796 ···

2218 4853 2405 4905 Locus
2422 4849 2596 4923 Diylli
2619 4868 2691 4906 ex
2715 4853 3002 4924 prooemio
3029 4853 3240 4926 petitus
3264 4870 3378 4907 esse
3401 4849 3636 4905 videtur.

2216 5017 2411 5076 propter
2428 5013 2753 5064 adulationem
2771 5017 3010 5078 acceperit
3030 5017 3323 5078 pecuniam..
3329 5017 3484 5064 ,δυο
3510 5012 3656 5061 decen
3675 5007 3732 5050 ⁸³·

2218 5092 2348 5141 lenta
2367 5094 2563 5143 Athenis
2584 5093 2712 5142 dono
2727 5094 2915 5144 venisse
2951 5094 3066 5157 ipsi,
3090 5099 3250 5157 Anyto
3274 5092 3527 5156 rogationis
3549 5087 3731 5136 auctare

2220 5170 2406 5231 Diyllus
2436 5172 2622 5234 scripsit
2654 5171 2977 5263 Atheniensis,
3006 5173 3152 5222 homo
3185 5173 3233 5222 in
3266 5171 3457 5223 historia
3493 5164 3611 5217 haud
3637 5171 3729 5209 001·

2219 5247 2517 5297 temnendus.
