<?xml version="1.0" encoding="UTF-8"?>
<!DOCTYPE html PUBLIC "-//W3C//DTD XHTML 1.0 Transitional//EN"
    "http://www.w3.org/TR/xhtml1/DTD/xhtml1-transitional.dtd">
<html xmlns="http://www.w3.org/1999/xhtml" xml:lang="en" lang="en">
 <head>
  <title>
</title>
<meta http-equiv="Content-Type" content="text/html;charset=utf-8" />
  <meta name='ocr-system' content='tesseract 3.04.00' />
  <meta name='ocr-capabilities' content='ocr_page ocr_carea ocr_par ocr_line ocrx_word'/>
</head>
<body>
  <div class='ocr_page' id='page_1' title='image "./fragmentahistor03unkngoog_0615.png"; bbox 0 0 3900 6042; ppageno 0'>
   <div class='ocr_carea' id='block_1_1' title="bbox 556 427 670 479">
    <p class='ocr_par' dir='ltr' id='par_1_1' title="bbox 556 427 670 479">
     <span class='ocr_line' id='line_1_1' title="bbox 556 427 670 479; baseline -0.009 -1"><span class='ocrx_word' id='word_1_1' title='bbox 556 427 670 479; x_wconf 69' lang='lat'><strong>⁵00</strong></span> 
     </span>
    </p>
   </div>
   <div class='ocr_carea' id='block_1_2' title="bbox 3265 12 3849 143">
    <p class='ocr_par' dir='ltr' id='par_1_2' title="bbox 3265 12 3849 143">
     <span class='ocr_line' id='line_1_2' title="bbox 3265 12 3849 143; baseline 0.007 -3"><span class='ocrx_word' id='word_1_2' title='bbox 3265 12 3849 143; x_wconf 63' lang='lat'><strong>¹-</strong></span> 
     </span>
    </p>
   </div>
   <div class='ocr_carea' id='block_1_3' title="bbox 3260 8 3854 148">
    <p class='ocr_par' dir='ltr' id='par_1_3' title="bbox 3260 8 3854 148">
     <span class='ocr_line' id='line_1_3' title="bbox 3260 8 3854 148; baseline 0 5894"><span class='ocrx_word' id='word_1_3' title='bbox 3260 8 3854 148; x_wconf 95' lang='lat' dir='ltr'><strong> </strong></span> 
     </span>
    </p>
   </div>
   <div class='ocr_carea' id='block_1_4' title="bbox 1598 413 2633 478">
    <p class='ocr_par' dir='ltr' id='par_1_4' title="bbox 1598 413 2633 478">
     <span class='ocr_line' id='line_1_4' title="bbox 1598 413 2633 478; baseline -0.001 -1"><span class='ocrx_word' id='word_1_4' title='bbox 1598 415 2110 477; x_wconf 70' lang='lat' dir='ltr'><strong>MANETflole</strong></span> <span class='ocrx_word' id='word_1_5' title='bbox 2153 413 2633 478; x_wconf 80' lang='lat' dir='ltr'><strong>SEBENNYTAE</strong></span> 
     </span>
    </p>
   </div>
   <div class='ocr_carea' id='block_1_5' title="bbox 547 536 3760 706">
    <p class='ocr_par' dir='ltr' id='par_1_5' title="bbox 547 536 3760 706">
     <span class='ocr_line' id='line_1_5' title="bbox 626 536 3760 647; baseline 0.001 -53"><span class='ocrx_word' id='word_1_6' title='bbox 626 539 796 612; x_wconf 86' lang='lat' dir='ltr'><strong>Quod</strong></span> <span class='ocrx_word' id='word_1_7' title='bbox 832 538 1039 594; x_wconf 87' lang='lat' dir='ltr'><strong>deinde</strong></span> <span class='ocrx_word' id='word_1_8' title='bbox 1083 538 1279 593; x_wconf 79' lang='lat' dir='ltr'><strong>attinet</strong></span> <span class='ocrx_word' id='word_1_9' title='bbox 1308 539 1885 611; x_wconf 84' lang='lat' dir='ltr'><strong>Heracleopolitarum</strong></span> <span class='ocrx_word' id='word_1_10' title='bbox 1928 539 2103 612; x_wconf 81' lang='lat' dir='ltr'><strong>dyna·</strong></span> <span class='ocrx_word' id='word_1_11' title='bbox 2193 539 2480 613; x_wconf 79' lang='grc' dir='ltr'>ναικῶνμο</span> <span class='ocrx_word' id='word_1_12' title='bbox 2412 536 2567 617; x_wconf 82' lang='grc' dir='ltr'>μόρια</span> <span class='ocrx_word' id='word_1_13' title='bbox 2580 543 2693 602; x_wconf 87' lang='grc' dir='ltr'>ταῖς</span> <span class='ocrx_word' id='word_1_14' title='bbox 2706 537 2921 609; x_wconf 74' lang='grc' dir='ltr'>στήλαις</span> <span class='ocrx_word' id='word_1_15' title='bbox 2937 539 3305 647; x_wconf 70' lang='grc' dir='ltr'>ἱγχαρᾶσσων,</span> <span class='ocrx_word' id='word_1_16' title='bbox 3323 542 3396 605; x_wconf 80' lang='grc' dir='ltr'><strong>ὥς</strong></span> <span class='ocrx_word' id='word_1_17' title='bbox 3421 541 3528 615; x_wconf 70' lang='lat' dir='ltr'><strong>(ita</strong></span> <span class='ocrx_word' id='word_1_18' title='bbox 3547 562 3760 617; x_wconf 68' lang='lat' dir='ltr'><strong>margo,</strong></span> 
     </span>
     <span class='ocr_line' id='line_1_6' title="bbox 547 612 3760 706; baseline 0.001 -24"><span class='ocrx_word' id='word_1_19' title='bbox 547 629 675 682; x_wconf 82' lang='lat' dir='ltr'><strong>stias</strong></span> <span class='ocrx_word' id='word_1_20' title='bbox 701 627 814 701; x_wconf 80' lang='lat' dir='ltr'><strong>(lx</strong></span> <span class='ocrx_word' id='word_1_21' title='bbox 842 637 899 681; x_wconf 88' lang='lat' dir='ltr'><strong>et</strong></span> <span class='ocrx_word' id='word_1_22' title='bbox 922 626 1033 697; x_wconf 81' lang='lat' dir='ltr'><strong>X),</strong></span> <span class='ocrx_word' id='word_1_23' title='bbox 1053 627 1264 699; x_wconf 78' lang='lat' dir='ltr'><strong>regiam</strong></span> <span class='ocrx_word' id='word_1_24' title='bbox 1294 644 1493 681; x_wconf 84' lang='lat' dir='ltr'><strong>eorum</strong></span> <span class='ocrx_word' id='word_1_25' title='bbox 1516 625 1677 680; x_wconf 80' lang='lat' dir='ltr'><strong>fuisse</strong></span> <span class='ocrx_word' id='word_1_26' title='bbox 1721 625 2106 698; x_wconf 81' lang='lat' dir='ltr'><strong>Heracleopo·</strong></span> <span class='ocrx_word' id='word_1_27' title='bbox 2197 622 2250 690; x_wconf 81' lang='grc' dir='ltr'><strong>ὃς</strong></span> <span class='ocrx_word' id='word_1_28' title='bbox 2272 626 2479 698; x_wconf 91' lang='lat' dir='ltr'><strong>codd.)</strong></span> <span class='ocrx_word' id='word_1_29' title='bbox 2507 623 2609 681; x_wconf 79' lang='grc' dir='ltr'><strong>ὑπὸ</strong></span> <span class='ocrx_word' id='word_1_30' title='bbox 2632 626 2926 702; x_wconf 75' lang='grc' dir='ltr'><strong>Αἰγυπτίων</strong></span> <span class='ocrx_word' id='word_1_31' title='bbox 2955 612 3103 705; x_wconf 77' lang='grc' dir='ltr'><strong>μετὰ</strong></span> <span class='ocrx_word' id='word_1_32' title='bbox 3118 621 3337 705; x_wconf 87' lang='grc' dir='ltr'>Ὄσιριν</span> <span class='ocrx_word' id='word_1_33' title='bbox 3359 631 3576 706; x_wconf 79' lang='grc' dir='ltr'>πρῶτον</span> <span class='ocrx_word' id='word_1_34' title='bbox 3613 652 3760 705; x_wconf 75' lang='grc' dir='ltr'>νομι-</span> 
     </span>
    </p>
   </div>
   <div class='ocr_carea' id='block_1_6' title="bbox 531 712 2103 3477">
    <p class='ocr_par' dir='ltr' id='par_1_6' title="bbox 531 712 2103 3477">
     <span class='ocr_line' id='line_1_7' title="bbox 546 712 2101 786; baseline 0 -19"><span class='ocrx_word' id='word_1_35' title='bbox 546 714 629 767; x_wconf 87' lang='lat' dir='ltr'><strong>lin</strong></span> <span class='ocrx_word' id='word_1_36' title='bbox 649 731 877 786; x_wconf 70' lang='lat' dir='ltr'><strong>parvam</strong></span> <span class='ocrx_word' id='word_1_37' title='bbox 906 714 963 766; x_wconf 90' lang='lat' dir='ltr'><strong>in</strong></span> <span class='ocrx_word' id='word_1_38' title='bbox 986 713 1268 767; x_wconf 85' lang='lat' dir='ltr'><strong>Sethroito</strong></span> <span class='ocrx_word' id='word_1_39' title='bbox 1294 731 1466 767; x_wconf 90' lang='lat' dir='ltr'><strong>nomo</strong></span> <span class='ocrx_word' id='word_1_40' title='bbox 1494 732 1614 767; x_wconf 89' lang='lat' dir='ltr'><strong>non</strong></span> <span class='ocrx_word' id='word_1_41' title='bbox 1632 714 1801 786; x_wconf 82' lang='lat' dir='ltr'><strong>longe</strong></span> <span class='ocrx_word' id='word_1_42' title='bbox 1822 731 1853 766; x_wconf 85' lang='lat' dir='ltr'><strong>a</strong></span> <span class='ocrx_word' id='word_1_43' title='bbox 1883 712 2101 767; x_wconf 89' lang='lat' dir='ltr'><strong>Pelusio</strong></span> 
     </span>
     <span class='ocr_line' id='line_1_8' title="bbox 548 800 2098 872; baseline -0.001 -19"><span class='ocrx_word' id='word_1_44' title='bbox 548 811 980 855; x_wconf 86' lang='lat' dir='ltr'><strong>consentaneum</strong></span> <span class='ocrx_word' id='word_1_45' title='bbox 1032 810 1113 853; x_wconf 85' lang='lat' dir='ltr'><strong>est</strong></span> <span class='ocrx_word' id='word_1_46' title='bbox 1130 840 1145 866; x_wconf 95' lang='lat'>‚</span> <span class='ocrx_word' id='word_1_47' title='bbox 1188 817 1363 871; x_wconf 88' lang='lat' dir='ltr'><strong>quum</strong></span> <span class='ocrx_word' id='word_1_48' title='bbox 1414 800 1832 872; x_wconf 86' lang='lat' dir='ltr'><strong>Heracleopolis</strong></span> <span class='ocrx_word' id='word_1_49' title='bbox 1864 817 2098 872; x_wconf 80' lang='lat' dir='ltr'><strong>magna,</strong></span> 
     </span>
     <span class='ocr_line' id='line_1_9' title="bbox 545 887 2103 961; baseline -0.002 -18"><span class='ocrx_word' id='word_1_50' title='bbox 545 904 726 961; x_wconf 82' lang='lat' dir='ltr'>prope</span> <span class='ocrx_word' id='word_1_51' title='bbox 755 887 1067 959; x_wconf 81' lang='lat' dir='ltr'>Memphin,</span> <span class='ocrx_word' id='word_1_52' title='bbox 1096 888 1325 941; x_wconf 84' lang='lat' dir='ltr'><strong>alteram</strong></span> <span class='ocrx_word' id='word_1_53' title='bbox 1353 888 1592 960; x_wconf 84' lang='lat' dir='ltr'><strong>regiam,</strong></span> <span class='ocrx_word' id='word_1_54' title='bbox 1609 888 1711 941; x_wconf 85' lang='lat' dir='ltr'><strong>sita</strong></span> <span class='ocrx_word' id='word_1_55' title='bbox 1747 887 2011 959; x_wconf 83' lang='lat' dir='ltr'><strong>assignari</strong></span> <span class='ocrx_word' id='word_1_56' title='bbox 2039 888 2103 941; x_wconf 89' lang='lat' dir='ltr'><strong>iis</strong></span> 
     </span>
     <span class='ocr_line' id='line_1_10' title="bbox 544 971 2101 1047; baseline -0.002 -19"><span class='ocrx_word' id='word_1_57' title='bbox 544 985 805 1047; x_wconf 84' lang='lat' dir='ltr'><strong>nequeat.</strong></span> <span class='ocrx_word' id='word_1_58' title='bbox 843 974 1147 1045; x_wconf 80' lang='lat' dir='ltr'><strong>Utriusque</strong></span> <span class='ocrx_word' id='word_1_59' title='bbox 1177 972 1438 1045; x_wconf 69' lang='lat' dir='ltr'><strong>dynastiae</strong></span> <span class='ocrx_word' id='word_1_60' title='bbox 1464 990 1620 1046; x_wconf 83' lang='lat' dir='ltr'><strong>reges</strong></span> <span class='ocrx_word' id='word_1_61' title='bbox 1645 972 1807 1026; x_wconf 80' lang='lat' dir='ltr'><strong>fuisse</strong></span> <span class='ocrx_word' id='word_1_62' title='bbox 1837 971 2101 1026; x_wconf 82' lang='lat' dir='ltr'><strong>dicuntur</strong></span> 
     </span>
     <span class='ocr_line' id='line_1_11' title="bbox 544 1055 2100 1134; baseline -0.003 -20"><span class='ocrx_word' id='word_1_63' title='bbox 544 1060 891 1134; x_wconf 77' lang='lat' dir='ltr'><strong>undeviginti</strong></span> <span class='ocrx_word' id='word_1_64' title='bbox 928 1059 1143 1115; x_wconf 84' lang='lat' dir='ltr'><strong>:altera</strong></span> <span class='ocrx_word' id='word_1_65' title='bbox 1188 1060 1441 1131; x_wconf 79' lang='lat' dir='ltr'><strong>regnavit</strong></span> <span class='ocrx_word' id='word_1_66' title='bbox 1477 1075 1582 1130; x_wconf 92' lang='lat' dir='ltr'><strong>per</strong></span> <span class='ocrx_word' id='word_1_67' title='bbox 1626 1076 1801 1113; x_wconf 83' lang='lat' dir='ltr'><strong>annos</strong></span> <span class='ocrx_word' id='word_1_68' title='bbox 1832 1055 1970 1124; x_wconf 80' lang='lat'><strong>185;</strong></span> <span class='ocrx_word' id='word_1_69' title='bbox 2002 1058 2100 1129; x_wconf 90' lang='lat' dir='ltr'><strong>qui</strong></span> 
     </span>
     <span class='ocr_line' id='line_1_12' title="bbox 546 1144 2103 1219; baseline -0.002 -18"><span class='ocrx_word' id='word_1_70' title='bbox 546 1147 778 1218; x_wconf 86' lang='lat' dir='ltr'><strong>quidem</strong></span> <span class='ocrx_word' id='word_1_71' title='bbox 803 1148 1015 1219; x_wconf 88' lang='lat' dir='ltr'><strong>optime</strong></span> <span class='ocrx_word' id='word_1_72' title='bbox 1038 1147 1345 1199; x_wconf 88' lang='lat' dir='ltr'><strong>concinunt</strong></span> <span class='ocrx_word' id='word_1_73' title='bbox 1378 1165 1506 1201; x_wconf 82' lang='lat' dir='ltr'><strong>eum</strong></span> <span class='ocrx_word' id='word_1_74' title='bbox 1528 1147 1685 1200; x_wconf 87' lang='lat' dir='ltr'><strong>annis</strong></span> <span class='ocrx_word' id='word_1_75' title='bbox 1720 1144 1825 1199; x_wconf 81' lang='lat'><strong>185</strong></span> <span class='ocrx_word' id='word_1_76' title='bbox 1854 1144 1871 1217; x_wconf 92' lang='lat'>(</span> <span class='ocrx_word' id='word_1_77' title='bbox 1893 1152 2000 1209; x_wconf 74' lang='lat'><strong>142</strong></span> <span class='ocrx_word' id='word_1_78' title='bbox 2018 1150 2103 1211; x_wconf 66' lang='grc'><strong>-1-</strong></span> 
     </span>
     <span class='ocr_line' id='line_1_13' title="bbox 547 1231 2101 1307; baseline -0.001 -20"><span class='ocrx_word' id='word_1_79' title='bbox 547 1232 646 1305; x_wconf 83' lang='grc'><strong>43)</strong></span> <span class='ocrx_word' id='word_1_80' title='bbox 665 1274 681 1301; x_wconf 91' lang='grc'>,</span> <span class='ocrx_word' id='word_1_81' title='bbox 704 1252 846 1307; x_wconf 86' lang='lat' dir='ltr'><strong>quos</strong></span> <span class='ocrx_word' id='word_1_82' title='bbox 864 1232 1125 1287; x_wconf 87' lang='lat' dir='ltr'><strong>Manetho</strong></span> <span class='ocrx_word' id='word_1_83' title='bbox 1151 1233 1347 1286; x_wconf 76' lang='lat' dir='ltr'><strong>tribuit</strong></span> <span class='ocrx_word' id='word_1_84' title='bbox 1386 1231 1645 1304; x_wconf 77' lang='lat' dir='ltr'><strong>dynastiae</strong></span> <span class='ocrx_word' id='word_1_85' title='bbox 1672 1233 1776 1286; x_wconf 89' lang='lat' dir='ltr'><strong>Vll</strong></span> <span class='ocrx_word' id='word_1_86' title='bbox 1809 1243 1864 1285; x_wconf 90' lang='lat' dir='ltr'><strong>et</strong></span> <span class='ocrx_word' id='word_1_87' title='bbox 1888 1232 1994 1285; x_wconf 81' lang='lat' dir='ltr'><strong>XI.</strong></span> <span class='ocrx_word' id='word_1_88' title='bbox 2028 1235 2101 1286; x_wconf 87' lang='lat' dir='ltr'><strong>At</strong></span> 
     </span>
     <span class='ocr_line' id='line_1_14' title="bbox 545 1317 2087 1392; baseline -0.002 -18"><span class='ocrx_word' id='word_1_89' title='bbox 545 1319 684 1392; x_wconf 89' lang='lat' dir='ltr'><strong>quid</strong></span> <span class='ocrx_word' id='word_1_90' title='bbox 730 1321 895 1376; x_wconf 85' lang='lat' dir='ltr'><strong>facies</strong></span> <span class='ocrx_word' id='word_1_91' title='bbox 921 1320 1078 1373; x_wconf 87' lang='lat' dir='ltr'><strong>annis</strong></span> <span class='ocrx_word' id='word_1_92' title='bbox 1102 1324 1215 1390; x_wconf 80' lang='grc'><strong>409</strong></span> <span class='ocrx_word' id='word_1_93' title='bbox 1259 1319 1465 1391; x_wconf 88' lang='lat' dir='ltr'><strong>prioris</strong></span> <span class='ocrx_word' id='word_1_94' title='bbox 1500 1319 1959 1374; x_wconf 81' lang='lat' dir='ltr'><strong>Heracleotarum</strong></span> <span class='ocrx_word' id='word_1_95' title='bbox 1990 1317 2087 1389; x_wconf 80' lang='lat' dir='ltr'><strong>dy-</strong></span> 
     </span>
     <span class='ocr_line' id='line_1_15' title="bbox 543 1404 2092 1478; baseline 0.001 -18"><span class='ocrx_word' id='word_1_96' title='bbox 543 1407 766 1461; x_wconf 80' lang='lat' dir='ltr'><strong>nastiae?</strong></span> <span class='ocrx_word' id='word_1_97' title='bbox 791 1408 935 1462; x_wconf 84' lang='lat' dir='ltr'><strong>Num</strong></span> <span class='ocrx_word' id='word_1_98' title='bbox 957 1405 1103 1460; x_wconf 83' lang='lat' dir='ltr'><strong>sorte</strong></span> <span class='ocrx_word' id='word_1_99' title='bbox 1133 1415 1340 1460; x_wconf 88' lang='lat' dir='ltr'><strong>temere</strong></span> <span class='ocrx_word' id='word_1_100' title='bbox 1378 1405 1516 1460; x_wconf 90' lang='lat' dir='ltr'><strong>duas</strong></span> <span class='ocrx_word' id='word_1_101' title='bbox 1558 1404 1834 1478; x_wconf 76' lang='lat' dir='ltr'><strong>dynastias</strong></span> <span class='ocrx_word' id='word_1_102' title='bbox 1869 1405 2092 1462; x_wconf 83' lang='lat' dir='ltr'><strong>Heracl.</strong></span> 
     </span>
     <span class='ocr_line' id='line_1_16' title="bbox 543 1492 2096 1566; baseline -0.003 -18"><span class='ocrx_word' id='word_1_103' title='bbox 543 1493 795 1548; x_wconf 85' lang='lat' dir='ltr'><strong>distinxit</strong></span> <span class='ocrx_word' id='word_1_104' title='bbox 815 1494 1077 1549; x_wconf 85' lang='lat' dir='ltr'><strong>Manetho</strong></span> <span class='ocrx_word' id='word_1_105' title='bbox 1091 1532 1108 1556; x_wconf 87' lang='lat'><strong>,</strong></span> <span class='ocrx_word' id='word_1_106' title='bbox 1136 1511 1310 1566; x_wconf 88' lang='lat' dir='ltr'><strong>quum</strong></span> <span class='ocrx_word' id='word_1_107' title='bbox 1326 1492 1715 1547; x_wconf 80' lang='lat' dir='ltr'><strong>novemdecim</strong></span> <span class='ocrx_word' id='word_1_108' title='bbox 1736 1510 1929 1547; x_wconf 89' lang='lat' dir='ltr'><strong>eorum</strong></span> <span class='ocrx_word' id='word_1_109' title='bbox 1949 1493 2096 1565; x_wconf 86' lang='lat' dir='ltr'><strong>regi·</strong></span> 
     </span>
     <span class='ocr_line' id='line_1_17' title="bbox 545 1580 2097 1653; baseline -0.003 -17"><span class='ocrx_word' id='word_1_110' title='bbox 545 1581 652 1636; x_wconf 88' lang='lat' dir='ltr'><strong>bus</strong></span> <span class='ocrx_word' id='word_1_111' title='bbox 677 1582 747 1636; x_wconf 91' lang='lat' dir='ltr'><strong>ab</strong></span> <span class='ocrx_word' id='word_1_112' title='bbox 767 1582 886 1637; x_wconf 86' lang='lat' dir='ltr'><strong>aliis</strong></span> <span class='ocrx_word' id='word_1_113' title='bbox 913 1587 1059 1653; x_wconf 81' lang='grc'>409,</span> <span class='ocrx_word' id='word_1_114' title='bbox 1082 1581 1154 1635; x_wconf 92' lang='lat' dir='ltr'><strong>ab</strong></span> <span class='ocrx_word' id='word_1_115' title='bbox 1176 1582 1294 1635; x_wconf 88' lang='lat' dir='ltr'><strong>aliis</strong></span> <span class='ocrx_word' id='word_1_116' title='bbox 1320 1580 1426 1635; x_wconf 83' lang='lat'><strong>185</strong></span> <span class='ocrx_word' id='word_1_117' title='bbox 1455 1598 1632 1635; x_wconf 88' lang='lat' dir='ltr'><strong>annos</strong></span> <span class='ocrx_word' id='word_1_118' title='bbox 1658 1580 1829 1633; x_wconf 87' lang='lat' dir='ltr'><strong>tribui</strong></span> <span class='ocrx_word' id='word_1_119' title='bbox 1854 1580 2097 1652; x_wconf 89' lang='lat' dir='ltr'><strong>reperis-</strong></span> 
     </span>
     <span class='ocr_line' id='line_1_18' title="bbox 540 1667 2094 1741; baseline -0.003 -18"><span class='ocrx_word' id='word_1_120' title='bbox 540 1668 658 1723; x_wconf 81' lang='lat' dir='ltr'><strong>set?</strong></span> <span class='ocrx_word' id='word_1_121' title='bbox 685 1669 990 1724; x_wconf 86' lang='lat' dir='ltr'><strong>Bunsenius</strong></span> <span class='ocrx_word' id='word_1_122' title='bbox 1015 1686 1078 1741; x_wconf 89' lang='lat' dir='ltr'><strong>p.</strong></span> <span class='ocrx_word' id='word_1_123' title='bbox 1100 1667 1211 1732; x_wconf 72' lang='lat'><strong>264</strong></span> <span class='ocrx_word' id='word_1_124' title='bbox 1238 1671 1313 1722; x_wconf 85' lang='lat' dir='ltr'><strong>ita</strong></span> <span class='ocrx_word' id='word_1_125' title='bbox 1332 1667 1870 1739; x_wconf 70' lang='lat' dir='ltr'><strong>turbas‘componit,</strong></span> <span class='ocrx_word' id='word_1_126' title='bbox 1893 1677 1958 1719; x_wconf 89' lang='lat' dir='ltr'><strong>ut</strong></span> <span class='ocrx_word' id='word_1_127' title='bbox 1975 1667 2094 1739; x_wconf 86' lang='lat' dir='ltr'><strong>pri·</strong></span> 
     </span>
     <span class='ocr_line' id='line_1_19' title="bbox 539 1752 2093 1830; baseline 0.001 -21"><span class='ocrx_word' id='word_1_128' title='bbox 539 1773 694 1810; x_wconf 89' lang='lat' dir='ltr'><strong>mum</strong></span> <span class='ocrx_word' id='word_1_129' title='bbox 723 1754 830 1830; x_wconf 75' lang='lat' dir='ltr'><strong>pr&#39;o</strong></span> <span class='ocrx_word' id='word_1_130' title='bbox 876 1760 990 1827; x_wconf 80' lang='grc'><strong>409</strong></span> <span class='ocrx_word' id='word_1_131' title='bbox 1031 1755 1200 1810; x_wconf 83' lang='lat' dir='ltr'><strong>scribi</strong></span> <span class='ocrx_word' id='word_1_132' title='bbox 1241 1754 1439 1827; x_wconf 87' lang='lat' dir='ltr'><strong>jubeat</strong></span> <span class='ocrx_word' id='word_1_133' title='bbox 1473 1771 1587 1826; x_wconf 81' lang='lat'><strong>209</strong></span> <span class='ocrx_word' id='word_1_134' title='bbox 1626 1752 1758 1827; x_wconf 76' lang='lat' dir='ltr'><strong>(CO</strong></span> <span class='ocrx_word' id='word_1_135' title='bbox 1783 1771 1893 1826; x_wconf 86' lang='lat' dir='ltr'><strong>pro</strong></span> <span class='ocrx_word' id='word_1_136' title='bbox 1933 1752 2093 1827; x_wconf 80' lang='grc' dir='ltr'>ΥΘ),</span> 
     </span>
     <span class='ocr_line' id='line_1_20' title="bbox 540 1840 2090 1914; baseline -0.001 -18"><span class='ocrx_word' id='word_1_137' title='bbox 540 1841 748 1898; x_wconf 89' lang='lat' dir='ltr'><strong>deinde</strong></span> <span class='ocrx_word' id='word_1_138' title='bbox 769 1852 1067 1914; x_wconf 86' lang='lat' dir='ltr'><strong>utramque</strong></span> <span class='ocrx_word' id='word_1_139' title='bbox 1091 1841 1398 1914; x_wconf 81' lang='lat' dir='ltr'><strong>dynastiam</strong></span> <span class='ocrx_word' id='word_1_140' title='bbox 1415 1841 1644 1896; x_wconf 88' lang='lat' dir='ltr'><strong>alteram</strong></span> <span class='ocrx_word' id='word_1_141' title='bbox 1652 1840 1813 1911; x_wconf 81' lang='lat' dir='ltr'><strong>juxta</strong></span> <span class='ocrx_word' id='word_1_142' title='bbox 1838 1842 2090 1909; x_wconf 86' lang='lat' dir='ltr'><strong>alteram,</strong></span> 
     </span>
     <span class='ocr_line' id='line_1_21' title="bbox 539 1919 2093 1994; baseline -0.001 -19"><span class='ocrx_word' id='word_1_143' title='bbox 539 1919 785 1994; x_wconf 85' lang='lat' dir='ltr'><strong>denique</strong></span> <span class='ocrx_word' id='word_1_144' title='bbox 810 1923 868 1975; x_wconf 89' lang='lat' dir='ltr'><strong>in</strong></span> <span class='ocrx_word' id='word_1_145' title='bbox 890 1932 1127 1992; x_wconf 85' lang='lat' dir='ltr'><strong>utraque</strong></span> <span class='ocrx_word' id='word_1_146' title='bbox 1154 1921 1344 1994; x_wconf 84' lang='lat' dir='ltr'><strong>plures</strong></span> <span class='ocrx_word' id='word_1_147' title='bbox 1379 1937 1536 1993; x_wconf 70' lang='lat' dir='ltr'><strong>reges</strong></span> <span class='ocrx_word' id='word_1_148' title='bbox 1561 1938 1673 1974; x_wconf 89' lang='lat' dir='ltr'><strong>una</strong></span> <span class='ocrx_word' id='word_1_149' title='bbox 1700 1937 1957 1992; x_wconf 82' lang='lat' dir='ltr'><strong>regnasse</strong></span> <span class='ocrx_word' id='word_1_150' title='bbox 1977 1930 2093 1974; x_wconf 84' lang='lat' dir='ltr'><strong>sta-</strong></span> 
     </span>
     <span class='ocr_line' id='line_1_22' title="bbox 539 2007 2092 2079; baseline -0.001 -18"><span class='ocrx_word' id='word_1_151' title='bbox 539 2018 679 2065; x_wconf 84' lang='lat' dir='ltr'><strong>tuat.</strong></span> <span class='ocrx_word' id='word_1_152' title='bbox 709 2009 971 2063; x_wconf 83' lang='lat' dir='ltr'><strong>Ceterum</strong></span> <span class='ocrx_word' id='word_1_153' title='bbox 999 2008 1188 2063; x_wconf 88' lang='lat' dir='ltr'><strong>omnia</strong></span> <span class='ocrx_word' id='word_1_154' title='bbox 1225 2009 1341 2062; x_wconf 81' lang='lat' dir='ltr'><strong>haec</strong></span> <span class='ocrx_word' id='word_1_155' title='bbox 1368 2019 1487 2062; x_wconf 90' lang='lat' dir='ltr'><strong>tum</strong></span> <span class='ocrx_word' id='word_1_156' title='bbox 1518 2008 1746 2062; x_wconf 89' lang='lat' dir='ltr'><strong>demum</strong></span> <span class='ocrx_word' id='word_1_157' title='bbox 1772 2007 2092 2079; x_wconf 86' lang='lat' dir='ltr'><strong>probabili-</strong></span> 
     </span>
     <span class='ocr_line' id='line_1_23' title="bbox 540 2092 2091 2167; baseline -0.003 -18"><span class='ocrx_word' id='word_1_158' title='bbox 540 2096 665 2149; x_wconf 88' lang='lat' dir='ltr'><strong>tatis</strong></span> <span class='ocrx_word' id='word_1_159' title='bbox 689 2096 928 2167; x_wconf 86' lang='lat' dir='ltr'><strong>speciem</strong></span> <span class='ocrx_word' id='word_1_160' title='bbox 965 2095 1205 2166; x_wconf 89' lang='lat' dir='ltr'><strong>aliquam</strong></span> <span class='ocrx_word' id='word_1_161' title='bbox 1235 2113 1351 2167; x_wconf 80' lang='lat' dir='ltr'><strong>prae</strong></span> <span class='ocrx_word' id='word_1_162' title='bbox 1377 2112 1435 2149; x_wconf 90' lang='lat' dir='ltr'><strong>se</strong></span> <span class='ocrx_word' id='word_1_163' title='bbox 1475 2094 1622 2149; x_wconf 86' lang='lat' dir='ltr'><strong>ferre</strong></span> <span class='ocrx_word' id='word_1_164' title='bbox 1648 2104 1835 2166; x_wconf 88' lang='lat' dir='ltr'><strong>patet,</strong></span> <span class='ocrx_word' id='word_1_165' title='bbox 1867 2093 1911 2147; x_wconf 86' lang='lat' dir='ltr'><strong>si</strong></span> <span class='ocrx_word' id='word_1_166' title='bbox 1938 2092 2091 2146; x_wconf 90' lang='lat' dir='ltr'><strong>illam</strong></span> 
     </span>
     <span class='ocr_line' id='line_1_24' title="bbox 537 2179 2093 2253; baseline -0.001 -18"><span class='ocrx_word' id='word_1_167' title='bbox 537 2179 611 2235; x_wconf 83' lang='lat' dir='ltr'><strong>de</strong></span> <span class='ocrx_word' id='word_1_168' title='bbox 629 2180 1011 2253; x_wconf 83' lang='lat' dir='ltr'><strong>dynastiamm</strong></span> <span class='ocrx_word' id='word_1_169' title='bbox 1037 2182 1460 2253; x_wconf 79' lang='lat' dir='ltr'><strong>synchronismo</strong></span> <span class='ocrx_word' id='word_1_170' title='bbox 1482 2181 1811 2236; x_wconf 85' lang='lat' dir='ltr'><strong>sententiam</strong></span> <span class='ocrx_word' id='word_1_171' title='bbox 1839 2179 2093 2251; x_wconf 77' lang='lat' dir='ltr'><strong>quamvis</strong></span> 
     </span>
     <span class='ocr_line' id='line_1_25' title="bbox 537 2265 2092 2342; baseline -0.001 -22"><span class='ocrx_word' id='word_1_172' title='bbox 537 2266 609 2321; x_wconf 88' lang='lat' dir='ltr'><strong>ab</strong></span> <span class='ocrx_word' id='word_1_173' title='bbox 652 2267 773 2342; x_wconf 85' lang='lat' dir='ltr'><strong>ipso</strong></span> <span class='ocrx_word' id='word_1_174' title='bbox 814 2267 1150 2322; x_wconf 86' lang='lat' dir='ltr'><strong>Manethone</strong></span> <span class='ocrx_word' id='word_1_175' title='bbox 1192 2286 1423 2340; x_wconf 85' lang='lat' dir='ltr'><strong>prorsus</strong></span> <span class='ocrx_word' id='word_1_176' title='bbox 1481 2268 1715 2322; x_wconf 88' lang='lat' dir='ltr'><strong>alienam</strong></span> <span class='ocrx_word' id='word_1_177' title='bbox 1732 2308 1748 2334; x_wconf 91' lang='lat'><strong>,</strong></span> <span class='ocrx_word' id='word_1_178' title='bbox 1787 2276 1975 2320; x_wconf 89' lang='lat' dir='ltr'><strong>tamen</strong></span> <span class='ocrx_word' id='word_1_179' title='bbox 2018 2265 2092 2319; x_wconf 87' lang='lat' dir='ltr'><strong>ad</strong></span> 
     </span>
     <span class='ocr_line' id='line_1_26' title="bbox 535 2354 2088 2429; baseline -0.001 -21"><span class='ocrx_word' id='word_1_180' title='bbox 535 2372 681 2410; x_wconf 64' lang='lat' dir='ltr'><strong>verm</strong></span> <span class='ocrx_word' id='word_1_181' title='bbox 701 2355 945 2410; x_wconf 66' lang='lat' dir='ltr'><strong>historiae</strong></span> <span class='ocrx_word' id='word_1_182' title='bbox 972 2355 1397 2429; x_wconf 82' lang='lat' dir='ltr'><strong>chronologiam</strong></span> <span class='ocrx_word' id='word_1_183' title='bbox 1424 2354 1869 2410; x_wconf 87' lang='lat' dir='ltr'><strong>adumbrandam</strong></span> <span class='ocrx_word' id='word_1_184' title='bbox 1896 2354 2088 2426; x_wconf 89' lang='lat' dir='ltr'><strong>aliquo</strong></span> 
     </span>
     <span class='ocr_line' id='line_1_27' title="bbox 534 2441 2089 2510; baseline -0.002 -13"><span class='ocrx_word' id='word_1_185' title='bbox 534 2442 712 2498; x_wconf 86' lang='lat' dir='ltr'><strong>modo</strong></span> <span class='ocrx_word' id='word_1_186' title='bbox 729 2482 745 2510; x_wconf 90' lang='lat'>‚</span> <span class='ocrx_word' id='word_1_187' title='bbox 774 2444 1135 2499; x_wconf 87' lang='lat' dir='ltr'><strong>necessariam</strong></span> <span class='ocrx_word' id='word_1_188' title='bbox 1154 2461 1266 2500; x_wconf 85' lang='lat' dir='ltr'><strong>esse</strong></span> <span class='ocrx_word' id='word_1_189' title='bbox 1286 2443 1635 2501; x_wconf 78' lang='lat' dir='ltr'><strong>concesseris,</strong></span> <span class='ocrx_word' id='word_1_190' title='bbox 1658 2472 1738 2485; x_wconf 90' lang='lat'>—</span> <span class='ocrx_word' id='word_1_191' title='bbox 1756 2441 1915 2497; x_wconf 89' lang='lat' dir='ltr'><strong>Idem</strong></span> <span class='ocrx_word' id='word_1_192' title='bbox 1937 2442 2089 2495; x_wconf 87' lang='lat' dir='ltr'><strong>Bun-</strong></span> 
     </span>
     <span class='ocr_line' id='line_1_28' title="bbox 532 2528 2089 2605; baseline -0.001 -19"><span class='ocrx_word' id='word_1_193' title='bbox 532 2532 718 2586; x_wconf 81' lang='lat' dir='ltr'><strong>senius</strong></span> <span class='ocrx_word' id='word_1_194' title='bbox 740 2548 801 2604; x_wconf 87' lang='lat' dir='ltr'><strong>p.</strong></span> <span class='ocrx_word' id='word_1_195' title='bbox 831 2530 973 2602; x_wconf 77' lang='lat'><strong>267,</strong></span> <span class='ocrx_word' id='word_1_196' title='bbox 1001 2529 1314 2600; x_wconf 76' lang='lat' dir='ltr'><strong>Ochthoen,</strong></span> <span class='ocrx_word' id='word_1_197' title='bbox 1347 2534 1554 2605; x_wconf 87' lang='lat' dir='ltr'><strong>prioris</strong></span> <span class='ocrx_word' id='word_1_198' title='bbox 1576 2531 1799 2588; x_wconf 87' lang='lat' dir='ltr'><strong>Heracl.</strong></span> <span class='ocrx_word' id='word_1_199' title='bbox 1824 2528 2089 2604; x_wconf 80' lang='lat' dir='ltr'><strong>dynastiae</strong></span> 
     </span>
     <span class='ocr_line' id='line_1_29' title="bbox 535 2620 2091 2694; baseline 0 -21"><span class='ocrx_word' id='word_1_200' title='bbox 535 2628 820 2673; x_wconf 84' lang='lat' dir='ltr'><strong>auctorem</strong></span> <span class='ocrx_word' id='word_1_201' title='bbox 839 2659 856 2688; x_wconf 91' lang='lat'><strong>,</strong></span> <span class='ocrx_word' id='word_1_202' title='bbox 887 2637 1076 2694; x_wconf 83' lang='lat' dir='ltr'><strong>regem</strong></span> <span class='ocrx_word' id='word_1_203' title='bbox 1103 2621 1484 2688; x_wconf 75' lang='lat' dir='ltr'><strong>saevissimum,</strong></span> <span class='ocrx_word' id='word_1_204' title='bbox 1515 2620 1758 2675; x_wconf 90' lang='lat' dir='ltr'><strong>eundem</strong></span> <span class='ocrx_word' id='word_1_205' title='bbox 1791 2636 1903 2674; x_wconf 88' lang='lat' dir='ltr'><strong>esse</strong></span> <span class='ocrx_word' id='word_1_206' title='bbox 1928 2628 2091 2691; x_wconf 88' lang='lat' dir='ltr'><strong>putat</strong></span> 
     </span>
     <span class='ocr_line' id='line_1_30' title="bbox 535 2704 2088 2780; baseline 0.001 -21"><span class='ocrx_word' id='word_1_207' title='bbox 535 2722 665 2759; x_wconf 88' lang='lat' dir='ltr'><strong>cum</strong></span> <span class='ocrx_word' id='word_1_208' title='bbox 686 2707 973 2769; x_wconf 81' lang='lat' dir='ltr'><strong>Actisane.</strong></span> <span class='ocrx_word' id='word_1_209' title='bbox 1003 2724 1173 2778; x_wconf 89' lang='lat' dir='ltr'><strong>quem</strong></span> <span class='ocrx_word' id='word_1_210' title='bbox 1198 2706 1486 2763; x_wconf 86' lang='lat' dir='ltr'><strong>Diodorus</strong></span> <span class='ocrx_word' id='word_1_211' title='bbox 1513 2706 1603 2780; x_wconf 92' lang='grc' dir='ltr'><strong>(Ι,</strong></span> <span class='ocrx_word' id='word_1_212' title='bbox 1633 2707 1737 2775; x_wconf 89' lang='lat'><strong>60,</strong></span> <span class='ocrx_word' id='word_1_213' title='bbox 1767 2704 1837 2780; x_wconf 67' lang='grc' dir='ltr'>α)</span> <span class='ocrx_word' id='word_1_214' title='bbox 1867 2707 2088 2762; x_wconf 88' lang='lat' dir='ltr'><strong>AEthio·</strong></span> 
     </span>
     <span class='ocr_line' id='line_1_31' title="bbox 534 2793 2090 2867; baseline 0.001 -20"><span class='ocrx_word' id='word_1_215' title='bbox 534 2809 666 2864; x_wconf 88' lang='lat' dir='ltr'><strong>pem</strong></span> <span class='ocrx_word' id='word_1_216' title='bbox 682 2834 698 2861; x_wconf 85' lang='lat'><strong>,</strong></span> <span class='ocrx_word' id='word_1_217' title='bbox 732 2811 1033 2867; x_wconf 85' lang='lat' dir='ltr'><strong>regemque</strong></span> <span class='ocrx_word' id='word_1_218' title='bbox 1049 2793 1407 2864; x_wconf 83' lang='lat' dir='ltr'><strong>justissimum</strong></span> <span class='ocrx_word' id='word_1_219' title='bbox 1425 2834 1443 2862; x_wconf 93' lang='lat'>‚</span> <span class='ocrx_word' id='word_1_220' title='bbox 1469 2804 1638 2867; x_wconf 86' lang='lat' dir='ltr'><strong>atque</strong></span> <span class='ocrx_word' id='word_1_221' title='bbox 1665 2796 1875 2850; x_wconf 86' lang='lat' dir='ltr'><strong>Amasis</strong></span> <span class='ocrx_word' id='word_1_222' title='bbox 1902 2812 2090 2866; x_wconf 77' lang='lat' dir='ltr'><strong>:equa-</strong></span> 
     </span>
     <span class='ocr_line' id='line_1_32' title="bbox 535 2881 2088 2959; baseline 0.001 -24"><span class='ocrx_word' id='word_1_223' title='bbox 535 2881 646 2936; x_wconf 89' lang='lat' dir='ltr'><strong>lem</strong></span> <span class='ocrx_word' id='word_1_224' title='bbox 677 2881 927 2959; x_wconf 84' lang='lat' dir='ltr'><strong>(Amasin</strong></span> <span class='ocrx_word' id='word_1_225' title='bbox 951 2900 1088 2937; x_wconf 78' lang='lat' dir='ltr'><strong>vero</strong></span> <span class='ocrx_word' id='word_1_226' title='bbox 1115 2883 1304 2937; x_wconf 85' lang='lat' dir='ltr'><strong>multis</strong></span> <span class='ocrx_word' id='word_1_227' title='bbox 1338 2882 1535 2937; x_wconf 85' lang='lat' dir='ltr'><strong>seculis</strong></span> <span class='ocrx_word' id='word_1_228' title='bbox 1559 2893 1689 2955; x_wconf 85' lang='lat' dir='ltr'><strong>post</strong></span> <span class='ocrx_word' id='word_1_229' title='bbox 1725 2882 2088 2951; x_wconf 64' lang='lat' dir='ltr'><strong>Sesostridem</strong></span> 
     </span>
     <span class='ocr_line' id='line_1_33' title="bbox 532 2964 2089 3043; baseline 0.001 -20"><span class='ocrx_word' id='word_1_230' title='bbox 532 2969 817 3043; x_wconf 81' lang='lat' dir='ltr'><strong>regnasse)</strong></span> <span class='ocrx_word' id='word_1_231' title='bbox 862 2966 1014 3022; x_wconf 84' lang='lat' dir='ltr'><strong>dicit.</strong></span> <span class='ocrx_word' id='word_1_232' title='bbox 1056 2964 1170 3023; x_wconf 88' lang='lat' dir='ltr'><strong>Sed</strong></span> <span class='ocrx_word' id='word_1_233' title='bbox 1218 2987 1420 3042; x_wconf 85' lang='lat' dir='ltr'><strong>parum</strong></span> <span class='ocrx_word' id='word_1_234' title='bbox 1461 2969 1578 3023; x_wconf 83' lang='lat' dir='ltr'><strong>haec</strong></span> <span class='ocrx_word' id='word_1_235' title='bbox 1614 2969 1931 3024; x_wconf 78' lang='lat' dir='ltr'><strong>verisimilia</strong></span> <span class='ocrx_word' id='word_1_236' title='bbox 1975 2988 2089 3025; x_wconf 87' lang='lat' dir='ltr'><strong>esse</strong></span> 
     </span>
     <span class='ocr_line' id='line_1_34' title="bbox 531 3054 2089 3127; baseline 0.001 -17"><span class='ocrx_word' id='word_1_237' title='bbox 531 3055 670 3110; x_wconf 87' lang='lat' dir='ltr'><strong>mihi</strong></span> <span class='ocrx_word' id='word_1_238' title='bbox 705 3054 990 3109; x_wconf 78' lang='lat' dir='ltr'><strong>videntur.</strong></span> <span class='ocrx_word' id='word_1_239' title='bbox 1028 3056 1171 3110; x_wconf 88' lang='lat' dir='ltr'><strong>Nam</strong></span> <span class='ocrx_word' id='word_1_240' title='bbox 1199 3054 1356 3127; x_wconf 88' lang='lat' dir='ltr'><strong>quod</strong></span> <span class='ocrx_word' id='word_1_241' title='bbox 1383 3054 1671 3111; x_wconf 87' lang='lat' dir='ltr'><strong>Diodorus</strong></span> <span class='ocrx_word' id='word_1_242' title='bbox 1700 3067 1891 3111; x_wconf 84' lang='lat' dir='ltr'><strong>narrat</strong></span> <span class='ocrx_word' id='word_1_243' title='bbox 1931 3059 2089 3113; x_wconf 86' lang='lat' dir='ltr'><strong>Acti—</strong></span> 
     </span>
     <span class='ocr_line' id='line_1_35' title="bbox 532 3138 2091 3217; baseline 0.001 -21"><span class='ocrx_word' id='word_1_244' title='bbox 532 3157 719 3196; x_wconf 80' lang='lat' dir='ltr'><strong>sanem</strong></span> <span class='ocrx_word' id='word_1_245' title='bbox 757 3140 1019 3217; x_wconf 24' lang='lat' dir='ltr'><strong>homines·</strong></span> <span class='ocrx_word' id='word_1_246' title='bbox 1034 3138 1317 3195; x_wconf 84' lang='lat' dir='ltr'><strong>maleficos</strong></span> <span class='ocrx_word' id='word_1_247' title='bbox 1351 3158 1383 3195; x_wconf 92' lang='lat' dir='ltr'><strong>e</strong></span> <span class='ocrx_word' id='word_1_248' title='bbox 1412 3149 1531 3195; x_wconf 87' lang='lat' dir='ltr'><strong>tota</strong></span> <span class='ocrx_word' id='word_1_249' title='bbox 1550 3142 1796 3215; x_wconf 79' lang='lat' dir='ltr'><strong>AEgypto</strong></span> <span class='ocrx_word' id='word_1_250' title='bbox 1827 3143 2091 3198; x_wconf 85' lang='lat' dir='ltr'><strong>collectos</strong></span> 
     </span>
     <span class='ocr_line' id='line_1_36' title="bbox 532 3226 2087 3303; baseline 0.003 -22"><span class='ocrx_word' id='word_1_251' title='bbox 532 3228 594 3281; x_wconf 87' lang='lat' dir='ltr'><strong>in</strong></span> <span class='ocrx_word' id='word_1_252' title='bbox 628 3228 855 3281; x_wconf 86' lang='lat' dir='ltr'><strong>ultimos</strong></span> <span class='ocrx_word' id='word_1_253' title='bbox 885 3228 1045 3301; x_wconf 82' lang='lat' dir='ltr'><strong>regni</strong></span> <span class='ocrx_word' id='word_1_254' title='bbox 1071 3226 1214 3282; x_wconf 84' lang='lat' dir='ltr'><strong>fines</strong></span> <span class='ocrx_word' id='word_1_255' title='bbox 1246 3227 1591 3303; x_wconf 86' lang='lat' dir='ltr'><strong>deportasse,</strong></span> <span class='ocrx_word' id='word_1_256' title='bbox 1624 3228 1820 3302; x_wconf 87' lang='lat' dir='ltr'><strong>ibique</strong></span> <span class='ocrx_word' id='word_1_257' title='bbox 1861 3230 2087 3285; x_wconf 88' lang='lat' dir='ltr'><strong>Rhino—</strong></span> 
     </span>
     <span class='ocr_line' id='line_1_37' title="bbox 533 3313 2090 3393; baseline 0.003 -24"><span class='ocrx_word' id='word_1_258' title='bbox 533 3314 788 3369; x_wconf 87' lang='lat' dir='ltr'><strong>coluram</strong></span> <span class='ocrx_word' id='word_1_259' title='bbox 826 3313 1144 3370; x_wconf 83' lang='lat' dir='ltr'><strong>condidisse</strong></span> <span class='ocrx_word' id='word_1_260' title='bbox 1160 3356 1176 3384; x_wconf 95' lang='lat'><strong>,</strong></span> <span class='ocrx_word' id='word_1_261' title='bbox 1204 3314 1339 3370; x_wconf 85' lang='lat' dir='ltr'><strong>inde</strong></span> <span class='ocrx_word' id='word_1_262' title='bbox 1369 3332 1536 3370; x_wconf 90' lang='lat' dir='ltr'><strong>nemo</strong></span> <span class='ocrx_word' id='word_1_263' title='bbox 1561 3314 1849 3391; x_wconf 85' lang='lat' dir='ltr'><strong>collegerit</strong></span> <span class='ocrx_word' id='word_1_264' title='bbox 1878 3319 2090 3393; x_wconf 81' lang='lat' dir='ltr'><strong>regiam</strong></span> 
     </span>
     <span class='ocr_line' id='line_1_38' title="bbox 532 3402 1897 3477; baseline 0.004 -20"><span class='ocrx_word' id='word_1_265' title='bbox 532 3403 800 3458; x_wconf 85' lang='lat' dir='ltr'><strong>Actisanis</strong></span> <span class='ocrx_word' id='word_1_266' title='bbox 826 3420 943 3457; x_wconf 87' lang='lat' dir='ltr'><strong>non</strong></span> <span class='ocrx_word' id='word_1_267' title='bbox 963 3404 1131 3477; x_wconf 87' lang='lat' dir='ltr'><strong>longe</strong></span> <span class='ocrx_word' id='word_1_268' title='bbox 1158 3402 1395 3458; x_wconf 80' lang='lat' dir='ltr'><strong>abfuisse</strong></span> <span class='ocrx_word' id='word_1_269' title='bbox 1422 3421 1455 3458; x_wconf 89' lang='lat' dir='ltr'><strong>a</strong></span> <span class='ocrx_word' id='word_1_270' title='bbox 1480 3404 1897 3462; x_wconf 85' lang='lat' dir='ltr'><strong>Rhinocoluris.</strong></span> 
     </span>
    </p>
   </div>
   <div class='ocr_carea' id='block_1_7' title="bbox 1218 3547 1450 3560">
    <p class='ocr_par' dir='ltr' id='par_1_7' title="bbox 1218 3547 1450 3560">
     <span class='ocr_line' id='line_1_39' title="bbox 1218 3547 1450 3560; baseline 0 0"><span class='ocrx_word' id='word_1_271' title='bbox 1218 3547 1450 3560; x_wconf 95' lang='lat' dir='ltr'><strong> </strong></span> 
     </span>
    </p>
   </div>
   <div class='ocr_carea' id='block_1_8' title="bbox 908 3636 1701 3708">
    <p class='ocr_par' dir='ltr' id='par_1_8' title="bbox 908 3636 1701 3708">
     <span class='ocr_line' id='line_1_40' title="bbox 908 3636 1701 3708; baseline 0.006 -6"><span class='ocrx_word' id='word_1_272' title='bbox 908 3637 1168 3703; x_wconf 87' lang='lat' dir='ltr'><strong>LIBER</strong></span> <span class='ocrx_word' id='word_1_273' title='bbox 1211 3636 1701 3708; x_wconf 87' lang='lat' dir='ltr'><strong>SECUNDUS.</strong></span> 
     </span>
    </p>
   </div>
   <div class='ocr_carea' id='block_1_9' title="bbox 860 3800 1754 4008">
    <p class='ocr_par' dir='ltr' id='par_1_9' title="bbox 860 3800 1754 4008">
     <span class='ocr_line' id='line_1_41' title="bbox 860 3800 1754 3863; baseline 0.009 -8"><span class='ocrx_word' id='word_1_274' title='bbox 860 3800 1297 3860; x_wconf 84' lang='lat' dir='ltr'><strong>DUODECIMA</strong></span> <span class='ocrx_word' id='word_1_275' title='bbox 1374 3805 1754 3863; x_wconf 83' lang='lat' dir='ltr'><strong>DYNASTIA.</strong></span> 
     </span>
     <span class='ocr_line' id='line_1_42' title="bbox 1256 3940 1349 4008; baseline 0.032 -12"><span class='ocrx_word' id='word_1_276' title='bbox 1256 3940 1349 4008; x_wconf 76' lang='lat'><strong>34.</strong></span> 
     </span>
    </p>
   </div>
   <div class='ocr_carea' id='block_1_10' title="bbox 605 4079 2063 4282">
    <p class='ocr_par' dir='ltr' id='par_1_10' title="bbox 605 4079 2046 4282">
     <span class='ocr_line' id='line_1_43' title="bbox 776 4079 1750 4165; baseline 0.005 -30"><span class='ocrx_word' id='word_1_277' title='bbox 776 4126 795 4165; x_wconf 58' lang='lat' dir='ltr'><em>s</em></span> <span class='ocrx_word' id='word_1_278' title='bbox 858 4079 1259 4138; x_wconf 83' lang='lat' dir='ltr'><strong>SECUNDUM</strong></span> <span class='ocrx_word' id='word_1_279' title='bbox 1299 4084 1750 4142; x_wconf 84' lang='lat' dir='ltr'><strong>AFRICANUM.</strong></span> 
     </span>
     <span class='ocr_line' id='line_1_44' title="bbox 605 4198 2063 4282; baseline 0.008 -27"><span class='ocrx_word' id='word_1_280' title='bbox 605 4198 843 4272; x_wconf 79' lang='lat' dir='ltr'><strong>Syncell.</strong></span> <span class='ocrx_word' id='word_1_281' title='bbox 867 4218 929 4274; x_wconf 87' lang='lat' dir='ltr'><strong>p.</strong></span> <span class='ocrx_word' id='word_1_282' title='bbox 956 4199 1061 4274; x_wconf 88' lang='lat'><strong>69,</strong></span> <span class='ocrx_word' id='word_1_283' title='bbox 1092 4203 1175 4258; x_wconf 84' lang='lat' dir='ltr'><strong>C:</strong></span> <span class='ocrx_word' id='word_1_284' title='bbox 1202 4200 2063 4282; x_wconf 70' lang='grc' dir='ltr'>ΔευτέρουτόμουΜανεθῶ.</span> 
     </span>
    </p>
   </div>
   <div class='ocr_carea' id='block_1_11' title="bbox 523 4283 2082 5241">
    <p class='ocr_par' dir='ltr' id='par_1_11' title="bbox 529 4283 2082 4428">
     <span class='ocr_line' id='line_1_45' title="bbox 606 4283 2082 4373; baseline 0.009 -32"><span class='ocrx_word' id='word_1_285' title='bbox 606 4283 957 4355; x_wconf 76' lang='grc' dir='ltr'>Δωδεκάτη</span> <span class='ocrx_word' id='word_1_286' title='bbox 992 4286 1357 4346; x_wconf 71' lang='grc' dir='ltr'>δυναστεία</span> <span class='ocrx_word' id='word_1_287' title='bbox 1413 4293 1860 4351; x_wconf 84' lang='grc' dir='ltr'>Διοσπολιτῶν</span> <span class='ocrx_word' id='word_1_288' title='bbox 1900 4299 2082 4373; x_wconf 88' lang='grc' dir='ltr'>βασι-</span> 
     </span>
     <span class='ocr_line' id='line_1_46' title="bbox 529 4368 897 4430; baseline 0.006 -4"><span class='ocrx_word' id='word_1_289' title='bbox 529 4368 685 4427; x_wconf 75' lang='grc' dir='ltr'>λέων</span> <span class='ocrx_word' id='word_1_290' title='bbox 717 4370 897 4430; x_wconf 67' lang='grc' dir='ltr'>ἑπτά.</span> 
     </span>
    </p>

    <p class='ocr_par' dir='ltr' id='par_1_12' title="bbox 525 4454 2078 4620">
     <span class='ocr_line' id='line_1_47' title="bbox 606 4454 2078 4546; baseline 0.009 -32"><span class='ocrx_word' id='word_1_291' title='bbox 606 4454 658 4514; x_wconf 86' lang='grc' dir='ltr'>α’</span> <span class='ocrx_word' id='word_1_292' title='bbox 700 4455 1105 4537; x_wconf 81' lang='grc' dir='ltr'>Σεσόγχοσις</span> <span class='ocrx_word' id='word_1_293' title='bbox 1146 4459 1253 4540; x_wconf 86' lang='lat' dir='ltr'><strong>(sic</strong></span> <span class='ocrx_word' id='word_1_294' title='bbox 1279 4464 1353 4518; x_wconf 90' lang='lat' dir='ltr'><strong>B·</strong></span> <span class='ocrx_word' id='word_1_295' title='bbox 1336 4460 1715 4544; x_wconf 75' lang='grc' dir='ltr'>,Σεσόγχωρις</span> <span class='ocrx_word' id='word_1_296' title='bbox 1736 4471 1841 4537; x_wconf 88' lang='lat' dir='ltr'><strong>A.)</strong></span> <span class='ocrx_word' id='word_1_297' title='bbox 1874 4467 2078 4546; x_wconf 78' lang='grc' dir='ltr'><strong>Ἀμμα·</strong></span> 
     </span>
     <span class='ocr_line' id='line_1_48' title="bbox 525 4541 1060 4620; baseline 0.002 -20"><span class='ocrx_word' id='word_1_298' title='bbox 525 4541 685 4619; x_wconf 77' lang='grc' dir='ltr'>νέμου</span> <span class='ocrx_word' id='word_1_299' title='bbox 703 4543 807 4609; x_wconf 77' lang='grc' dir='ltr'>υἱὸς</span> <span class='ocrx_word' id='word_1_300' title='bbox 830 4543 920 4613; x_wconf 67' lang='grc' dir='ltr'><strong>ἔτη</strong></span> <span class='ocrx_word' id='word_1_301' title='bbox 945 4545 1060 4620; x_wconf 76' lang='grc' dir='ltr'>μς’.</span> 
     </span>
    </p>

    <p class='ocr_par' dir='ltr' id='par_1_13' title="bbox 526 4627 2079 4796">
     <span class='ocr_line' id='line_1_49' title="bbox 608 4627 2079 4708; baseline 0.009 -20"><span class='ocrx_word' id='word_1_302' title='bbox 608 4627 657 4708; x_wconf 83' lang='grc' dir='ltr'><strong>β’</strong></span> <span class='ocrx_word' id='word_1_303' title='bbox 701 4628 1129 4708; x_wconf 77' lang='grc' dir='ltr'>Ἀμμανίμης</span> <span class='ocrx_word' id='word_1_304' title='bbox 1177 4632 1266 4706; x_wconf 75' lang='grc' dir='ltr'><strong>ἔτη</strong></span> <span class='ocrx_word' id='word_1_305' title='bbox 1312 4634 1417 4706; x_wconf 85' lang='grc' dir='ltr'>λη’,</span> <span class='ocrx_word' id='word_1_306' title='bbox 1453 4634 1506 4701; x_wconf 84' lang='grc' dir='ltr'><strong>ὃς</strong></span> <span class='ocrx_word' id='word_1_307' title='bbox 1535 4638 1634 4695; x_wconf 74' lang='grc' dir='ltr'><strong>ὑπὸ</strong></span> <span class='ocrx_word' id='word_1_308' title='bbox 1668 4640 1769 4696; x_wconf 87' lang='grc' dir='ltr'>τῶν</span> <span class='ocrx_word' id='word_1_309' title='bbox 1811 4640 1953 4699; x_wconf 78' lang='grc' dir='ltr'>ἰδίων</span> <span class='ocrx_word' id='word_1_310' title='bbox 1993 4646 2079 4701; x_wconf 83' lang='grc' dir='ltr'><strong>εὖ·</strong></span> 
     </span>
     <span class='ocr_line' id='line_1_50' title="bbox 526 4714 991 4796; baseline 0.007 -24"><span class='ocrx_word' id='word_1_311' title='bbox 526 4714 726 4793; x_wconf 85' lang='grc' dir='ltr'>νούχων</span> <span class='ocrx_word' id='word_1_312' title='bbox 749 4714 991 4796; x_wconf 76' lang='grc' dir='ltr'>ἀνῃρέθη.</span> 
     </span>
    </p>

    <p class='ocr_par' dir='ltr' id='par_1_14' title="bbox 523 4800 2081 5241">
     <span class='ocr_line' id='line_1_51' title="bbox 606 4800 2081 4889; baseline 0.009 -29"><span class='ocrx_word' id='word_1_313' title='bbox 606 4801 655 4877; x_wconf 87' lang='grc' dir='ltr'><strong>γ’</strong></span> <span class='ocrx_word' id='word_1_314' title='bbox 700 4800 1068 4881; x_wconf 75' lang='grc' dir='ltr'>Σέσωστρις</span> <span class='ocrx_word' id='word_1_315' title='bbox 1117 4804 1434 4887; x_wconf 77' lang='grc' dir='ltr'>(Σίσοστρις</span> <span class='ocrx_word' id='word_1_316' title='bbox 1456 4811 1586 4871; x_wconf 91' lang='lat' dir='ltr'><strong>eod.</strong></span> <span class='ocrx_word' id='word_1_317' title='bbox 1624 4814 1667 4868; x_wconf 90' lang='grc' dir='ltr'><strong>Β</strong></span> <span class='ocrx_word' id='word_1_318' title='bbox 1696 4812 1714 4885; x_wconf 80' lang='grc'>)</span> <span class='ocrx_word' id='word_1_319' title='bbox 1759 4810 1849 4885; x_wconf 79' lang='grc' dir='ltr'><strong>ἔτη</strong></span> <span class='ocrx_word' id='word_1_320' title='bbox 1887 4813 1998 4889; x_wconf 88' lang='grc' dir='ltr'>μη’,</span> <span class='ocrx_word' id='word_1_321' title='bbox 2026 4815 2081 4883; x_wconf 84' lang='grc' dir='ltr'><strong>ὃς</strong></span> 
     </span>
     <span class='ocr_line' id='line_1_52' title="bbox 526 4886 2079 4975; baseline 0.011 -30"><span class='ocrx_word' id='word_1_322' title='bbox 526 4886 738 4946; x_wconf 76' lang='grc' dir='ltr'>ἅπασαν</span> <span class='ocrx_word' id='word_1_323' title='bbox 762 4889 1080 4969; x_wconf 75' lang='grc' dir='ltr'>ἐχειρώσατο</span> <span class='ocrx_word' id='word_1_324' title='bbox 1104 4891 1199 4963; x_wconf 79' lang='grc' dir='ltr'>τὴν</span> <span class='ocrx_word' id='word_1_325' title='bbox 1231 4892 1404 4953; x_wconf 79' lang='grc' dir='ltr'>Ἀσίαν</span> <span class='ocrx_word' id='word_1_326' title='bbox 1440 4897 1495 4953; x_wconf 77' lang='grc' dir='ltr'>ἐν</span> <span class='ocrx_word' id='word_1_327' title='bbox 1524 4897 1771 4965; x_wconf 72' lang='grc' dir='ltr'>ἐνιαυτοῖς</span> <span class='ocrx_word' id='word_1_328' title='bbox 1798 4901 1962 4975; x_wconf 73' lang='grc' dir='ltr'>ἐννέα,</span> <span class='ocrx_word' id='word_1_329' title='bbox 1989 4903 2079 4962; x_wconf 76' lang='grc' dir='ltr'>καὶ</span> 
     </span>
     <span class='ocr_line' id='line_1_53' title="bbox 524 4974 2079 5064; baseline 0.01 -31"><span class='ocrx_word' id='word_1_330' title='bbox 524 4996 619 5046; x_wconf 83' lang='grc' dir='ltr'><strong>της</strong></span> <span class='ocrx_word' id='word_1_331' title='bbox 647 4974 902 5055; x_wconf 76' lang='grc' dir='ltr'>Εὐρώπης</span> <span class='ocrx_word' id='word_1_332' title='bbox 923 4976 990 5036; x_wconf 75' lang='grc' dir='ltr'><strong>τὰ</strong></span> <span class='ocrx_word' id='word_1_333' title='bbox 1018 4977 1174 5058; x_wconf 78' lang='grc' dir='ltr'>μέχρι</span> <span class='ocrx_word' id='word_1_334' title='bbox 1192 4978 1428 5061; x_wconf 77' lang='grc' dir='ltr'><strong>Θρᾴκης,</strong></span> <span class='ocrx_word' id='word_1_335' title='bbox 1453 4984 1751 5062; x_wconf 82' lang='grc' dir='ltr'>πανταχόσε</span> <span class='ocrx_word' id='word_1_336' title='bbox 1774 4989 2079 5064; x_wconf 85' lang='grc' dir='ltr'>μνημόσυνα</span> 
     </span>
     <span class='ocr_line' id='line_1_54' title="bbox 526 5061 2078 5155; baseline 0.011 -38"><span class='ocrx_word' id='word_1_337' title='bbox 526 5061 726 5139; x_wconf 72' lang='grc' dir='ltr'>ἕγείρας</span> <span class='ocrx_word' id='word_1_338' title='bbox 751 5065 843 5133; x_wconf 75' lang='grc' dir='ltr'><strong>τῆς</strong></span> <span class='ocrx_word' id='word_1_339' title='bbox 887 5067 990 5122; x_wconf 86' lang='grc' dir='ltr'>τῶν</span> <span class='ocrx_word' id='word_1_340' title='bbox 1030 5067 1187 5124; x_wconf 67' lang='grc' dir='ltr'>ἐθνῶν</span> <span class='ocrx_word' id='word_1_341' title='bbox 1238 5067 1467 5146; x_wconf 78' lang='grc' dir='ltr'>σχέσεως</span> <span class='ocrx_word' id='word_1_342' title='bbox 1501 5069 1908 5152; x_wconf 73' lang='grc' dir='ltr'>[κατασχέσεως</span> <span class='ocrx_word' id='word_1_343' title='bbox 1958 5097 2036 5135; x_wconf 89' lang='lat' dir='ltr'><strong>m.</strong></span> <span class='ocrx_word' id='word_1_344' title='bbox 2055 5077 2078 5155; x_wconf 93' lang='lat'>]</span> 
     </span>
     <span class='ocr_line' id='line_1_55' title="bbox 523 5146 2080 5241; baseline 0.01 -35"><span class='ocrx_word' id='word_1_345' title='bbox 523 5147 620 5209; x_wconf 67' lang='grc' dir='ltr'><strong>ἰπὶ</strong></span> <span class='ocrx_word' id='word_1_346' title='bbox 641 5146 737 5222; x_wconf 73' lang='grc' dir='ltr'><strong>μὶν</strong></span> <span class='ocrx_word' id='word_1_347' title='bbox 763 5157 868 5215; x_wconf 81' lang='grc' dir='ltr'>τοῖς</span> <span class='ocrx_word' id='word_1_348' title='bbox 893 5151 1141 5226; x_wconf 74' lang='grc' dir='ltr'>γενναίοις</span> <span class='ocrx_word' id='word_1_349' title='bbox 1163 5152 1378 5233; x_wconf 75' lang='grc' dir='ltr'>ἀνδρῶν,</span> <span class='ocrx_word' id='word_1_350' title='bbox 1402 5155 1492 5213; x_wconf 64' lang='grc' dir='ltr'><strong>ἰπὶ</strong></span> <span class='ocrx_word' id='word_1_351' title='bbox 1515 5153 1571 5214; x_wconf 59' lang='grc' dir='ltr'><strong>δὲ</strong></span> <span class='ocrx_word' id='word_1_352' title='bbox 1597 5165 1702 5224; x_wconf 87' lang='grc' dir='ltr'>τοῖς</span> <span class='ocrx_word' id='word_1_353' title='bbox 1729 5159 1962 5237; x_wconf 71' lang='grc' dir='ltr'>ἀγεννέσι</span> <span class='ocrx_word' id='word_1_354' title='bbox 1990 5185 2080 5241; x_wconf 85' lang='grc' dir='ltr'><strong>γυ-</strong></span> 
     </span>
    </p>
   </div>
   <div class='ocr_carea' id='block_1_12' title="bbox 2195 715 3759 883">
    <p class='ocr_par' dir='ltr' id='par_1_15' title="bbox 2195 715 3759 883">
     <span class='ocr_line' id='line_1_56' title="bbox 2195 715 3759 883; baseline 0.004 -28"><span class='ocrx_word' id='word_1_355' title='bbox 2195 715 2676 876; x_wconf 53' lang='grc' dir='ltr'>ὠῆἔαλαχᾶρης</span> <span class='ocrx_word' id='word_1_356' title='bbox 2703 797 2793 869; x_wconf 82' lang='grc' dir='ltr'><strong>ἔτη</strong></span> <span class='ocrx_word' id='word_1_357' title='bbox 2819 801 2893 871; x_wconf 90' lang='grc' dir='ltr'><strong>η’,</strong></span> <span class='ocrx_word' id='word_1_358' title='bbox 2913 800 2970 867; x_wconf 81' lang='grc' dir='ltr'><strong>ὃς</strong></span> <span class='ocrx_word' id='word_1_359' title='bbox 2992 800 3079 858; x_wconf 79' lang='grc' dir='ltr'>τὸν</span> <span class='ocrx_word' id='word_1_360' title='bbox 3110 802 3164 859; x_wconf 79' lang='grc' dir='ltr'>ἐν</span> <span class='ocrx_word' id='word_1_361' title='bbox 3192 796 3489 881; x_wconf 77' lang='grc' dir='ltr'>Ἄρσινοιτῃ</span> <span class='ocrx_word' id='word_1_362' title='bbox 3511 802 3759 883; x_wconf 72' lang='grc' dir='ltr'>λαὸὖριν-</span> 
     </span>
    </p>
   </div>
   <div class='ocr_carea' id='block_1_13' title="bbox 2192 882 3476 1310">
    <p class='ocr_par' dir='ltr' id='par_1_16' title="bbox 2192 882 3476 1310">
     <span class='ocr_line' id='line_1_57' title="bbox 2192 882 3055 962; baseline 0.006 -21"><span class='ocrx_word' id='word_1_363' title='bbox 2192 888 2278 941; x_wconf 91' lang='grc' dir='ltr'><strong>θον</strong></span> <span class='ocrx_word' id='word_1_364' title='bbox 2301 887 2468 962; x_wconf 71' lang='grc' dir='ltr'>ἐαυτῷ</span> <span class='ocrx_word' id='word_1_365' title='bbox 2493 882 2656 940; x_wconf 64' lang='grc' dir='ltr'>τάφον</span> <span class='ocrx_word' id='word_1_366' title='bbox 2678 887 3055 946; x_wconf 79' lang='grc' dir='ltr'>κατεσκεύασε.</span> 
     </span>
     <span class='ocr_line' id='line_1_58' title="bbox 2269 944 3476 1052; baseline 0.007 -25"><span class='ocrx_word' id='word_1_367' title='bbox 2269 969 2310 1027; x_wconf 77' lang='grc' dir='ltr'><strong>ε’</strong></span> <span class='ocrx_word' id='word_1_368' title='bbox 2355 944 2627 1047; x_wconf 77' lang='grc' dir='ltr'>Ἀμιρὴς</span> <span class='ocrx_word' id='word_1_369' title='bbox 2679 969 2974 1052; x_wconf 81' lang='grc' dir='ltr'><strong>(Ἄμμερὴς</strong></span> <span class='ocrx_word' id='word_1_370' title='bbox 3000 976 3130 1032; x_wconf 73' lang='lat' dir='ltr'><strong>cod.</strong></span> <span class='ocrx_word' id='word_1_371' title='bbox 3154 976 3246 1051; x_wconf 90' lang='lat' dir='ltr'><strong>A)</strong></span> <span class='ocrx_word' id='word_1_372' title='bbox 3281 973 3373 1047; x_wconf 67' lang='grc' dir='ltr'><strong>ἔτη</strong></span> <span class='ocrx_word' id='word_1_373' title='bbox 3399 974 3476 1047; x_wconf 88' lang='grc' dir='ltr'>η’.</span> 
     </span>
     <span class='ocr_line' id='line_1_59' title="bbox 2268 1056 3470 1139; baseline 0.008 -24"><span class='ocrx_word' id='word_1_374' title='bbox 2268 1057 2321 1124; x_wconf 83' lang='grc' dir='ltr'><strong>ς’</strong></span> <span class='ocrx_word' id='word_1_375' title='bbox 2363 1056 2733 1133; x_wconf 79' lang='grc' dir='ltr'><strong>Ἀμενέμης</strong></span> <span class='ocrx_word' id='word_1_376' title='bbox 2764 1060 3127 1137; x_wconf 74' lang='grc' dir='ltr'><strong>(Ἀμμενέμης</strong></span> <span class='ocrx_word' id='word_1_377' title='bbox 3153 1068 3204 1120; x_wconf 91' lang='lat' dir='ltr'><strong>A</strong></span> <span class='ocrx_word' id='word_1_378' title='bbox 3229 1064 3244 1139; x_wconf 84' lang='lat'>)</span> <span class='ocrx_word' id='word_1_379' title='bbox 3274 1063 3366 1135; x_wconf 82' lang='grc' dir='ltr'><strong>ἔτη</strong></span> <span class='ocrx_word' id='word_1_380' title='bbox 3391 1065 3470 1135; x_wconf 83' lang='grc' dir='ltr'>η’.</span> 
     </span>
     <span class='ocr_line' id='line_1_60' title="bbox 2270 1143 3265 1229; baseline 0.005 -27"><span class='ocrx_word' id='word_1_381' title='bbox 2270 1143 2314 1212; x_wconf 83' lang='grc' dir='ltr'><strong>ζ’</strong></span> <span class='ocrx_word' id='word_1_382' title='bbox 2355 1143 2798 1222; x_wconf 77' lang='grc' dir='ltr'>Σκεμίοφρις,</span> <span class='ocrx_word' id='word_1_383' title='bbox 2836 1149 3053 1229; x_wconf 66' lang='grc' dir='ltr'>ἀδελφή,</span> <span class='ocrx_word' id='word_1_384' title='bbox 3073 1150 3265 1220; x_wconf 55' lang='lat' dir='ltr'><strong>{mest</strong></span> 
     </span>
     <span class='ocr_line' id='line_1_61' title="bbox 2269 1227 2676 1310; baseline 0.003 -21.049"><span class='ocrx_word' id='word_1_385' title='bbox 2269 1230 2439 1305; x_wconf 76' lang='grc' dir='ltr'>Ὁμοῦ</span> <span class='ocrx_word' id='word_1_386' title='bbox 2457 1230 2551 1302; x_wconf 74' lang='grc' dir='ltr'><strong>ἔτη</strong></span> <span class='ocrx_word' id='word_1_387' title='bbox 2581 1227 2676 1310; x_wconf 82' lang='grc' dir='ltr'>ρξ’.</span> 
     </span>
    </p>
   </div>
   <div class='ocr_carea' id='block_1_14' title="bbox 2916 1348 3013 1408">
    <p class='ocr_par' dir='ltr' id='par_1_17' title="bbox 2916 1348 3013 1408">
     <span class='ocr_line' id='line_1_62' title="bbox 2916 1348 3013 1408; baseline 0.031 -4"><span class='ocrx_word' id='word_1_388' title='bbox 2916 1348 3013 1408; x_wconf 83' lang='grc'>35.</span> 
     </span>
    </p>
   </div>
   <div class='ocr_carea' id='block_1_15' title="bbox 2550 1466 3387 1529">
    <p class='ocr_par' dir='ltr' id='par_1_18' title="bbox 2550 1466 3387 1529">
     <span class='ocr_line' id='line_1_63' title="bbox 2550 1466 3387 1529; baseline 0.002 -5"><span class='ocrx_word' id='word_1_389' title='bbox 2550 1466 2948 1526; x_wconf 77' lang='lat' dir='ltr'><strong>SECUNDUM</strong></span> <span class='ocrx_word' id='word_1_390' title='bbox 2990 1466 3387 1529; x_wconf 69' lang='lat' dir='ltr'><strong>EUSEBIUH.</strong></span> 
     </span>
    </p>
   </div>
   <div class='ocr_carea' id='block_1_16' title="bbox 2263 1569 3756 1650">
    <p class='ocr_par' dir='ltr' id='par_1_19' title="bbox 2263 1569 3756 1650">
     <span class='ocr_line' id='line_1_64' title="bbox 2263 1569 3756 1650; baseline 0.009 -25"><span class='ocrx_word' id='word_1_391' title='bbox 2263 1569 2498 1650; x_wconf 88' lang='lat' dir='ltr'><strong>Idemp.</strong></span> <span class='ocrx_word' id='word_1_392' title='bbox 2519 1570 2613 1639; x_wconf 80' lang='lat'><strong>60,</strong></span> <span class='ocrx_word' id='word_1_393' title='bbox 2637 1574 2708 1629; x_wconf 88' lang='lat' dir='ltr'><strong>C:</strong></span> <span class='ocrx_word' id='word_1_394' title='bbox 2732 1569 3756 1641; x_wconf 71' lang='grc' dir='ltr'>ΔωδικατηδυναστείαΔιοσιο-</span> 
     </span>
    </p>
   </div>
   <div class='ocr_carea' id='block_1_17' title="bbox 2184 1647 3753 1817">
    <p class='ocr_par' dir='ltr' id='par_1_20' title="bbox 2184 1647 3753 1817">
     <span class='ocr_line' id='line_1_65' title="bbox 2184 1647 3753 1741; baseline 0.009 -32"><span class='ocrx_word' id='word_1_395' title='bbox 2184 1652 2383 1711; x_wconf 82' lang='grc' dir='ltr'>λιτῶν</span> <span class='ocrx_word' id='word_1_396' title='bbox 2412 1654 2741 1733; x_wconf 73' lang='grc' dir='ltr'>βασιλέων</span> <span class='ocrx_word' id='word_1_397' title='bbox 2765 1656 2946 1716; x_wconf 74' lang='grc' dir='ltr'>ἐπι-α’.</span> <span class='ocrx_word' id='word_1_398' title='bbox 2985 1647 3092 1716; x_wconf 50' lang='grc' dir='ltr'>ῗΩν</span> <span class='ocrx_word' id='word_1_399' title='bbox 3132 1662 3161 1715; x_wconf 75' lang='grc' dir='ltr'><strong>ὅ</strong></span> <span class='ocrx_word' id='word_1_400' title='bbox 3183 1663 3394 1737; x_wconf 79' lang='grc' dir='ltr'>πρῶτος</span> <span class='ocrx_word' id='word_1_401' title='bbox 3426 1662 3753 1741; x_wconf 60' lang='grc' dir='ltr'>Σισότχωσις</span> 
     </span>
     <span class='ocr_line' id='line_1_66' title="bbox 2186 1737 2883 1817; baseline 0.003 -20.024"><span class='ocrx_word' id='word_1_402' title='bbox 2186 1737 2509 1817; x_wconf 79' lang='grc' dir='ltr'>Ἀμμενέμου</span> <span class='ocrx_word' id='word_1_403' title='bbox 2537 1740 2690 1807; x_wconf 63' lang='lat' dir='ltr'><strong>vioe*</strong></span> <span class='ocrx_word' id='word_1_404' title='bbox 2661 1765 2752 1809; x_wconf 78' lang='grc' dir='ltr'><strong>ετη</strong></span> <span class='ocrx_word' id='word_1_405' title='bbox 2775 1742 2883 1817; x_wconf 88' lang='grc' dir='ltr'>μς’.</span> 
     </span>
    </p>
   </div>
   <div class='ocr_carea' id='block_1_18' title="bbox 2176 1825 3752 2693">
    <p class='ocr_par' dir='ltr' id='par_1_21' title="bbox 2181 1825 3752 1991">
     <span class='ocr_line' id='line_1_67' title="bbox 2265 1825 3752 1907; baseline 0.008 -22"><span class='ocrx_word' id='word_1_406' title='bbox 2265 1825 2314 1904; x_wconf 86' lang='grc' dir='ltr'><strong>β’</strong></span> <span class='ocrx_word' id='word_1_407' title='bbox 2357 1826 2786 1904; x_wconf 79' lang='grc' dir='ltr'>Ἀμμανέμης</span> <span class='ocrx_word' id='word_1_408' title='bbox 2814 1827 2903 1901; x_wconf 81' lang='grc' dir='ltr'><strong>ἔτη</strong></span> <span class='ocrx_word' id='word_1_409' title='bbox 2926 1830 3037 1907; x_wconf 89' lang='grc' dir='ltr'>λη’,</span> <span class='ocrx_word' id='word_1_410' title='bbox 3067 1828 3121 1895; x_wconf 76' lang='grc' dir='ltr'><strong>ὃς</strong></span> <span class='ocrx_word' id='word_1_411' title='bbox 3145 1830 3246 1888; x_wconf 75' lang='grc' dir='ltr'><strong>ὕπὸ</strong></span> <span class='ocrx_word' id='word_1_412' title='bbox 3274 1833 3382 1888; x_wconf 84' lang='grc' dir='ltr'>τῶν</span> <span class='ocrx_word' id='word_1_413' title='bbox 3414 1832 3568 1894; x_wconf 69' lang='grc' dir='ltr'>ἰδίων</span> <span class='ocrx_word' id='word_1_414' title='bbox 3591 1838 3752 1896; x_wconf 63' lang='grc' dir='ltr'>εὔνοι’·-</span> 
     </span>
     <span class='ocr_line' id='line_1_68' title="bbox 2181 1915 2566 1992; baseline 0.006 -23"><span class='ocrx_word' id='word_1_415' title='bbox 2181 1935 2290 1991; x_wconf 85' lang='grc' dir='ltr'>χων</span> <span class='ocrx_word' id='word_1_416' title='bbox 2320 1915 2566 1992; x_wconf 74' lang='grc' dir='ltr'>ἀνῃρέθη.</span> 
     </span>
    </p>

    <p class='ocr_par' dir='ltr' id='par_1_22' title="bbox 2176 1999 3752 2693">
     <span class='ocr_line' id='line_1_69' title="bbox 2225 1999 3742 2102; baseline 0.005 -43.186"><span class='ocrx_word' id='word_1_417' title='bbox 2225 1999 2310 2102; x_wconf 41' lang='grc' dir='ltr'><strong>κγ’</strong></span> <span class='ocrx_word' id='word_1_418' title='bbox 2352 2000 2727 2080; x_wconf 79' lang='grc' dir='ltr'>Σέσωστρις</span> <span class='ocrx_word' id='word_1_419' title='bbox 2759 2000 2849 2072; x_wconf 74' lang='grc' dir='ltr'><strong>ἔτη</strong></span> <span class='ocrx_word' id='word_1_420' title='bbox 2874 1999 2965 2077; x_wconf 86' lang='grc' dir='ltr'><strong>μη’</strong></span> <span class='ocrx_word' id='word_1_421' title='bbox 2972 2046 2990 2076; x_wconf 96' lang='grc'>,</span> <span class='ocrx_word' id='word_1_422' title='bbox 3021 2000 3302 2079; x_wconf 61' lang='lat' dir='ltr'><strong>&amp;Myr-tut</strong></span> <span class='ocrx_word' id='word_1_423' title='bbox 3323 2006 3606 2084; x_wconf 75' lang='grc' dir='ltr'>γεγονέναι</span> <span class='ocrx_word' id='word_1_424' title='bbox 3647 2033 3742 2081; x_wconf 64' lang='grc' dir='ltr'><strong>πη·</strong></span> 
     </span>
     <span class='ocr_line' id='line_1_70' title="bbox 2181 2085 3750 2174; baseline 0.006 -32"><span class='ocrx_word' id='word_1_425' title='bbox 2181 2087 2293 2162; x_wconf 86' lang='grc' dir='ltr'>χῶν</span> <span class='ocrx_word' id='word_1_426' title='bbox 2315 2085 2389 2162; x_wconf 88' lang='grc' dir='ltr'>δ’,</span> <span class='ocrx_word' id='word_1_427' title='bbox 2441 2089 2752 2145; x_wconf 83' lang='grc' dir='ltr'>παλαιστῶν</span> <span class='ocrx_word' id='word_1_428' title='bbox 2774 2086 2848 2164; x_wconf 88' lang='grc' dir='ltr'>γ’,</span> <span class='ocrx_word' id='word_1_429' title='bbox 2880 2087 3146 2147; x_wconf 80' lang='grc' dir='ltr'>δακτύλων</span> <span class='ocrx_word' id='word_1_430' title='bbox 3173 2089 3246 2168; x_wconf 91' lang='grc' dir='ltr'><strong>β’.</strong></span> <span class='ocrx_word' id='word_1_431' title='bbox 3279 2089 3390 2157; x_wconf 85' lang='grc' dir='ltr'><strong>Ὃς</strong></span> <span class='ocrx_word' id='word_1_432' title='bbox 3419 2100 3605 2151; x_wconf 74' lang='grc' dir='ltr'>πᾶσιν</span> <span class='ocrx_word' id='word_1_433' title='bbox 3631 2098 3750 2174; x_wconf 67' lang='grc' dir='ltr'>ἔχει·</span> 
     </span>
     <span class='ocr_line' id='line_1_71' title="bbox 2183 2171 3749 2262; baseline 0.005 -31"><span class='ocrx_word' id='word_1_434' title='bbox 2183 2171 2388 2252; x_wconf 80' lang='grc' dir='ltr'>ρώσατο</span> <span class='ocrx_word' id='word_1_435' title='bbox 2410 2172 2509 2244; x_wconf 78' lang='grc' dir='ltr'>τὴν</span> <span class='ocrx_word' id='word_1_436' title='bbox 2535 2172 2710 2233; x_wconf 79' lang='grc' dir='ltr'>Ἀσίαν</span> <span class='ocrx_word' id='word_1_437' title='bbox 2737 2176 2791 2232; x_wconf 79' lang='grc' dir='ltr'>ἐν</span> <span class='ocrx_word' id='word_1_438' title='bbox 2815 2176 3062 2242; x_wconf 79' lang='grc' dir='ltr'>ἐνιαυτοῖς</span> <span class='ocrx_word' id='word_1_439' title='bbox 3099 2176 3283 2250; x_wconf 77' lang='grc' dir='ltr'>ἐννέα,</span> <span class='ocrx_word' id='word_1_440' title='bbox 3309 2178 3406 2237; x_wconf 74' lang='grc' dir='ltr'><strong>καὶ</strong></span> <span class='ocrx_word' id='word_1_441' title='bbox 3437 2203 3536 2250; x_wconf 73' lang='grc' dir='ltr'><strong>της</strong></span> <span class='ocrx_word' id='word_1_442' title='bbox 3577 2180 3749 2262; x_wconf 58' lang='lat' dir='ltr'><strong>Eup-2·</strong></span> 
     </span>
     <span class='ocr_line' id='line_1_72' title="bbox 2185 2259 3752 2349; baseline 0.007 -33"><span class='ocrx_word' id='word_1_443' title='bbox 2185 2280 2286 2329; x_wconf 85' lang='grc' dir='ltr'><strong>πης</strong></span> <span class='ocrx_word' id='word_1_444' title='bbox 2317 2259 2383 2317; x_wconf 80' lang='grc' dir='ltr'><strong>τὰ</strong></span> <span class='ocrx_word' id='word_1_445' title='bbox 2412 2260 2570 2341; x_wconf 77' lang='grc' dir='ltr'>μέχρι</span> <span class='ocrx_word' id='word_1_446' title='bbox 2595 2259 2843 2341; x_wconf 73' lang='grc' dir='ltr'>Θρᾴκης,</span> <span class='ocrx_word' id='word_1_447' title='bbox 2874 2262 3174 2341; x_wconf 82' lang='grc' dir='ltr'>πανταχόσε</span> <span class='ocrx_word' id='word_1_448' title='bbox 3205 2265 3534 2339; x_wconf 79' lang='grc' dir='ltr'>μνημόσυνα</span> <span class='ocrx_word' id='word_1_449' title='bbox 3561 2270 3752 2349; x_wconf 60' lang='grc' dir='ltr'>ἐγείρας</span> 
     </span>
     <span class='ocr_line' id='line_1_73' title="bbox 2178 2349 3749 2427; baseline 0.006 -23"><span class='ocrx_word' id='word_1_450' title='bbox 2178 2370 2270 2417; x_wconf 86' lang='grc' dir='ltr'><strong>της</strong></span> <span class='ocrx_word' id='word_1_451' title='bbox 2293 2350 2395 2405; x_wconf 87' lang='grc' dir='ltr'>τῶν</span> <span class='ocrx_word' id='word_1_452' title='bbox 2423 2350 2578 2406; x_wconf 80' lang='grc' dir='ltr'>ἐθνῶν</span> <span class='ocrx_word' id='word_1_453' title='bbox 2601 2349 2986 2427; x_wconf 70' lang='grc' dir='ltr'>κατασχίσεως,</span> <span class='ocrx_word' id='word_1_454' title='bbox 3014 2350 3098 2407; x_wconf 78' lang='grc' dir='ltr'><strong>ἐπὶ</strong></span> <span class='ocrx_word' id='word_1_455' title='bbox 3122 2350 3218 2425; x_wconf 80' lang='grc' dir='ltr'><strong>μὲν</strong></span> <span class='ocrx_word' id='word_1_456' title='bbox 3241 2360 3353 2418; x_wconf 83' lang='grc' dir='ltr'>τοῖς</span> <span class='ocrx_word' id='word_1_457' title='bbox 3381 2355 3644 2427; x_wconf 74' lang='grc' dir='ltr'>γενναίοις</span> <span class='ocrx_word' id='word_1_458' title='bbox 3667 2360 3749 2415; x_wconf 70' lang='grc' dir='ltr'><strong>ἇν-</strong></span> 
     </span>
     <span class='ocr_line' id='line_1_74' title="bbox 2180 2434 3749 2519; baseline 0.008 -28"><span class='ocrx_word' id='word_1_459' title='bbox 2180 2434 2332 2513; x_wconf 82' lang='grc' dir='ltr'>δρῶν,</span> <span class='ocrx_word' id='word_1_460' title='bbox 2364 2434 2449 2492; x_wconf 81' lang='grc' dir='ltr'>ἐπι</span> <span class='ocrx_word' id='word_1_461' title='bbox 2464 2434 2519 2494; x_wconf 76' lang='grc' dir='ltr'><strong>δὲ</strong></span> <span class='ocrx_word' id='word_1_462' title='bbox 2546 2440 2651 2503; x_wconf 82' lang='grc' dir='ltr'>τοῖς</span> <span class='ocrx_word' id='word_1_463' title='bbox 2676 2434 2910 2517; x_wconf 72' lang='grc' dir='ltr'>ἀγεννέσι</span> <span class='ocrx_word' id='word_1_464' title='bbox 2935 2441 3193 2517; x_wconf 75' lang='grc' dir='ltr'>γυναικῶν</span> <span class='ocrx_word' id='word_1_465' title='bbox 3214 2438 3382 2519; x_wconf 85' lang='grc' dir='ltr'>μόρια</span> <span class='ocrx_word' id='word_1_466' title='bbox 3405 2451 3528 2510; x_wconf 80' lang='grc' dir='ltr'>ταῖς</span> <span class='ocrx_word' id='word_1_467' title='bbox 3548 2444 3749 2513; x_wconf 66' lang='grc' dir='ltr'>στήλαις</span> 
     </span>
     <span class='ocr_line' id='line_1_75' title="bbox 2181 2520 3746 2611; baseline 0.006 -31"><span class='ocrx_word' id='word_1_468' title='bbox 2181 2520 2539 2605; x_wconf 74' lang='grc' dir='ltr'>ἕγχαράσσων,</span> <span class='ocrx_word' id='word_1_469' title='bbox 2566 2527 2635 2591; x_wconf 81' lang='grc' dir='ltr'><strong>ὡς</strong></span> <span class='ocrx_word' id='word_1_470' title='bbox 2659 2525 2757 2601; x_wconf 87' lang='lat' dir='ltr'><strong>(sic</strong></span> <span class='ocrx_word' id='word_1_471' title='bbox 2784 2547 2865 2586; x_wconf 87' lang='lat' dir='ltr'><strong>m.</strong></span> <span class='ocrx_word' id='word_1_472' title='bbox 2850 2569 2890 2599; x_wconf 88' lang='lat'><strong>.,</strong></span> <span class='ocrx_word' id='word_1_473' title='bbox 2908 2525 2963 2592; x_wconf 81' lang='grc' dir='ltr'><strong>ὃς</strong></span> <span class='ocrx_word' id='word_1_474' title='bbox 2985 2528 3181 2603; x_wconf 83' lang='lat' dir='ltr'><strong>codd.)</strong></span> <span class='ocrx_word' id='word_1_475' title='bbox 3211 2528 3307 2585; x_wconf 80' lang='grc' dir='ltr'>καὶ</span> <span class='ocrx_word' id='word_1_476' title='bbox 3331 2528 3439 2587; x_wconf 73' lang='grc' dir='ltr'><strong>ὑπὸ</strong></span> <span class='ocrx_word' id='word_1_477' title='bbox 3461 2534 3569 2588; x_wconf 70' lang='grc' dir='ltr'><strong>τῶν</strong></span> <span class='ocrx_word' id='word_1_478' title='bbox 3598 2536 3746 2611; x_wconf 74' lang='grc' dir='ltr'><strong>Αῑτυ-</strong></span> 
     </span>
     <span class='ocr_line' id='line_1_76' title="bbox 2176 2610 3678 2693; baseline 0.008 -26"><span class='ocrx_word' id='word_1_479' title='bbox 2176 2610 2340 2668; x_wconf 67' lang='lat' dir='ltr'><strong>mim</strong></span> <span class='ocrx_word' id='word_1_480' title='bbox 2374 2613 2610 2693; x_wconf 79' lang='grc' dir='ltr'>(πρῶτον</span> <span class='ocrx_word' id='word_1_481' title='bbox 2638 2614 2774 2674; x_wconf 88' lang='lat' dir='ltr'><strong>add.</strong></span> <span class='ocrx_word' id='word_1_482' title='bbox 2803 2634 2883 2674; x_wconf 90' lang='lat' dir='ltr'><strong>m.</strong></span> <span class='ocrx_word' id='word_1_483' title='bbox 2902 2620 2919 2689; x_wconf 89' lang='lat'>)</span> <span class='ocrx_word' id='word_1_484' title='bbox 2949 2611 3085 2689; x_wconf 78' lang='grc' dir='ltr'><strong>μετὰ</strong></span> <span class='ocrx_word' id='word_1_485' title='bbox 3101 2611 3319 2693; x_wconf 87' lang='grc' dir='ltr'>Ὄσιριν</span> <span class='ocrx_word' id='word_1_486' title='bbox 3338 2622 3678 2691; x_wconf 66' lang='grc' dir='ltr'>νομισθῆναι.</span> 
     </span>
    </p>
   </div>
   <div class='ocr_carea' id='block_1_19' title="bbox 2258 2697 3849 2787">
    <p class='ocr_par' dir='ltr' id='par_1_23' title="bbox 2258 2697 3849 2787">
     <span class='ocr_line' id='line_1_77' title="bbox 2258 2697 3849 2787; baseline 0.006 -30"><span class='ocrx_word' id='word_1_487' title='bbox 2258 2699 2392 2758; x_wconf 85' lang='grc' dir='ltr'><strong>Μεθ</strong></span> <span class='ocrx_word' id='word_1_488' title='bbox 2419 2697 2475 2756; x_wconf 82' lang='grc' dir='ltr'>ὃν</span> <span class='ocrx_word' id='word_1_489' title='bbox 2499 2699 2812 2779; x_wconf 86' lang='grc' dir='ltr'>Λαμαρις</span> <span class='ocrx_word' id='word_1_490' title='bbox 2853 2699 3128 2780; x_wconf 74' lang='grc' dir='ltr'>(Λᾶὅαρις</span> <span class='ocrx_word' id='word_1_491' title='bbox 3173 2702 3388 2779; x_wconf 79' lang='lat' dir='ltr'><strong>Goar.)</strong></span> <span class='ocrx_word' id='word_1_492' title='bbox 3445 2704 3541 2776; x_wconf 81' lang='grc' dir='ltr'><strong>ἔτη</strong></span> <span class='ocrx_word' id='word_1_493' title='bbox 3585 2708 3662 2781; x_wconf 76' lang='grc' dir='ltr'>η’,</span> <span class='ocrx_word' id='word_1_494' title='bbox 3699 2706 3747 2772; x_wconf 65' lang='grc' dir='ltr'><strong>ὃς</strong></span> <span class='ocrx_word' id='word_1_495' title='bbox 3847 2782 3849 2787; x_wconf 28' lang='grc' dir='ltr'>Ι</span> 
     </span>
    </p>
   </div>
   <div class='ocr_carea' id='block_1_20' title="bbox 2176 2782 3746 2932">
    <p class='ocr_par' dir='ltr' id='par_1_24' title="bbox 2176 2782 3746 2930">
     <span class='ocr_line' id='line_1_78' title="bbox 2176 2782 3746 2870; baseline 0.006 -29"><span class='ocrx_word' id='word_1_496' title='bbox 2176 2782 2271 2854; x_wconf 73' lang='grc' dir='ltr'>τὴν</span> <span class='ocrx_word' id='word_1_497' title='bbox 2318 2787 2371 2843; x_wconf 74' lang='grc' dir='ltr'>ἐν</span> <span class='ocrx_word' id='word_1_498' title='bbox 2423 2784 2717 2865; x_wconf 80' lang='grc' dir='ltr'>Ἀρσενοιτῃ</span> <span class='ocrx_word' id='word_1_499' title='bbox 2777 2787 3083 2868; x_wconf 76' lang='grc' dir='ltr'>λαὸὖρινθον</span> <span class='ocrx_word' id='word_1_500' title='bbox 3132 2790 3307 2846; x_wconf 80' lang='grc' dir='ltr'>ἑαυτῶ</span> <span class='ocrx_word' id='word_1_501' title='bbox 3357 2790 3534 2870; x_wconf 72' lang='grc' dir='ltr'>τάφον</span> <span class='ocrx_word' id='word_1_502' title='bbox 3599 2816 3746 2851; x_wconf 73' lang='grc' dir='ltr'>κατι-</span> 
     </span>
     <span class='ocr_line' id='line_1_79' title="bbox 2179 2893 2446 2932; baseline -0.008 -3"><span class='ocrx_word' id='word_1_503' title='bbox 2179 2893 2446 2932; x_wconf 85' lang='grc' dir='ltr'>σκευασεν.</span> 
     </span>
    </p>
   </div>
   <div class='ocr_carea' id='block_1_21' title="bbox 2183 2956 3746 3124">
    <p class='ocr_par' dir='ltr' id='par_1_25' title="bbox 2183 2956 3746 3124">
     <span class='ocr_line' id='line_1_80' title="bbox 2257 2956 3746 3039; baseline 0.007 -24"><span class='ocrx_word' id='word_1_504' title='bbox 2257 2959 2326 3016; x_wconf 78' lang='lat' dir='ltr'><strong>Oi</strong></span> <span class='ocrx_word' id='word_1_505' title='bbox 2353 2956 2406 3016; x_wconf 81' lang='grc' dir='ltr'><strong>δὲ</strong></span> <span class='ocrx_word' id='word_1_506' title='bbox 2434 2981 2614 3017; x_wconf 85' lang='grc' dir='ltr'>τουτου</span> <span class='ocrx_word' id='word_1_507' title='bbox 2657 2958 2890 3039; x_wconf 76' lang='grc' dir='ltr'>διάδοχοι</span> <span class='ocrx_word' id='word_1_508' title='bbox 2926 2959 3013 3018; x_wconf 73' lang='grc' dir='ltr'><strong>ἐπὶ</strong></span> <span class='ocrx_word' id='word_1_509' title='bbox 3041 2960 3131 3031; x_wconf 76' lang='grc' dir='ltr'><strong>ἔτη</strong></span> <span class='ocrx_word' id='word_1_510' title='bbox 3162 2959 3287 3037; x_wconf 81' lang='grc' dir='ltr'>μ6’,</span> <span class='ocrx_word' id='word_1_511' title='bbox 3318 2960 3370 3019; x_wconf 80' lang='grc' dir='ltr'>οἳ</span> <span class='ocrx_word' id='word_1_512' title='bbox 3399 2964 3602 3032; x_wconf 75' lang='grc' dir='ltr'>πάντες</span> <span class='ocrx_word' id='word_1_513' title='bbox 3628 2965 3746 3024; x_wconf 67' lang='grc' dir='ltr'><strong>ἐδι-</strong></span> 
     </span>
     <span class='ocr_line' id='line_1_81' title="bbox 2183 3042 2730 3124; baseline 0.002 -20"><span class='ocrx_word' id='word_1_514' title='bbox 2183 3042 2430 3104; x_wconf 82' lang='grc' dir='ltr'>σίλευσαν</span> <span class='ocrx_word' id='word_1_515' title='bbox 2449 3045 2586 3105; x_wconf 78' lang='grc' dir='ltr'>ἔτεσι</span> <span class='ocrx_word' id='word_1_516' title='bbox 2608 3045 2730 3124; x_wconf 75' lang='grc' dir='ltr'>σμὲ.</span> 
     </span>
    </p>
   </div>
   <div class='ocr_carea' id='block_1_22' title="bbox 2905 3162 3003 3221">
    <p class='ocr_par' dir='ltr' id='par_1_26' title="bbox 2905 3162 3003 3221">
     <span class='ocr_line' id='line_1_82' title="bbox 2905 3162 3003 3221; baseline 0.031 -3"><span class='ocrx_word' id='word_1_517' title='bbox 2905 3162 3003 3221; x_wconf 87' lang='grc'>36.</span> 
     </span>
    </p>
   </div>
   <div class='ocr_carea' id='block_1_23' title="bbox 2170 3267 3738 3430">
    <p class='ocr_par' dir='ltr' id='par_1_27' title="bbox 2170 3267 3738 3430">
     <span class='ocr_line' id='line_1_83' title="bbox 2256 3267 3738 3342; baseline 0.007 -21"><span class='ocrx_word' id='word_1_518' title='bbox 2256 3267 2453 3323; x_wconf 83' lang='lat' dir='ltr'><strong>Euseb.</strong></span> <span class='ocrx_word' id='word_1_519' title='bbox 2477 3268 2689 3324; x_wconf 83' lang='lat' dir='ltr'><strong>Chron.</strong></span> <span class='ocrx_word' id='word_1_520' title='bbox 2716 3286 2777 3341; x_wconf 86' lang='lat' dir='ltr'><strong>p.</strong></span> <span class='ocrx_word' id='word_1_521' title='bbox 2801 3269 2914 3342; x_wconf 85' lang='lat'><strong>98:</strong></span> <span class='ocrx_word' id='word_1_522' title='bbox 2940 3270 3285 3324; x_wconf 76' lang='lat' dir='ltr'><strong>Duodecima</strong></span> <span class='ocrx_word' id='word_1_523' title='bbox 3305 3272 3581 3342; x_wconf 63' lang='lat' dir='ltr'><strong>affy-naseu</strong></span> <span class='ocrx_word' id='word_1_524' title='bbox 3601 3275 3738 3330; x_wconf 64' lang='lat' dir='ltr'><strong>mne·</strong></span> 
     </span>
     <span class='ocr_line' id='line_1_84' title="bbox 2170 3355 3736 3430; baseline 0.007 -23"><span class='ocrx_word' id='word_1_525' title='bbox 2170 3355 2473 3425; x_wconf 83' lang='lat' dir='ltr'><strong>poIitarum</strong></span> <span class='ocrx_word' id='word_1_526' title='bbox 2498 3356 2628 3410; x_wconf 85' lang='lat' dir='ltr'><strong>VII</strong></span> <span class='ocrx_word' id='word_1_527' title='bbox 2647 3373 2864 3427; x_wconf 78' lang='lat' dir='ltr'><strong>regum,</strong></span> <span class='ocrx_word' id='word_1_528' title='bbox 2895 3374 3119 3430; x_wconf 82' lang='lat' dir='ltr'><strong>quorum</strong></span> <span class='ocrx_word' id='word_1_529' title='bbox 3140 3361 3362 3428; x_wconf 84' lang='lat' dir='ltr'><strong>primus</strong></span> <span class='ocrx_word' id='word_1_530' title='bbox 3391 3358 3736 3417; x_wconf 60' lang='lat' dir='ltr'><strong>Sane-chosi:</strong></span> 
     </span>
    </p>
   </div>
   <div class='ocr_carea' id='block_1_24' title="bbox 2177 3442 3840 3512">
    <p class='ocr_par' dir='ltr' id='par_1_28' title="bbox 2177 3442 3840 3512">
     <span class='ocr_line' id='line_1_85' title="bbox 2177 3442 3840 3512; baseline 0.007 -19"><span class='ocrx_word' id='word_1_531' title='bbox 2177 3443 2551 3496; x_wconf 81' lang='lat' dir='ltr'><strong>Ammenemis</strong></span> <span class='ocrx_word' id='word_1_532' title='bbox 2568 3442 2734 3512; x_wconf 86' lang='lat' dir='ltr'><strong>filius</strong></span> <span class='ocrx_word' id='word_1_533' title='bbox 2765 3448 2932 3497; x_wconf 84' lang='lat' dir='ltr'><strong>annis</strong></span> <span class='ocrx_word' id='word_1_534' title='bbox 2965 3444 3183 3497; x_wconf 79' lang='lat' dir='ltr'><em>XLVI.</em></span> <span class='ocrx_word' id='word_1_535' title='bbox 3212 3448 3609 3503; x_wconf 78' lang='lat' dir='ltr'><strong>Ammenemes</strong></span> <span class='ocrx_word' id='word_1_536' title='bbox 3635 3468 3732 3503; x_wconf 70' lang='lat' dir='ltr'><strong>an-</strong></span> <span class='ocrx_word' id='word_1_537' title='bbox 3839 3484 3840 3489; x_wconf 65' lang='lat'><em>=</em></span> 
     </span>
    </p>
   </div>
   <div class='ocr_carea' id='block_1_25' title="bbox 2174 3529 3733 3782">
    <p class='ocr_par' dir='ltr' id='par_1_29' title="bbox 2174 3529 3733 3782">
     <span class='ocr_line' id='line_1_86' title="bbox 2175 3529 3705 3602; baseline 0.007 -22"><span class='ocrx_word' id='word_1_538' title='bbox 2175 3531 2263 3580; x_wconf 87' lang='lat' dir='ltr'><strong>nis</strong></span> <span class='ocrx_word' id='word_1_539' title='bbox 2288 3530 2662 3597; x_wconf 82' lang='lat' dir='ltr'><strong>XXXVIII,</strong></span> <span class='ocrx_word' id='word_1_540' title='bbox 2695 3535 2792 3602; x_wconf 79' lang='lat' dir='ltr'><strong>qui</strong></span> <span class='ocrx_word' id='word_1_541' title='bbox 2808 3548 2844 3583; x_wconf 90' lang='grc' dir='ltr'>α</span> <span class='ocrx_word' id='word_1_542' title='bbox 2861 3534 2975 3584; x_wconf 85' lang='lat' dir='ltr'><strong>suis</strong></span> <span class='ocrx_word' id='word_1_543' title='bbox 2990 3529 3257 3585; x_wconf 75' lang='lat' dir='ltr'><strong>etenuchis</strong></span> <span class='ocrx_word' id='word_1_544' title='bbox 3275 3537 3605 3589; x_wconf 70' lang='lat' dir='ltr'><strong>interemtus</strong></span> <span class='ocrx_word' id='word_1_545' title='bbox 3617 3548 3705 3591; x_wconf 74' lang='lat' dir='ltr'><strong>eet.</strong></span> 
     </span>
     <span class='ocr_line' id='line_1_87' title="bbox 2254 3615 3733 3691; baseline 0.005 -20"><span class='ocrx_word' id='word_1_546' title='bbox 2254 3615 2514 3671; x_wconf 62' lang='lat' dir='ltr'><strong>Semi-Uis</strong></span> <span class='ocrx_word' id='word_1_547' title='bbox 2545 3622 2708 3671; x_wconf 84' lang='lat' dir='ltr'><strong>annis</strong></span> <span class='ocrx_word' id='word_1_548' title='bbox 2746 3618 3047 3684; x_wconf 82' lang='lat' dir='ltr'><em>XLVIII,</em></span> <span class='ocrx_word' id='word_1_549' title='bbox 3089 3624 3246 3689; x_wconf 82' lang='lat' dir='ltr'><strong>cujus</strong></span> <span class='ocrx_word' id='word_1_550' title='bbox 3273 3638 3539 3675; x_wconf 80' lang='lat' dir='ltr'><strong>mensum</strong></span> <span class='ocrx_word' id='word_1_551' title='bbox 3554 3619 3733 3691; x_wconf 70' lang='lat' dir='ltr'><strong>serru-</strong></span> 
     </span>
     <span class='ocr_line' id='line_1_88' title="bbox 2174 3702 3726 3782; baseline 0.003 -28"><span class='ocrx_word' id='word_1_552' title='bbox 2174 3702 2475 3757; x_wconf 85' lang='lat' dir='ltr'><strong>cubitorum</strong></span> <span class='ocrx_word' id='word_1_553' title='bbox 2502 3714 2768 3776; x_wconf 86' lang='lat' dir='ltr'><strong>quattuor,</strong></span> <span class='ocrx_word' id='word_1_554' title='bbox 2782 3705 3208 3778; x_wconf 77' lang='lat' dir='ltr'><strong>palmarumque</strong></span> <span class='ocrx_word' id='word_1_555' title='bbox 3226 3711 3390 3760; x_wconf 80' lang='lat' dir='ltr'><strong>trium</strong></span> <span class='ocrx_word' id='word_1_556' title='bbox 3404 3726 3534 3762; x_wconf 79' lang='lat' dir='ltr'><strong>cum</strong></span> <span class='ocrx_word' id='word_1_557' title='bbox 3553 3711 3726 3782; x_wconf 77' lang='lat' dir='ltr'><strong>digitis</strong></span> 
     </span>
    </p>
   </div>
   <div class='ocr_carea' id='block_1_26' title="bbox 2174 3789 3836 3870">
    <p class='ocr_par' dir='ltr' id='par_1_30' title="bbox 2174 3789 3836 3870">
     <span class='ocr_line' id='line_1_89' title="bbox 2174 3789 3836 3870; baseline 0.004 -29"><span class='ocrx_word' id='word_1_558' title='bbox 2174 3789 2400 3846; x_wconf 83' lang='lat' dir='ltr'><strong>duobus.</strong></span> <span class='ocrx_word' id='word_1_559' title='bbox 2424 3792 2488 3843; x_wconf 86' lang='lat' dir='ltr'><strong>Is</strong></span> <span class='ocrx_word' id='word_1_560' title='bbox 2504 3795 2813 3845; x_wconf 74' lang='lat' dir='ltr'><strong>universam</strong></span> <span class='ocrx_word' id='word_1_561' title='bbox 2836 3795 3035 3846; x_wconf 80' lang='lat' dir='ltr'><strong>Asiam</strong></span> <span class='ocrx_word' id='word_1_562' title='bbox 3069 3810 3345 3847; x_wconf 85' lang='lat' dir='ltr'><strong>annorum</strong></span> <span class='ocrx_word' id='word_1_563' title='bbox 3374 3812 3569 3849; x_wconf 73' lang='lat' dir='ltr'><strong>novem</strong></span> <span class='ocrx_word' id='word_1_564' title='bbox 3602 3814 3722 3870; x_wconf 63' lang='lat' dir='ltr'><strong>qn-</strong></span> <span class='ocrx_word' id='word_1_565' title='bbox 3835 3800 3836 3809; x_wconf 77' lang='grc'>’</span> 
     </span>
    </p>
   </div>
   <div class='ocr_carea' id='block_1_27' title="bbox 2165 3876 3722 5079">
    <p class='ocr_par' dir='ltr' id='par_1_31' title="bbox 2165 3876 3722 4453">
     <span class='ocr_line' id='line_1_90' title="bbox 2175 3876 3722 3955; baseline 0.005 -26"><span class='ocrx_word' id='word_1_566' title='bbox 2175 3878 2248 3929; x_wconf 87' lang='lat' dir='ltr'><strong>tio</strong></span> <span class='ocrx_word' id='word_1_567' title='bbox 2286 3876 2398 3930; x_wconf 82' lang='lat' dir='ltr'><strong>sibi</strong></span> <span class='ocrx_word' id='word_1_568' title='bbox 2440 3877 2699 3944; x_wconf 85' lang='lat' dir='ltr'><strong>subdidit,</strong></span> <span class='ocrx_word' id='word_1_569' title='bbox 2749 3882 2984 3950; x_wconf 80' lang='lat' dir='ltr'><strong>itemque</strong></span> <span class='ocrx_word' id='word_1_570' title='bbox 3021 3879 3262 3952; x_wconf 73' lang='lat' dir='ltr'><strong>Europa·</strong></span> <span class='ocrx_word' id='word_1_571' title='bbox 3305 3893 3535 3953; x_wconf 79' lang='lat' dir='ltr'><strong>par-tem</strong></span> <span class='ocrx_word' id='word_1_572' title='bbox 3574 3900 3722 3955; x_wconf 67' lang='lat' dir='ltr'><strong>usque</strong></span> 
     </span>
     <span class='ocr_line' id='line_1_91' title="bbox 2180 3962 3720 4042; baseline 0.005 -26"><span class='ocrx_word' id='word_1_573' title='bbox 2180 3963 2261 4015; x_wconf 77' lang='lat' dir='ltr'><strong>ad</strong></span> <span class='ocrx_word' id='word_1_574' title='bbox 2290 3962 2611 4017; x_wconf 79' lang='lat' dir='ltr'><strong>Thraciam.</strong></span> <span class='ocrx_word' id='word_1_575' title='bbox 2634 3963 2795 4018; x_wconf 84' lang='lat' dir='ltr'><strong>Idem</strong></span> <span class='ocrx_word' id='word_1_576' title='bbox 2818 3975 2874 4018; x_wconf 84' lang='lat' dir='ltr'><strong>et</strong></span> <span class='ocrx_word' id='word_1_577' title='bbox 2896 3982 3015 4018; x_wconf 81' lang='lat' dir='ltr'><strong>sua·</strong></span> <span class='ocrx_word' id='word_1_578' title='bbox 3046 3969 3103 4018; x_wconf 86' lang='lat' dir='ltr'><strong>in</strong></span> <span class='ocrx_word' id='word_1_579' title='bbox 3132 3969 3389 4037; x_wconf 77' lang='lat' dir='ltr'><strong>singulas</strong></span> <span class='ocrx_word' id='word_1_580' title='bbox 3431 3980 3624 4042; x_wconf 74' lang='lat' dir='ltr'><strong>gentes</strong></span> <span class='ocrx_word' id='word_1_581' title='bbox 3641 3969 3720 4023; x_wconf 73' lang='grc' dir='ltr'><strong>ὠ·</strong></span> 
     </span>
     <span class='ocr_line' id='line_1_92' title="bbox 2173 4051 3716 4128; baseline 0.005 -27"><span class='ocrx_word' id='word_1_582' title='bbox 2173 4053 2492 4103; x_wconf 79' lang='lat' dir='ltr'><strong>minationis</strong></span> <span class='ocrx_word' id='word_1_583' title='bbox 2512 4061 2864 4105; x_wconf 83' lang='lat' dir='ltr'><strong>monumenta</strong></span> <span class='ocrx_word' id='word_1_584' title='bbox 2881 4051 3081 4124; x_wconf 79' lang='lat' dir='ltr'><strong>ubique</strong></span> <span class='ocrx_word' id='word_1_585' title='bbox 3099 4056 3412 4119; x_wconf 61' lang='lat' dir='ltr'><strong>constitum</strong></span> <span class='ocrx_word' id='word_1_586' title='bbox 3443 4056 3716 4128; x_wconf 64' lang='lat' dir='ltr'><strong>apmlgur-</strong></span> 
     </span>
     <span class='ocr_line' id='line_1_93' title="bbox 2173 4137 3716 4211; baseline 0.004 -23"><span class='ocrx_word' id='word_1_587' title='bbox 2173 4145 2253 4189; x_wconf 82' lang='lat' dir='ltr'><strong>tes</strong></span> <span class='ocrx_word' id='word_1_588' title='bbox 2268 4137 2484 4208; x_wconf 85' lang='lat' dir='ltr'><strong>quidem</strong></span> <span class='ocrx_word' id='word_1_589' title='bbox 2516 4148 2767 4192; x_wconf 77' lang='lat' dir='ltr'><strong>strenuas</strong></span> <span class='ocrx_word' id='word_1_590' title='bbox 2789 4140 3014 4204; x_wconf 81' lang='lat' dir='ltr'><strong>virilia,</strong></span> <span class='ocrx_word' id='word_1_591' title='bbox 3046 4140 3208 4211; x_wconf 81' lang='lat' dir='ltr'><strong>apud</strong></span> <span class='ocrx_word' id='word_1_592' title='bbox 3218 4157 3358 4195; x_wconf 75' lang='lat' dir='ltr'><strong>vem</strong></span> <span class='ocrx_word' id='word_1_593' title='bbox 3375 4138 3716 4210; x_wconf 68' lang='lat' dir='ltr'><strong>imbelles-se·</strong></span> 
     </span>
     <span class='ocr_line' id='line_1_94' title="bbox 2172 4224 3713 4300; baseline 0.005 -25"><span class='ocrx_word' id='word_1_594' title='bbox 2172 4227 2358 4277; x_wconf 85' lang='lat' dir='ltr'><strong>minea</strong></span> <span class='ocrx_word' id='word_1_595' title='bbox 2380 4224 2645 4295; x_wconf 84' lang='lat' dir='ltr'><strong>pudenda</strong></span> <span class='ocrx_word' id='word_1_596' title='bbox 2671 4229 2997 4300; x_wconf 70' lang='lat' dir='ltr'><strong>ignominiae</strong></span> <span class='ocrx_word' id='word_1_597' title='bbox 3026 4243 3198 4279; x_wconf 82' lang='lat' dir='ltr'><strong>causa</strong></span> <span class='ocrx_word' id='word_1_598' title='bbox 3229 4228 3510 4281; x_wconf 72' lang='lat' dir='ltr'><strong>colecmnis</strong></span> <span class='ocrx_word' id='word_1_599' title='bbox 3535 4228 3713 4282; x_wconf 68' lang='lat' dir='ltr'><strong>insal-</strong></span> 
     </span>
     <span class='ocr_line' id='line_1_95' title="bbox 2165 4309 3710 4387; baseline 0.005 -26"><span class='ocrx_word' id='word_1_600' title='bbox 2165 4327 2323 4382; x_wconf 83' lang='lat' dir='ltr'><strong>pens.</strong></span> <span class='ocrx_word' id='word_1_601' title='bbox 2359 4309 2547 4378; x_wconf 82' lang='lat' dir='ltr'><strong>Quare</strong></span> <span class='ocrx_word' id='word_1_602' title='bbox 2575 4315 2623 4364; x_wconf 85' lang='lat' dir='ltr'><strong>is</strong></span> <span class='ocrx_word' id='word_1_603' title='bbox 2651 4312 2726 4365; x_wconf 84' lang='lat' dir='ltr'><strong>ab</strong></span> <span class='ocrx_word' id='word_1_604' title='bbox 2751 4314 3030 4386; x_wconf 75' lang='lat' dir='ltr'><strong>AEgrptiis</strong></span> <span class='ocrx_word' id='word_1_605' title='bbox 3055 4317 3349 4385; x_wconf 71' lang='lat' dir='ltr'><strong>ptutimos</strong></span> <span class='ocrx_word' id='word_1_606' title='bbox 3379 4326 3521 4387; x_wconf 83' lang='lat' dir='ltr'><strong>post</strong></span> <span class='ocrx_word' id='word_1_607' title='bbox 3548 4315 3710 4370; x_wconf 60' lang='lat' dir='ltr'><strong>ossi·</strong></span> 
     </span>
     <span class='ocr_line' id='line_1_96' title="bbox 2170 4394 2560 4453; baseline 0.008 -5"><span class='ocrx_word' id='word_1_608' title='bbox 2170 4394 2401 4450; x_wconf 78' lang='lat' dir='ltr'><strong>honores</strong></span> <span class='ocrx_word' id='word_1_609' title='bbox 2418 4398 2560 4453; x_wconf 83' lang='lat' dir='ltr'><strong>tulit.</strong></span> 
     </span>
    </p>

    <p class='ocr_par' dir='ltr' id='par_1_32' title="bbox 2166 4482 3708 4906">
     <span class='ocr_line' id='line_1_97' title="bbox 2246 4482 3708 4557; baseline 0.005 -21"><span class='ocrx_word' id='word_1_610' title='bbox 2246 4482 2470 4537; x_wconf 70' lang='lat' dir='ltr'><strong>Secutus</strong></span> <span class='ocrx_word' id='word_1_611' title='bbox 2482 4495 2569 4537; x_wconf 83' lang='lat' dir='ltr'><strong>est</strong></span> <span class='ocrx_word' id='word_1_612' title='bbox 2579 4484 2904 4557; x_wconf 63' lang='lat' dir='ltr'><strong>Lampo-ms,</strong></span> <span class='ocrx_word' id='word_1_613' title='bbox 2924 4490 3091 4540; x_wconf 82' lang='lat' dir='ltr'><strong>annis</strong></span> <span class='ocrx_word' id='word_1_614' title='bbox 3111 4487 3290 4544; x_wconf 83' lang='lat' dir='ltr'><em>VIII.</em></span> <span class='ocrx_word' id='word_1_615' title='bbox 3306 4489 3418 4543; x_wconf 83' lang='lat' dir='ltr'><strong>Hic</strong></span> <span class='ocrx_word' id='word_1_616' title='bbox 3435 4493 3498 4543; x_wconf 76' lang='lat' dir='ltr'><strong>in</strong></span> <span class='ocrx_word' id='word_1_617' title='bbox 3512 4494 3708 4545; x_wconf 61' lang='lat' dir='ltr'><strong>Ani»</strong></span> 
     </span>
     <span class='ocr_line' id='line_1_98' title="bbox 2170 4566 3704 4646; baseline 0.005 -22"><span class='ocrx_word' id='word_1_618' title='bbox 2170 4574 2246 4624; x_wconf 83' lang='lat' dir='ltr'><strong>ite</strong></span> <span class='ocrx_word' id='word_1_619' title='bbox 2287 4566 2394 4646; x_wconf 89' lang='lat' dir='ltr'><strong>(sc.</strong></span> <span class='ocrx_word' id='word_1_620' title='bbox 2434 4571 2637 4646; x_wconf 90' lang='lat' dir='ltr'><strong>nomo)</strong></span> <span class='ocrx_word' id='word_1_621' title='bbox 2682 4571 3058 4642; x_wconf 77' lang='lat' dir='ltr'><strong>labyrinthum</strong></span> <span class='ocrx_word' id='word_1_622' title='bbox 3100 4591 3456 4630; x_wconf 74' lang='lat' dir='ltr'><strong>cavernosum</strong></span> <span class='ocrx_word' id='word_1_623' title='bbox 3499 4577 3607 4632; x_wconf 80' lang='lat' dir='ltr'><strong>sibi</strong></span> <span class='ocrx_word' id='word_1_624' title='bbox 3631 4587 3704 4631; x_wconf 71' lang='lat' dir='ltr'><strong>u·</strong></span> 
     </span>
     <span class='ocr_line' id='line_1_99' title="bbox 2168 4655 3704 4733; baseline 0.003 -24"><span class='ocrx_word' id='word_1_625' title='bbox 2168 4657 2374 4710; x_wconf 82' lang='lat' dir='ltr'><strong>mulum</strong></span> <span class='ocrx_word' id='word_1_626' title='bbox 2393 4655 2561 4725; x_wconf 88' lang='lat' dir='ltr'><strong>fecit.</strong></span> <span class='ocrx_word' id='word_1_627' title='bbox 2604 4658 2989 4731; x_wconf 70' lang='lat' dir='ltr'><strong>Regnaverant</strong></span> <span class='ocrx_word' id='word_1_628' title='bbox 3038 4678 3375 4716; x_wconf 76' lang='lat' dir='ltr'><strong>successores</strong></span> <span class='ocrx_word' id='word_1_629' title='bbox 3408 4669 3535 4733; x_wconf 81' lang='lat' dir='ltr'><strong>ejus</strong></span> <span class='ocrx_word' id='word_1_630' title='bbox 3564 4666 3704 4716; x_wconf 57' lang='lat' dir='ltr'><strong>m]</strong></span> 
     </span>
     <span class='ocr_line' id='line_1_100' title="bbox 2166 4743 3699 4804; baseline 0.004 -8"><span class='ocrx_word' id='word_1_631' title='bbox 2166 4745 2347 4797; x_wconf 87' lang='lat' dir='ltr'><em>XLII</em></span> <span class='ocrx_word' id='word_1_632' title='bbox 2354 4783 2367 4796; x_wconf 93' lang='lat'><strong>.</strong></span> <span class='ocrx_word' id='word_1_633' title='bbox 2414 4743 2646 4797; x_wconf 84' lang='lat' dir='ltr'><strong>Summa</strong></span> <span class='ocrx_word' id='word_1_634' title='bbox 2698 4750 2965 4799; x_wconf 76' lang='lat' dir='ltr'><strong>universoe</strong></span> <span class='ocrx_word' id='word_1_635' title='bbox 3012 4745 3419 4804; x_wconf 80' lang='lat' dir='ltr'><strong>dominationis</strong></span> <span class='ocrx_word' id='word_1_636' title='bbox 3461 4765 3699 4804; x_wconf 69' lang='lat' dir='ltr'><strong>m</strong></span> 
     </span>
     <span class='ocr_line' id='line_1_101' title="bbox 2169 4828 2944 4906; baseline 0.006 -20"><span class='ocrx_word' id='word_1_637' title='bbox 2169 4830 2435 4886; x_wconf 83' lang='lat' dir='ltr'><em>CCXLV</em></span> <span class='ocrx_word' id='word_1_638' title='bbox 2463 4830 2606 4905; x_wconf 75' lang='lat'>(248</span> <span class='ocrx_word' id='word_1_639' title='bbox 2628 4828 2944 4906; x_wconf 83' lang='lat' dir='ltr'><strong>Samuelis).</strong></span> 
     </span>
    </p>

    <p class='ocr_par' dir='ltr' id='par_1_33' title="bbox 2166 4916 3690 5079">
     <span class='ocr_line' id='line_1_102' title="bbox 2244 4916 3690 4993; baseline 0.003 -21"><span class='ocrx_word' id='word_1_640' title='bbox 2244 4918 2599 4990; x_wconf 78' lang='lat' dir='ltr'><strong>Exputantur</strong></span> <span class='ocrx_word' id='word_1_641' title='bbox 2613 4919 2744 4973; x_wconf 90' lang='lat' dir='ltr'><strong>anni</strong></span> <span class='ocrx_word' id='word_1_642' title='bbox 2779 4916 3130 4993; x_wconf 77' lang='lat' dir='ltr'><strong>182.1taqtie</strong></span> <span class='ocrx_word' id='word_1_643' title='bbox 3150 4929 3251 4977; x_wconf 84' lang='lat' dir='ltr'><strong>aut</strong></span> <span class='ocrx_word' id='word_1_644' title='bbox 3266 4941 3540 4979; x_wconf 81' lang='lat' dir='ltr'><strong>numerus</strong></span> <span class='ocrx_word' id='word_1_645' title='bbox 3557 4920 3690 4978; x_wconf 76' lang='lat' dir='ltr'><strong>xm</strong></span> 
     </span>
     <span class='ocr_line' id='line_1_103' title="bbox 2166 5002 3686 5079; baseline 0.005 -23"><span class='ocrx_word' id='word_1_646' title='bbox 2166 5014 2263 5057; x_wconf 89' lang='lat' dir='ltr'><strong>aut</strong></span> <span class='ocrx_word' id='word_1_647' title='bbox 2286 5002 2521 5061; x_wconf 83' lang='lat' dir='ltr'>CCXLV</span> <span class='ocrx_word' id='word_1_648' title='bbox 2557 5014 2855 5079; x_wconf 87' lang='lat' dir='ltr'><strong>corruptus</strong></span> <span class='ocrx_word' id='word_1_649' title='bbox 2884 5018 2981 5064; x_wconf 84' lang='lat' dir='ltr'><strong>est.</strong></span> <span class='ocrx_word' id='word_1_650' title='bbox 3019 5008 3200 5079; x_wconf 69' lang='lat' dir='ltr'><strong>majus</strong></span> <span class='ocrx_word' id='word_1_651' title='bbox 3228 5021 3360 5065; x_wconf 84' lang='lat' dir='ltr'><strong>ante</strong></span> <span class='ocrx_word' id='word_1_652' title='bbox 3388 5011 3591 5067; x_wconf 79' lang='lat' dir='ltr'><strong>XLII</strong></span> <span class='ocrx_word' id='word_1_653' title='bbox 3577 5024 3686 5063; x_wconf 71' lang='lat' dir='ltr'><strong>inse-</strong></span> 
     </span>
    </p>
   </div>
   <div class='ocr_carea' id='block_1_28' title="bbox 2167 5090 3682 5224">
    <p class='ocr_par' dir='ltr' id='par_1_34' title="bbox 2167 5090 3682 5224">
     <span class='ocr_line' id='line_1_104' title="bbox 2167 5090 3682 5224; baseline 0.004 -81"><span class='ocrx_word' id='word_1_654' title='bbox 2167 5090 2281 5223; x_wconf 54' lang='lat' dir='ltr'><strong>punt</strong></span> <span class='ocrx_word' id='word_1_655' title='bbox 2305 5108 2504 5224; x_wconf 63' lang='lat' dir='ltr'><strong>voggm</strong></span> <span class='ocrx_word' id='word_1_656' title='bbox 2521 5097 2778 5166; x_wconf 81' lang='lat' dir='ltr'><strong>quisque‚·</strong></span> <span class='ocrx_word' id='word_1_657' title='bbox 2810 5111 3008 5149; x_wconf 81' lang='lat' dir='ltr'><strong>verum</strong></span> <span class='ocrx_word' id='word_1_658' title='bbox 3043 5106 3164 5150; x_wconf 87' lang='lat' dir='ltr'><strong>tum</strong></span> <span class='ocrx_word' id='word_1_659' title='bbox 3189 5114 3406 5153; x_wconf 79' lang='lat' dir='ltr'><strong>summa</strong></span> <span class='ocrx_word' id='word_1_660' title='bbox 3442 5111 3682 5153; x_wconf 63' lang='lat' dir='ltr'><strong>annon-u</strong></span> 
     </span>
     <span class='ocr_line' id='line_1_105' title="bbox 2191 5179 2366 5224; baseline -0.006 -1"><span class='ocrx_word' id='word_1_661' title='bbox 2191 5179 2315 5224; x_wconf 86' lang='lat' dir='ltr'><strong>oret</strong></span> <span class='ocrx_word' id='word_1_662' title='bbox 2333 5187 2366 5222; x_wconf 78' lang='lat'><em>2</em></span> 
     </span>
    </p>
   </div>
   <div class='ocr_carea' id='block_1_29' title="bbox 3835 3312 3843 3864">
    <p class='ocr_par' dir='ltr' id='par_1_35' title="bbox 3835 3312 3843 3864">
     <span class='ocr_line' id='line_1_106' title="bbox 3835 3312 3843 3864; baseline 0 0"><span class='ocrx_word' id='word_1_663' title='bbox 3835 3312 3843 3864; x_wconf 95' lang='lat' dir='ltr'><strong> </strong></span> 
     </span>
    </p>
   </div>
  </div>
 </body>
</html>
