3900 6042
1224 464 1725 525 uenenum
1765 446 2195 527 NYSAENSl'S.

75 603 358 658 Trachin.
422 600 542 665 354
598 618 611 654 :
656 594 959 673 Φερεκύδης
1011 595 1164 674 φησὶν
1207 597 1224 672 (
1248 617 1299 654 V.
1349 599 1418 655 fr.
1454 597 1569 674 30)

79 685 447 765 Μενεκράτης
496 683 550 743 δὲ
581 684 719 742 οὕτω
759 683 926 760 λέγει·
957 681 1224 761 Ἠρακλέα
1266 684 1336 749 εἰς
1377 682 1656 759 ἰπιθυμίαν

81 775 254 843 Ἰόλης
280 771 581 852 ἀφικέσθαι
611 775 704 842 τῆς
732 768 1009 849 Εὖρώτου,
1032 769 1119 827 τὸν
1161 768 1214 827 δὲ
1245 769 1319 845 μὴ
1348 770 1512 828 θελεῖν
1535 768 1664 827 διδό-

85 883 195 917 ναι·
223 858 337 937 ἦρα
368 880 433 915 τε
463 856 569 936 γὰρ
598 859 757 927 αὐτῆς
777 856 867 915 καὶ
888 856 1164 932 μίγνυσθαι
1185 855 1478 934 ἔμιλλεντῇ
1507 861 1663 933 θυγα·

86 946 196 1025 τρὶ,
219 947 266 1002 εἰ
295 943 379 1020 μὴ
411 944 638 1023 Ἀργεῖοι
660 942 867 1013 ἐξῆλθον
897 945 967 1008 εἰς
991 941 1088 1013 τὴν
1111 941 1357 1003 Εὕὸοιαν.
1384 946 1469 1002 Cf.
1498 949 1664 1002 etiam

87 1033 346 1090 Eustath.
380 1032 464 1088 ad
493 1034 563 1088 11.
595 1034 680 1099 Π,
711 1050 745 1086 2
771 1042 826 1086 et
856 1051 944 1100 11,
967 1051 1028 1105 p.
1063 1031 1175 1103 857
1206 1047 1263 1086 et
1287 1031 1425 1105 859.
1456 1062 1535 1076 —-
1558 1034 1666 1089 Ce-

93 1132 276 1175 terum
327 1119 498 1174 idem
523 1119 864 1176 Menecrates
890 1137 1059 1191 quem
1083 1118 1155 1173 de
1201 1120 1438 1193 Megara!
1478 1120 1669 1175 liberis

95 1207 275 1262 schol.
303 1204 553 1260 Pindari
582 1204 800 1272 laudat,
823 1204 896 1259 de
915 1206 1096 1259 Nicaea
1118 1204 1261 1259 urbe
1279 1205 1483 1259 librum
1508 1224 1668 1260 com-

97 1295 347 1365 posuisse
391 1291 649 1349 videtur.
686 1293 830 1346 Nam
858 1291 935 1346 ita
959 1293 1179 1347 Tzetzes
1205 1292 1278 1346 ad
1310 1294 1446 1365 Lyc.
1487 1292 1600 1346 662
1650 1312 1663 1346 ε

99 1374 446 1456 Μενεκράτης
484 1379 514 1433 ὁ
539 1375 672 1455 Περὶ
713 1375 933 1441 Νικαίας
960 1373 1229 1456 γεγραφὼς
1273 1374 1507 1434 Ἀλκαῖόν
1541 1397 1667 1455 φησι

103 1463 350 1542 πρότερον
383 1464 666 1519 καλεῖσθαι
691 1461 989 1537 Ἡρακλέα,
1010 1461 1166 1520 ὁπότε
1193 1460 1309 1527 τοὺς
1336 1462 1395 1518 ἐκ
1415 1460 1663 1539 Μεγάρας

106 1552 241 1628 αὐτῷ
283 1550 701 1627 γεγεννημένους
741 1549 878 1605 ὀκτὼ
909 1549 1124 1620 παῖδας,
1161 1548 1251 1606 καὶ
1291 1550 1348 1607 οὗ
1375 1547 1664 1626 τέσσαρας,

112 1636 326 1711 ἀνεῖλεν,
349 1633 423 1701 ὥς
450 1657 585 1712 φησι
614 1634 870 1712 Πίνδαρος
892 1636 1109 1715 (Isthm.
1131 1639 1244 1705 ΙΙΙ,
1278 1637 1437 1710 104).
1461 1639 1669 1690 Verum

110 1727 222 1780 haec
260 1737 466 1799 aperte
510 1727 557 1780 T
560 1735 736 1779 zetzes
759 1724 942 1778 hausit
970 1742 1038 1779 ex
1078 1724 1253 1781 schol.
1285 1723 1540 1792 Pindari,
1564 1724 1665 1776 ubi

113 1813 248 1867 nihil
295 1813 516 1886 legitur
579 1811 650 1866 de
703 1813 1023 1866 Menecrate
1077 1811 1358 1866 Nicaensis
1427 1811 1671 1864 historiae

116 1909 337 1953 auctore
360 1939 377 1967 ,
423 1916 600 1971 quem
638 1899 897 1953 asciverit
935 1916 1004 1952 ex
1060 1898 1363 1952 Plutarcho
1415 1899 1579 1953 Thes.
1615 1917 1666 1954 c.

121 1985 187 2040 26
207 2026 224 2053 ,
245 1987 347 2041 ubi
375 1986 653 2041 laudatur
678 1982 1013 2060 Μενεκράτης
1038 2006 1135 2048 τις
1160 1981 1391 2059 ἱστορίαν
1419 1981 1538 2060 περὶ
1571 1984 1672 2041 Ni·-

121 2070 333 2135 καίας...
365 2068 692 2135 ἐκδεδωκώς.
725 2074 866 2126 Nam
891 2072 1080 2145 legisse
1102 2073 1334 2127 Tzetzen
1355 2072 1506 2126 hunc
1531 2072 1674 2126 Plu-

123 2160 288 2213 tarchi
328 2159 532 2214 locum
571 2166 726 2231 patet
774 2176 841 2212 ex
868 2159 1042 2215 schol.
1093 2157 1211 2229 ejus
1246 2157 1320 2213 ad
1366 2159 1670 2214 Antehom.

123 2263 180 2318 p.
231 2244 342 2301 238
390 2246 488 2301 ed.
545 2245 764 2301 Jacobs.
822 2244 838 2318 (
865 2245 994 2300 Vide
1051 2245 1336 2300 Herodoti
1385 2245 1455 2300 fr.
1535 2262 1597 2313 17
1627 2246 1670 2314 ).

126 2334 299 2402 Quare
358 2351 506 2386 num
555 2349 752 2387 revera
792 2334 1134 2387 Menecrates
1179 2350 1345 2404 quem
1385 2331 1675 2385 scholiasta

3189 475 3300 526 ³⁴5

1755 598 1977 675 ἷσχυρῶς
2013 595 2431 675 ἀποτρίψασθαι,
2454 594 2512 653 τὸ
2548 595 2603 653 δὲ
2631 604 2850 673 πρᾶγμα
2881 593 3153 672 σωφρόνως
3191 594 3306 671 ἅμα

1754 684 1845 740 καὶ
1875 681 2052 763 πρᾴως
2077 683 2299 758 ἐνεγκεῖν
2317 727 2334 759 ,
2373 681 2462 739 καὶ
2487 682 2612 760 πρὸς
2637 682 2725 739 τὸν
2754 681 2940 753 Θησέα
2971 680 3044 756 μὴ
3076 703 3306 758 κατηγο-

1757 774 1929 848 ρῆσαι.
1954 772 2064 829 Τοῦ
2088 769 2141 826 δὲ
2172 768 2448 834 Σολόεντος
2465 813 2481 840 ,
2506 772 2575 834 ὡς
2600 771 2836 844 ἀπέγνω,
2859 767 3096 849 ῥίψαντος
3124 766 3304 825 ἑαυτὸν

1754 860 1825 923 εἷς
1852 856 2087 932 ποταμόν
2110 878 2224 913 τινα
2244 855 2334 913 καὶ
2354 854 2739 936 διαφθαρέντος,
2760 854 3052 932 ᾐσθημένον
3072 852 3189 912 τότε
3213 851 3306 923 τὴν

1755 943 1925 1002 αἰτίαν
1954 941 2118 1000 καὶτὸ
2149 942 2310 1007 πάθος
2336 947 2424 998 τοῦ
2450 940 2717 999 νεανίσκου
2742 940 2829 997 τὸν
2870 938 3056 1009 Θησέα
3110 937 3306 1017 βαρέως

1753 1034 1957 1108 ἔνεγκε
1934 1054 2000 1109 ιν,
2029 1028 2119 1087 καὶ
2144 1030 2492 1110 δυσφοροῦντα
2520 1027 2691 1105 λόγιόν
2717 1051 2768 1085 τι
2786 1026 3146 1105 πυθόχρηστον
3184 1027 3302 1083 ‹ivs-

1754 1124 1955 1195 νεγκεῖν
1991 1138 2117 1195 προς
2146 1115 2360 1174 ἑαυτόν·
2397 1105 2530 1173 εἶναι
2564 1112 2665 1193 γὰρ
2690 1114 2832 1191 αὐτῷ
2861 1109 3306 1189 προστεταγμένον

1755 1207 1808 1262 ἐν
1845 1206 2061 1282 Δελφοῖς
2100 1202 2202 1261 ὑπὸ
2238 1206 2331 1273 τῆς
2369 1201 2600 1271 Πυθίας,
2641 1200 2762 1258 ὅταν
2804 1171 2890 1256 Ιἐπὶ
2934 1198 3076 1269 ξένης
3123 1200 3307 1274 ἀνιαθῇ

1759 1289 1991 1365 μάλιστα
2010 1287 2100 1346 καὶ
2124 1287 2404 1367 περίλυπος
2428 1288 2660 1362 γένηται,
2683 1284 2834 1345 πόλιν
2864 1286 2973 1342 ἐκεῖ
2989 1283 3184 1354 κτίσαι,
3214 1281 3306 1340 καὶ

1756 1381 1859 1434 τῶν
1894 1378 2028 1455 ἀμφ’
2058 1374 2211 1433 αυτὸν
2239 1373 2380 1439 τινὰς
2415 1372 2675 1449 ἡγεμόνας
2713 1370 3036 1430 καταλιπεῖν.
3118 1370 3220 1429 Ἐκ
3254 1368 3306 1425 δὲ

1762 1461 1946 1520 τούτου
1972 1461 2067 1532 τὴν
2097 1459 2191 1537 μὲν
2229 1461 2395 1532 πόλιν,
2418 1460 2482 1530 ἣν
2508 1459 2726 1529 ἔκτισεν,
2764 1457 2868 1516 ἀπὸ
2888 1464 2975 1516 τοῦ
3000 1461 3115 1515 θεοῦ
3140 1455 3310 1516 Πυθό-

1758 1551 1910 1606 πολιν
1929 1553 2371 1627 προσαγορεῦσαι·
2404 1540 2660 1605 Σολόεντα
2691 1544 2742 1602 δὲ
2769 1543 2855 1602 τὸν
2898 1543 3116 1615 πλησίον
3144 1565 3310 1602 ποτα-

1759 1635 1854 1713 μὸν
1880 1636 1967 1692 ἐπὶ
1995 1639 2123 1712 τιμῇ
2150 1639 2242 1692 τοῦ
2266 1633 2551 1692 νεανίσκου.
2636 1632 2963 1692 Καταλιπεῒν
2991 1628 3045 1688 δὲ
3077 1629 3167 1687 καὶ
3190 1628 3309 1695 τους

1758 1720 2006 1802 ἀδελφους
2030 1723 2185 1780 αὐτου
2226 1710 2331 1778 οἷον
2356 1719 2636 1784 ἐπιστάτας
2656 1716 2746 1776 καὶ
2772 1716 3076 1792 νομοθέτας,
3105 1714 3195 1773 καὶ
3218 1739 3311 1774 συν

1760 1810 1933 1874 αὐτοῖς
1970 1807 2205 1887 Ἕρμον,
2252 1806 2413 1886 ἄνδρα
2462 1809 2565 1863 τῶν
2612 1803 2879 1887 Ἀθήνησιν
2930 1802 3305 1878 Εὐπατριδῶν·

1760 1898 1831 1975 cip
1834 1888 1928 1954 ὀὗ
1959 1897 2050 1953 καὶ
2077 1894 2234 1953 τόπον
2256 1892 2454 1972 Ἕρμου
2478 1892 2655 1951 καλεῖν
2678 1891 2842 1950 οἰκίαν
2869 1913 2986 1954 τους
3018 1887 3311 1947 Πυθοπολί-

1760 2006 1853 2047 τας
1879 1983 1973 2040 οὐκ
1992 1984 2152 2060 ὀρθῶς
2170 1980 2264 2051 τὴν
2285 1980 2525 2059 δευτέραν
2556 1976 2821 2048 συλλαὸὴν
2845 1979 3203 2051 περισπῶντας
3221 1974 3312 2033 καὶ

1761 2069 1855 2141 τὴν
1878 2068 2026 2137 δόξαν
2052 2069 2138 2126 ἐπὶ
2167 2066 2280 2126 θεὸν
2307 2066 2412 2125 ἀπὸ
2441 2065 2604 2146 ἥρωος
2630 2065 3010 2142 μετατιθέντας.

1843 2343 2114 2413 Reliquos
2137 2340 2465 2412 scriptores,
2495 2337 2700 2409 quibus
2723 2334 3053 2393 Menecratis
3077 2353 3309 2402 nomen,

129 2417 346 2472 Pindari
379 2418 609 2486 laudat,
650 2429 829 2518 atque·
857 2429 1055 2473 auctor
1091 2418 1334 2472 historiae
1391 2417 1671 2472 Nicaensis
1763 2440 1828 2482 ut
1855 2430 2141 2482 Mum-mm
2166 2426 2585 2500 grammaticum
2617 2422 2732 2499 (ap
2754 2422 2931 2477 schol,
2954 2424 3124 2476 Hom.
3157 2422 3224 2475 11.
3252 2427 3308 2488 4,

133 2503 287 2562 fuerit
307 2524 457 2560 unus
483 2505 782 2578 idemque,
813 2506 872 2559 in
899 2504 1089 2560 medio
1113 2504 1390 2577 relinquo.

622 2660 801 2719 ΠΕΡΙ
844 2661 919 2718 Nl
929 2660 1025 2718 ΚΑ
1035 2659 1182 2718 ῙΑΣ.

876 2800 934 2857 8.

214 2956 490 3012 Plutarch.
539 2957 700 3013 Thes.
741 2975 793 3015 c.
828 2955 957 3014 26.
1000 2951 1424 3032 Μενεκράτη·
1473 2951 1529 3009 δέ
1575 2974 1678 3023 τις,

145 3041 413 3118 ἱστορίαν
433 3039 588 3120 περὶ
607 3039 882 3107 Νικαίας
905 3045 1024 3112 τῆς
1044 3042 1108 3099 ἐν
1129 3038 1406 3117 Βιθυνία
1439 3036 1682 3102 πόλεως

147 3126 553 3196 ἐκδεδωκὼς,
603 3125 795 3198 Θησέα
845 3129 973 3206 φησὶ
1022 3127 1116 3198 τὴν
1172 3125 1444 3195 Ἀντιόπην
1494 3124 1681 3202 ἔχοντα

152 3211 397 3294 διατρῖψαι
422 3215 547 3291 περὶ
589 3215 793 3281 τούτους
822 3214 937 3281 τους
967 3212 1182 3281 τόπους·
1205 3212 1477 3291 τυγχάνειν
1502 3211 1557 3269 δὲ
1585 3234 1682 3268 συ-

153 3301 503 3376 στρατεύοντας
533 3304 676 3360 αὐτῶ
703 3310 837 3381 τρεῖς
863 3300 1158 3366 νεανίσκους
1181 3298 1231 3367 ἐξ
1255 3299 1504 3371 Ἀθηνῶν,
1539 3299 1685 3355 ἀδελ·

155 3384 263 3463 vois:
315 3388 581 3464 ἀλλήλων,
637 3386 841 3448 Εὔνεων
883 3388 973 3445 καὶ
1010 3387 1221 3449 Θόαντα
1267 3385 1357 3443 καὶ
1405 3384 1681 3445 Σολόεντα.

156 3469 411 3530 Τοῦτον“”ς
355 3498 440 3532 ουν
465 3479 667 3554 ἐρῶντα
684 3498 775 3544 της
796 3473 1061 3544 Ἀντιόπης
1076 3518 1092 3548 ,
1114 3472 1204 3531 καὶ
1222 3472 1541 3532 λανθάνοντα
1568 3470 1683 3535 τους

161 3559 346 3638 ἄλλους,
376 3562 592 3629 ἐξειπεῖν
610 3560 738 3640 πρὸς
766 3561 855 3619 ἕνα
879 3564 982 3620 τῶν
1006 3561 1268 3631 συνήθων·
1254 3559 1479 3618 ’ἐκείνου
1496 3557 1550 3616 δὲ
1564 3556 1683 3636 περὶ

158 3644 330 3703 τουτων
373 3647 671 3727 ἐντυχόντος
713 3652 779 3724 τῇ
808 3647 1081 3727 Ἀντιόπῃ,
1119 3646 1212 3717 τὴν
1246 3644 1338 3723 μὲν
1379 3645 1473 3715 τὴν
1500 3650 1685 3723 πεῖραν

699 3842 802 3900 DE
845 3841 1117 3902 NICAEA.

887 4002 941 4050 8.

220 4118 494 4172 Menecrates
506 4124 701 4185 quidam
714 4160 729 4184 ,
744 4124 826 4186 qui
848 4124 1100 4174 Historiam
1119 4126 1288 4174 Rieoeae
1308 4125 1439 4174 urbis
1458 4124 1688 4185 Bithyniae

168 4190 324 4253 “liffits
340 4198 570 4249 Theseum
602 4203 865 4261 memorat,
901 4215 1054 4262 quum
1080 4202 1335 4262 Antiopam
1373 4201 1582 4262 teneret,
1606 4200 1689 4251 de-

169 4274 383 4322 moratum
404 4277 696 4339 aliquamdiu
724 4279 816 4327 illis
845 4279 895 4327 in
918 4279 1014 4329 oris
1035 4298 1047 4327 ε
1067 4278 1289 4330 habuisse
1307 4281 1469 4328 autem
1488 4291 1598 4328 eum
1617 4291 1690 4328 ee-

173 4356 268 4395 cum
281 4354 628 4415 commilitones,
644 4358 740 4405 tres
751 4355 1052 4405 Athenienses
1062 4356 1277 4418 juvenes,
1295 4356 1464 4405 iratres
1482 4357 1603 4405 inter
1620 4369 1688 4415 se,

174 4421 394 4489 Euneum,
424 4431 690 4481 Thoantem
710 4437 757 4482 et
774 4433 1012 4483 Soloeuta.
1043 4436 1181 4483 Hunc
1205 4434 1419 4496 Antiopoe
1436 4445 1599 4484 amore
1617 4434 1690 4482 in-

174 4496 462 4567 flammatum,
478 4522 626 4571 quum
656 4509 874 4559 ardorem
896 4524 1037 4561 suum
1052 4510 1226 4560 celaret
1256 4511 1395 4575 alios,
1432 4512 1513 4559 uui
1537 4524 1598 4559 ex
1617 4512 1688 4559 sa·

177 4576 411 4631 miliaribus
428 4584 684 4647 detexisse3
703 4590 786 4649 qui
806 4601 958 4650 quum
980 4589 1230 4650 Antiopam
1255 4590 1346 4637 liae
1367 4587 1427 4638 de
1450 4601 1501 4638 re
1523 4588 1687 4651 appel-

177 4648 303 4713 laret,
328 4669 426 4707 eam
440 4664 798 4713 attentationem
828 4665 972 4726 hujus
990 4664 1214 4725 repulisse
1227 4667 1415 4725 acriter,
1432 4665 1690 4727 prudenter

180 4724 220 4771 id
234 4729 379 4781 tamen
394 4736 553 4787 tulisse
569 4741 618 4788 et
635 4739 823 4801 leniter,
845 4752 1003 4802 neque
1019 4740 1081 4789 ad
1102 4741 1338 4790 Theseum
1358 4741 1599 4791 detulisse.
1628 4745 1689 4790 At

180 4803 334 4868 soloin,
355 4811 547 4865 abaciam
567 4830 650 4880 spe
669 4831 822 4880 quum
844 4832 894 4868 ιιι
912 4830 1102 4869 amnem
1120 4820 1358 4880 quendam
1376 4833 1428 4869 se
1443 4819 1689 4880 abjecisset

1765 2524 1876 2588 943
1903 2533 1993 2586 11,
2024 2514 2167 2583 677,
2152 2519 2287 2580 ·,α4
2312 2506 2468 2585 804),
2499 2521 2555 2564 et
2583 2508 2914 2582 Ephesium,
2935 2509 3084 2562 Arati
3105 2524 3312 2578 praece

1766 2615 1987 2676 ptorem
2008 2599 2223 2677 (Suidas
2239 2617 2294 2653 V.
2316 2592 2631 2671 Αρατος),ο
2601 2595 2859 2650 carminis
2874 2593 2944 2647 de
2954 2593 3313 2666 Agricultura

1767 2700 2054 2747 auctorem
2100 2684 2320 2761 (Varro
2362 2686 2435 2738 R.
2492 2683 2563 2739 R.
2603 2683 2658 2750 1,
2706 2677 3170 2753 1,9;111,16‚
3218 2676 3311 2750 183

1768 2777 1911 2833 Plin.
1957 2777 2027 2830 Η.
2055 2775 2125 2830 Ν.
2153 2774 2304 2839 vm,
2334 2781 2390 2825 et
2418 2771 2533 2838 lx,
2565 2768 2663 2842 7);
2694 2785 2870 2839 porro
2912 2768 3003 2823 M.
3048 2771 3312 2819 comicum

1774 2862 2056 2935 (SuidasV.
2077 2861 2300 2934 Μενεκρ.
2314 2862 2379 2912 V.
2395 2855 2682 2912 Meinecke
2703 2856 2875 2912 Com.
2902 2854 3126 2926 sr.1,.p
3151 2850 3311 2927 493),

1766 2951 2113 3017 Smrmaeum
2150 2957 2374 3018 poetam
2405 2942 2598 3017 (cujus
2641 2942 2757 2996 duo
2799 2932 3197 3013 epigfflmmata
3256 2940 3317 2993 in

1768 3037 2000 3092 Anthol.
2020 3036 2047 3090 1
2059 3053 2144 3108 ,.p
2165 3032 2330 3109 476),
2351 3032 2755 3114 Syracusanum
2776 3028 3055 3082 medicum
3084 3027 3315 3101 (Athen.

1767 3143 1830 3197 p.
1865 3122 2010 3196 289,
2034 3124 2100 3190 Β,
2123 3119 2390 3176 Suidasv.
2422 3109 2787 3191 Μενεκράτης,
2811 3115 3093 3170 Plutarch.
3120 3113 3317 3186 Agesil.

1772 3229 1879 3283 αι,
1907 3210 2112 3266 AElian.
2161 3210 2229 3264 V.
2260 3207 2333 3263 Η.
2362 3206 2505 3272 ΧΠ,
2555 3200 3004 3277 51),aliumM.
3035 3200 3317 3255 medicum

1770 3316 1938 3371 quem
1962 3295 2153 3350 laudat
2181 3293 2383 3350 Coelius
2419 3292 2611 3379 Aurel.
2648 3289 2856 3345 Chron.
2892 3306 3035 3360 pass.
3082 3288 3135 3356 1,
3166 3292 3230 3353 4,
3265 3296 3321 3340 et

1772 3385 1995 3437 tertium
2024 3383 2157 3435 item
2185 3378 2495 3446 medicum,
2530 3342 2607 3431 de
2634 3394 2750 3448 quo
2775 3394 2825 3427 V.
2878 3374 3097 3429 Fabric.
3130 3375 3193 3427 B.
3221 3373 3318 3429 Gr.

1768 3466 2176 3541 xl11,p.332
2206 3479 2263 3522 et
2293 3465 2582 3539 Sprengel.
2621 3461 2819 3517 Gesch.
2855 3462 2926 3516 de
2952 3459 3209 3516 Arzneik.
3236 3460 3319 3528 11,

1769 3576 1830 3630 p.
1867 3574 2073 3627 72sq.,
2108 3554 2212 3608 hos
2235 3571 2454 3620 omnes,
2484 3553 2742 3623 inquam,
2773 3548 2950 3602 verbo
2986 3563 3319 3601 memorasse

1770 3646 1897 3699 satis
1919 3654 2018 3700 est.

1771 3824 1822 3871 et
1845 3821 2129 3880 interiisset,
2148 3819 2395 3881 explorata
2411 3819 2529 3866 tunc
2550 3827 2693 3864 eausa
2710 3816 2759 3864 et
2789 3812 3100 3862 adolescentis
3128 3823 3291 3860 amore
3305 3845 3320 3870 ‚

1771 3899 1935 3948 tulisse
1962 3897 2198 3947 Theseum
2227 3907 2328 3945 rem
2358 3893 2581 3956 graviter,
2612 3890 3048 3951 discruciatumque
3073 3888 3321 3936 oraculum

1770 3974 2012 4039 quoddam
2039 3973 2266 4036 Apollinis
2284 3972 2345 4021 ad
2362 3985 2414 4021 se
2435 3970 2707 4033 applicasse.
2729 3973 2852 4020 Nam
2869 3980 2898 4015 a
2925 3966 3094 4028 Pythia
3112 3965 3200 4013 sibi
3218 3963 3321 4013 Del-
3388 3982 3408 4002 ι

1771 4054 1878 4117 phis
1897 4058 2225 4125 praeceptiun,
2262 4063 2413 4113 quum
2443 4060 2643 4112 peregre
2679 4044 2956 4107 gravissime
2986 4044 3241 4103 angeretur
3270 4044 3321 4090 et

1772 4133 1895 4179 esset
1913 4127 2165 4192 pertristis,
2185 4127 2355 4176 urbem
2377 4126 2441 4175 ibi
2460 4128 2514 4173 ut
2526 4123 2769 4181 conderet,
2791 4123 2841 4169 et
2857 4119 3041 4180 aliquos
3056 4118 3117 4167 de
3133 4119 3232 4168 suia
3250 4131 3320 4167 re·

1771 4208 2010 4269 linqueret
2031 4205 2133 4266 eius
2150 4206 2372 4253 rectores.
2397 4202 2518 4251 nine
2537 4193 2732 4259 urbem,
2756 4209 2902 4258 quam
2931 4194 3170 4255 condidit,
3194 4207 3222 4242 a
3245 4193 3321 4242 dei

1773 4282 1967 4333 nomine
1998 4279 2279 4342 Pythopolin
2298 4288 2620 4339 nuncupasse3
2661 4277 2809 4335 atque
2830 4272 2879 4319 in
2900 4271 3126 4319 bonorem
3160 4269 3321 4318 adole-

1773 4361 1948 4409 scentis
1964 4396 1977 4419 ‚
1997 4359 2317 4421 propinquum
2348 4356 2526 4405 flumen
2544 4390 2557 4414 ‚
2576 4354 2845 4404 soluentem
2868 4368 2881 4399 z
2913 4347 3157 4409 reliquisse
3174 4346 3323 4396 etiam

1774 4438 1899 4487 illius
1916 4437 2086 4486 fratres
2108 4435 2240 4483 velut
2259 4436 2466 4482 rectores
2483 4434 2532 4480 et
2549 4429 2864 4491 legislatores,
2883 4438 2992 4474 cum
3018 4424 3168 4485 iisque
3200 4426 3319 4472 ller-

1774 4526 1909 4563 mum
1923 4549 1937 4573 ,
1976 4512 2309 4563 Atheniensem
2342 4523 2400 4559 ex
2436 4507 2643 4571 patriciis
2655 4523 2669 4565 ;
2706 4518 2734 4553 a
2773 4516 2871 4565 quo
2894 4503 3051 4552 locum
3080 4499 3320 4562 quendam

1772 4591 1945 4653 Ἑρμοῦ
1972 4588 2123 4637 οἰκίαν
2142 4588 2158 4647 (
2178 4586 2235 4635 id
2252 4589 2328 4635 est
2347 4585 2475 4635 cedes
2494 4587 2681 4634 Hermoe
2695 4578 2951 4643 [Mercurii]
2967 4615 2981 4638 ,
3002 4589 3162 4641 quum
3182 4575 3317 4624 debe·

1773 4669 1892 4715 rent
1907 4666 2088 4727 Ἕρμου
2104 4698 2120 4723 ,
2140 4661 2301 4712 Hermi
2321 4661 2511 4722 >dicere
2523 4657 2848 4721 Pythopolitas
2872 4676 2883 4703 :
2903 4654 2985 4716 qui
3004 4665 3173 4715 parum
3192 4654 3326 4700 recte

1773 4741 2159 4792 circumflectunt
2174 4737 2431 4788 wcundam
2451 4736 2683 4799 syllabam
2734 4735 3061 4792 honoremque
3090 4728 3149 4776 ad
3172 4727 3316 4775 deum

1774 4819 2063 4868 Mercurium
2081 4816 2144 4866 ab
2171 4816 2314 4866 beroe
2331 4813 2605 4864 traducunt.
