3900 6042
1321 429 1571 489 Pvmm
1581 428 1689 487 US.
1742 420 1937 487 Pnox
1950 425 2159 486 ENUS.

154 573 227 625 ita
256 564 532 633 laudatur,
562 573 624 616 ut
647 560 1019 635 phylarchum
1037 572 1219 617 tamen
1235 562 1561 616 Plutarchus
1583 578 1701 613 ma-

3231 427 3334 478 mi

1875 561 2010 630 Quae
2050 575 2226 630 quum
2266 573 2464 629 parum
2492 555 2806 610 verisimilia
2841 555 2978 619 sint,
3011 554 3349 625 Droysenius

156 654 235 725 gis
274 662 639 707 sectatusesse
682 649 941 704 videatur
1015 646 1111 722 (v.
1153 647 1223 705 fr.
1267 647 1356 722 9).
1401 651 1483 703 De
1520 656 1705 701 morte
1799 648 2042 720 (Hellen.
2071 646 2161 712 ll,
2196 662 2257 717 p.
2297 661 2397 697 121
2429 638 2581 717 not.)
2621 643 2945 697 Pausaniam
2981 643 3171 695 statuit
3195 642 3348 694 hunc

157 738 343 809 Pyrrhi
373 755 404 791 e
430 738 695 792 Pausania
723 738 779 805 1,
810 742 875 801 il.
900 746 1159 808 apparet,
1183 736 1350 808 plane
1373 733 1569 789 eadem
1597 742 1707 787 tra-

158 818 350 879 didisse
369 825 776 896 Hieronymum
794 863 810 890 ,
841 840 963 895 quae
1005 822 1330 876 Plutarchus
1345 820 1594 878 tradidit.
1617 819 1708 876 Ab

158 912 435 966 bisantem
463 912 556 965 vix
594 910 883 965 dissentire
917 909 1161 977 videtur,
1191 909 1295 962 nisi
1320 909 1420 979 qui
1462 909 1708 980 Argivo-

157 1014 273 1051 rum
290 997 359 1052 de
376 999 441 1050 iis
467 996 710 1051 fabulam
727 1038 747 1070 ,
774 1015 887 1068 qua
918 997 1034 1068 ipsa
1066 997 1230 1050 Ceres
1254 993 1533 1067 Pyrrhum
1554 994 1709 1048 occi—

158 1085 289 1139 disse
331 1084 635 1152 ferebatur,
682 1095 1010 1157 sequeretur
1033 1081 1289 1156 (Pausan.
1312 1082 1340 1136 1
1413 1080 1508 1153 13,
1542 1079 1630 1154 7).
1657 1103 1682 1129 ι·

157 1173 280 1226 flaec
306 1171 675 1226 Briicknerus.

391 1421 899 1510 PYRRHUS
954 1421 1458 1508 EPIROTA.

432 1595 999 1657 ὙΠΟΜΝΗΜΑΤΑ
1039 1594 1422 1655 numm.

236 1730 507 1802 Pyrrhum
530 1742 724 1801 regem
765 1726 837 1781 de
872 1744 939 1781 re
970 1726 1199 1780 militari
1224 1727 1499 1798 scripsisse
1516 1726 1712 1782 Cicero

164 1826 381 1872 testatur
420 1826 477 1870 et
518 1815 801 1881 AElianus,
855 1827 1101 1885 (plorum
1134 1813 1228 1866 ille
1270 1813 1329 1865 in
1360 1810 1594 1885 Epistol.
1643 1813 1716 1868 ad

163 1905 274 1959 div.
306 1904 423 1973 lx,
455 1900 531 1956 25
564 1901 883 1956 :Summum
912 1918 1002 1953 me
1026 1901 1222 1954 ducem
1249 1901 1427 1954 lileroe
1459 1911 1571 1955 tuoe
1590 1886 1714 1955 redss
1774 1900 1779 1903 ’

168 1990 367 2055 didere,·
392 1989 574 2061 plane
615 1986 925 2041 nesciebam
967 1996 1020 2040 te
1061 1996 1175 2039 tam
1203 1990 1441 2059 peritum
1494 2003 1610 2042 esse
1640 1990 1726 2043 rei

167 2078 428 2133 militaris.
456 2073 668 2146 Pyrrhe·
684 2085 736 2128 te
756 2074 921 2128 libros
939 2083 997 2127 et
1016 2073 1209 2128 Cineoe
1226 2074 1395 2129 video
1415 2076 1683 2131 lectitasse
1690 2097 1715 2144 ,-

171 2165 404 2218 AElianus
434 2177 579 2216 vero
605 2158 843 2234 (Tactic.
874 2177 931 2217 c.
968 2157 1027 2233 ι)
1071 2177 1085 2216 :
1116 2155 1520 2235 Ἐξειργᾶσαντο
1541 2157 1596 2217 δὲ
1623 2158 1719 2229 τὴν

172 2246 388 2327 Θεωρίαν,
416 2244 630 2315 Αἰνείας
671 2267 729 2303 τε
755 2242 842 2301 διὰ
864 2242 1114 2302 πλειόνων
1158 2244 1249 2301 καὶ
1280 2244 1602 2323 στρατηγικὰ
1633 2248 1721 2323 βι-

175 2333 285 2392 GM«
316 2336 503 2398 ἱκανῶς
551 2329 958 2406 συνταξάμενος,
997 2321 1071 2389 ὧν
1108 2329 1361 2407 ἐπιτομὴν
1391 2334 1419 2388 ὁ
1458 2332 1723 2397 Θετταλὸς

174 2421 348 2490 Κινέας
364 2419 601 2492 ἐποίησε,
627 2417 833 2497 Πύρρος
854 2440 911 2476 τε
932 2422 961 2476 ὁ
988 2416 1314 2498 Ἠπειρώτης
1337 2417 1581 2479 Τακτικὰ
1609 2441 1722 2476 συν·

174 2511 370 2590 {yps-pe.
396 2509 654 2567 Eundem
676 2510 845 2567 etiam
867 2509 1297 2566 commentarios
1325 2507 1621 2566 historicos
1651 2506 1723 2562 de

176 2600 328 2655 rebus
352 2599 421 2655 ab
463 2601 592 2673 ipso
633 2599 799 2672 gestis
838 2599 1212 2673 composuisse
1261 2596 1399 2652 dicit
1424 2596 1725 2671 Dionysius

180 2687 655 2743 Halicarnassensis
693 2685 798 2759 (fr.
851 2683 934 2760 3).
962 2688 1171 2741 Verum
1198 2703 1267 2740 ex
1290 2685 1476 2740 verbis
1517 2687 1724 2742 Pausa-

178 2774 273 2828 niae
299 2771 395 2848 (fr.
433 2775 489 2846 1)
526 2792 542 2828 ε
568 2769 679 2828 ἔστι
707 2770 761 2828 δὲ
790 2769 1007 2850 ἀνδράσι
1032 2760 1326 2848 βιὸλίαόὗκ
1353 2768 1652 2849 ἐπιφανέσιν
1678 2771 1727 2836 ἔς

182 2856 460 2936 συγγραφὴν
479 2856 670 2936 ἔχοντα
694 2855 1001 2935 ἐπίγραμμα
1019 2855 1183 2935 ἔργων
1198 2855 1549 2933 ὑπομνήματα
1578 2848 1727 2930 εἶναι,

180 2964 288 3000 non
305 2947 508 3020 abipso
538 2948 760 3019 Pyrrho
780 2964 876 3001 eos
904 2944 1002 3001 sed
1022 2946 1092 3000 ab
1113 2946 1234 3001 aliis
1261 2945 1596 3020 quibusdam
1635 2947 1728 3019 ju-

180 3040 336 3097 bente
356 3059 485 3116 rege
504 3041 860 3115 conscriptos
878 3057 992 3096 esse
1016 3040 1259 3115 colligas.

929 3153 981 3188 ι.

254 3211 542 3268 Pausanias
567 3213 625 3282 1,
662 3230 725 3266 ια
745 3253 762 3283 ,
792 3231 825 3266 a
860 3208 1056 3269 t'Ectt
1098 3208 1152 3267 δὲ
1181 3210 1400 3289 ἀνδράσι
1431 3209 1608 3290 βιὸλία
1638 3214 1732 3270 οὔκ

182 3295 464 3376 ἐπιφανέσιν
511 3298 566 3363 ἐς
591 3318 653 3354 συ
725 3295 914 3375 ραφὴν,
936 3295 1121 3375 ἔχοντα
1146 3295 1455 3376 ἐπίγραμμα
1471 3292 1732 3378 Ἔργων

188 3384 291 3439 ὑπο
304 3382 423 3456 μνή
440 3407 480 3459 μ
494 3405 620 3440 ατα
636 3405 660 3440 ε
685 3405 784 3440 ναι.
803 3385 987 3443 Ταῦτα
1007 3382 1358 3465 ἐπιλεγομένῳ
1387 3407 1475 3461 μοι
1504 3386 1734 3461 μάλιστα

190 3469 366 3538 ἐπῆλθε
412 3469 684 3545 θαυμάσαι
721 3470 935 3550 Πύρρου
981 3469 1179 3546 τόλμαν
1215 3493 1303 3547 τε,
1344 3471 1409 3542 ἣν
1441 3472 1737 3550 μαχόμενος

191 3556 328 3623 οὗτός
352 3558 475 3637 [τε]
502 3557 818 3638 παρείχετο,
852 3558 943 3616 καὶ
974 3556 1068 3629 τὴν
1100 3557 1185 3616 ἐπὶ
1213 3562 1318 3625 τοῖς
1350 3559 1431 3617 ἀεὶ
1461 3560 1735 3635 μέλλουσιν

193 3644 621 3722 ἄγῶσιπρόνοιαν·
636 3642 690 3712 ὃς
708 3643 797 3702 καὶ
819 3642 935 3702 τότε
952 3642 1323 3721 περαιούμενος
1335 3644 1516 3704 ναυσὶν
1539 3648 1587 3711 ἐς
1600 3646 1735 3705 Ἰτα-

192 3727 300 3785 λίαν
320 3728 618 3808 Ῥωμαίους
629 3730 874 3803 ἐλελήθει,
884 3730 975 3788 καὶ
985 3730 1128 3801 ἥκων
1150 3732 1243 3789 οὐκ
1253 3730 1395 3799 εὐθὺς
1411 3724 1472 3803 ἦν
1486 3733 1737 3813 σφίσιφα-

192 3816 354 3894 νερός·
375 3818 647 3896 γινομένης
674 3816 728 3876 δὲ
757 3817 1040 3894 Ῥωμαίων
1069 3818 1196 3896 πρὸς
1223 3818 1574 3899 Ταραντίνους
1606 3842 1741 3895 συμ-

196 3899 362 3981 ὅολῆς,
375 3904 489 3963 τότε
515 3904 584 3975 δὴ
613 3908 814 3983 πρῶτον
839 3905 1162 3982 ἐπιφαίνεται
1194 3904 1285 3963 σὺν
1304 3910 1379 3987 τῷ
1392 3910 1621 3987 στρατῷ,
1650 3905 1739 3964 καὶ

194 3988 310 4067 παρ’
349 3992 530 4050 ἐλπίδα
560 3991 707 4070 σφίσι
732 3990 1066 4072 προσπεσὼν,
1095 3995 1165 4058 ὡς
1190 3991 1249 4050 τὸ
1285 3992 1448 4065 εἰκὸς,
1476 3992 1739 4073 ἐτάραξεν.

551 4177 1095 4238 COMMENTARH
1136 4178 1368 4238 REGn.

943 4345 993 4396 1.

258 4473 383 4524 Libri
412 4476 605 4525 exstant
619 4487 715 4525 non
741 4488 856 4525 sane
872 4476 1131 4535 illustrium
1149 4479 1402 4526 auctorum
1415 4512 1430 4538 ,
1461 4477 1545 4540 qui
1572 4480 1749 4528 Rerum

202 4554 431 4612 gestarum
444 4553 775 4603 commentarii
792 4554 1132 4604 inscribuntur.
1149 4558 1281 4613 Quos
1297 4554 1413 4615 dum
1431 4555 1536 4618 lego
1548 4591 1564 4616 ,
1582 4558 1644 4618 Py
1652 4555 1751 4604 rrhi

203 4640 346 4689 quum
376 4629 672 4679 alacritatem
694 4644 840 4694 qnam
862 4632 912 4680 in
928 4631 1112 4694 proeliis
1140 4644 1244 4694 prae
1265 4644 1316 4681 se
1337 4632 1477 4694 tulit,
1498 4635 1603 4681 tum
1637 4646 1750 4696 pro-

204 4704 452 4758 videntiam
464 4745 483 4771 ,
499 4722 594 4772 qua
617 4722 668 4760 se
685 4709 744 4759 ad
765 4711 953 4759 suturas
969 4709 1299 4759 dimicationes
1314 4712 1634 4773 comparavit,
1653 4724 1751 4760 non

206 4796 390 4844 possum
416 4800 514 4837 non
540 4802 827 4851 magnopere
847 4788 1088 4838 admirari.
1110 4790 1232 4839 Nam
1253 4790 1530 4851 priusquam
1550 4792 1753 4840 Romani

207 4863 467 4926 rescierint,
484 4866 739 4917 inluuiem
758 4868 907 4917 classe
931 4867 1222 4928 transmisit,
1246 4867 1295 4916 et
1310 4879 1461 4928 quum
1475 4867 1577 4928 jam
1597 4879 1752 4929 appu-

208 4936 356 5000 lisset,
372 4954 469 4990 non
486 4944 618 5004 prius
633 4943 797 4994 adesse
812 4956 926 4994 enm
944 4943 1148 4993 Romani
1167 4943 1563 5006 animadvertere,
1585 4942 1754 5005 quain,

210 5016 453 5066 commissa
474 5031 586 5068 cum
606 5021 873 5070 Tarentinis
889 5033 1074 5084 pugna,
1094 5020 1244 5070 seille
1261 5032 1373 5069 cum
1406 5020 1621 5070 exercitu
1645 5024 1756 5070 ino·

212 5092 368 5151 pineto
410 5096 643 5159 ostendit,
679 5098 907 5160 factoque
944 5100 1138 5161 repente
1178 5098 1358 5161 impetu
1371 5134 1387 5162 ‚
1424 5099 1632 5150 hostium
1645 5135 1661 5162 ,
1699 5100 1757 5153 ut

215 5180 293 5230 par
314 5174 411 5221 erat
426 5210 440 5233 ,
456 5187 623 5236 aginen
642 5178 871 5226 uirbavit.

1796 734 1857 787 in
1890 733 2128 788 modum
2155 733 2579 803 interpretatum
2619 747 2732 785 esse
2759 747 2883 801 quae
2907 730 2970 783 in
2997 729 3349 783 Commenta-

1794 821 1893 875 riis
1916 821 2087 893 regiis
2112 818 2184 874 de
2219 817 2438 890 Pyrrho
2479 835 2596 871 non
2624 814 3057 887 impedientibus
3087 812 3352 868 Romanis

1796 908 1857 961 in
1882 908 2098 962 Italiam
2115 907 2433 979 appellente
2463 904 2696 979 legisset.
2727 901 2897 974 Quod
2913 901 3065 957 haud
3082 900 3352 956 verisimi-

1797 994 1903 1049 lius
1924 1002 2026 1050 est.
2543 1051 2550 1057 ,

2547 1093 2602 1132 a.

1875 1183 2155 1239 Plutarch.
2186 1178 2385 1254 Pyrrh.
2416 1199 2482 1237 c.·
2508 1198 2604 1249 αι,
2630 1178 2702 1234 de
2723 1194 2964 1233 numero
2993 1194 3192 1233 eorum
3209 1217 3225 1245 ‚
3256 1176 3356 1250 qui

1797 1273 1854 1325 in
1897 1271 2105 1344 proelio
2133 1268 2207 1324 ad
2232 1269 2495 1325 Asculum
2536 1268 2827 1322 commisso
2856 1265 3180 1323 ceciderint.
3216 1264 3359 1321 Vide

1796 1354 2132 1431 Hieronymi
2151 1352 2411 1411 Cardiani
2439 1354 2510 1408 fr.
2541 1352 2599 1410 8.

2549 1456 2605 1513 3.

1876 1556 2108 1630 Dionys.
2135 1556 2314 1612 Halic.
2337 1556 2469 1611 Ant.
2492 1556 2657 1609 Rom.
2683 1554 2819 1607 Exc.
2851 1570 2913 1625 p.
2945 1550 3097 1608 2363
3126 1550 3215 1607 ed.
3243 1552 3319 1608 R.
3341 1567 3356 1606 ε

1799 1640 1938 1703 Οὐδὲ
1966 1640 2128 1700 τόπου
2152 1638 2301 1720 φύσις
2350 1637 2549 1709 ἄνισος,
2579 1636 2686 1695 οὔτ’
2714 1635 3010 1715 ἐπικουρίας
3036 1636 3139 1701 τοῖς
3163 1634 3358 1715 ἑτέροις
3404 1681 3414 1694 .

1801 1728 1967 1808 ἄφιξις
1991 1726 2265 1806 αἰφνίδιος,
2298 1723 2404 1783 οὔτ’
2445 1723 2578 1796 ἄλλη
2603 1747 2677 1788 τις
2714 1721 2954 1803 συμφορὰ
2977 1726 3065 1781 καὶ
3100 1722 3362 1803 πρόφασις

1804 1814 2189 1896 ἀπροσδόκητος
2235 1815 2549 1871 ἐπιπεσοῦσα
2578 1810 2848 1889 συνέτριψε
2886 1809 2951 1867 τὰ
2987 1809 3196 1889 Πύρρου
3223 1809 3364 1888 πρά-

1803 1926 2013 1981 γματα,
2047 1902 2163 1959 ἀλλ’
2188 1902 2217 1957 ὁ
2238 1902 2330 1970 τῆς
2346 1897 2685 1969 ἀσεὸηθείσης
2713 1902 2829 1963 eea<
2855 1897 3034 1974 χολὸς,
3058 1894 3114 1954 ὃν
3140 1898 3248 1956 οὐδ’
3269 1898 3365 1954 οὗ·

1804 1989 1887 2056 τὸς
1907 1987 2083 2065 ἠγνόει
2107 1984 2344 2064 Πύρρος,
2374 1988 2443 2051 ὣς
2468 1983 2716 2063 Πρόξενος
2747 1987 2776 2042 ὁ
2811 1982 3132 2064 συγγραφεὺς
3171 1986 3365 2062 ἱστορεῖ

1805 2075 1897 2135 καὶ
1924 2074 2116 2141 αὐτὸςδ
2137 2071 2344 2152 Πύρρος
2372 2074 2425 2130 ἓν
2450 2076 2555 2137 τοῖς
2581 2071 2726 2139 ἰδίοις
2744 2070 3124 2147 Ὑπομνήμασι
3153 2071 3361 2149 γράφει.

1811 2162 1906 2223 Ἐν
1933 2160 2036 2242 γὰρ
2054 2165 2119 2240 τῇ
2147 2159 2324 2231 νυκτὶ,
2365 2162 2418 2218 ἐν
2445 2152 2481 2238 ᾖ
2516 2158 2612 2228 τὴν
2639 2156 2887 2238 στρατιὰν
2915 2156 3128 2233 ἔμελλεν
3155 2157 3367 2225 ἀπάξειν

1811 2248 1896 2306 ἐπὶ
1919 2248 1979 2306 τὸ
2019 2246 2162 2327 ὅρος,
2207 2244 2347 2314 ἔδοξε
2375 2244 2511 2305 κατὰ
2551 2243 2668 2310 τοὺς
2715 2242 2902 2311 ὕπνους
2948 2247 3183 2303 ἐκπεσεῖν
3209 2247 3369 2303 αὐτοῦ

1810 2333 2049 2401 πλείονας
2073 2332 2310 2404 ὀδόντας,
2332 2331 2425 2391 καὶ
2445 2334 2638 2403 πλῆθος
2667 2329 2886 2400 αἵματος
2910 2332 2969 2389 ἐκ
2997 2336 3086 2390 τοῦ
3113 2330 3369 2406 στόματος

1813 2423 2074 2500 φέρεσθαι.
2093 2423 2145 2480 Τ
2147 2419 2395 2500 αραχθεὶς
2421 2418 2475 2476 δὲ
2505 2416 2590 2477 διὰ
2617 2415 2711 2488 τὴν
2740 2414 2856 2496 ὄψιν
2876 2417 2966 2476 καὶ
2997 2418 3230 2495 μεγάλην
3257 2418 3368 2478 ἔσε-

1812 2513 1931 2566 σθαι
1970 2505 2240 2587 συμφορὰν
2296 2504 2704 2583 μαντευόμενος,
2725 2501 2965 2562 ἐδούλετο
3002 2506 3234 2584 ἐπισχεῖν
3276 2504 3371 2575 τὴν

1812 2595 2013 2674 ἡμέραν
2042 2595 2258 2666 ἐκείνην.
2279 2595 2394 2653 Οὔκ
2414 2591 2565 2672 ἴσχυε
2591 2590 2646 2651 δὲ
2671 2594 2879 2661 νικῆσαι
2892 2590 2987 2662 τὴν
3004 2591 3371 2673 πεπρωμένην,

1815 2680 2214 2762 ἐναντιουμένων
2240 2684 2344 2742 τῶν
2374 2681 2535 2764 φίλων
2568 2677 2696 2761 πρὸς
2737 2678 2830 2752 τὴν
2864 2679 3144 2752 ἀναὸολὴν,
3176 2682 3267 2740 καὶ
3295 2678 3371 2757 μὴ

1817 2779 2045 2853 μεθεῖναι
2071 2771 2155 2831 τὸν
2180 2770 2357 2851 καιρὸν
2381 2773 2441 2829 ἐκ
2463 2772 2564 2829 τῶν
2581 2771 2769 2849 χειρῶν
2798 2767 3094 2836 ἀξιούντων.

1895 2860 2048 2938 Θεᾶς]
2087 2881 2163 2917 sc.
2199 2861 2574 2933 Proserpinae,
2604 2858 2762 2930 cujus
2783 2858 3058 2930 templum
3096 2859 3376 2912 Locrense

1816 2951 2064 3024 Pyrrhus
2117 2949 2480 3022 expilaverat.
2537 2945 2679 3002 Vide
2723 2964 2847 3018 quae
2896 2942 3233 2999 antecedunt
3278 2962 3371 3018 ap.

1818 3039 2055 3111 Dionys.
2077 3036 2119 3093 1.
2150 3035 2189 3094 1.
2214 3034 2298 3091 Cf.
2323 3031 2670 3107 Droysen..l.
2698 3031 2738 3086 l.
2768 3049 2828 3107 p.
2867 3028 2995 3106 ¹95·

2296 3323 2910 3412 PROXENUS.

1876 3476 2014 3548 ·Qui
2044 3475 2312 3548 Dionysio
2354 3474 2391 3530 l.
2418 3474 2457 3530 l.
2484 3483 2834 3529 memoratur
2858 3472 3147 3528 Proxenus
3167 3471 3384 3545 scripsit

1825 3559 2212 3639 Ἠπειρωτικὰ,
2252 3561 2446 3634 inquo
2481 3578 2652 3634 opere
2686 3559 2758 3615 de
2791 3560 2992 3633 Pyrrhi
3027 3559 3261 3615 historia
3303 3559 3384 3619 fu·

1824 3652 1935 3707 sius
1960 3649 2276 3722 exposuisse
2312 3648 2558 3707 videtur.
2592 3647 2855 3720 Ejusdem
2896 3646 3053 3702 haud
3090 3646 3261 3702 dubie
3292 3665 3386 3706 au·

1827 3739 1997 3792 ctoris
2018 3736 2319 3791 laudantur
2343 3735 2474 3790 libri
2505 3732 2638 3813 Περὶ
2652 3732 2825 3812 πόρων
2851 3734 3136 3792 Σικελικῶν
3165 3746 3222 3789 ct
3249 3732 3386 3813 Περὶ

1828 3821 2093 3888 πολιτείας
2121 3822 2461 3892 Λακωνικῆς;
2512 3822 2716 3896 quibus
2761 3821 3177 3878 conscribendis
3197 3839 3387 3878 ansam

1831 3910 2046 3966 dedisse
2069 3910 2270 3983 Pyrrhi
2292 3912 2352 3963 in
2382 3910 2627 3965 Siciliam
2661 3911 2798 3964 etin
2817 3909 3265 3982 Peloponnesum
3297 3926 3388 3963 ex·

1828 3996 2148 4070 peditiones
2166 4038 2182 4066 ,
2203 4008 2370 4069 atque
2397 3997 2666 4068 aequalem
2698 3997 2844 4070 regis
2866 3997 3180 4052 Proxenum
3204 3994 3386 4061 fuisse,

1894 4249 1994 4296 Nec
2015 4247 2106 4296 loci
2126 4247 2352 4308 iniquitas
2372 4259 2530 4309 neque
2546 4246 2725 4295 auxilia
2742 4245 2978 4295 submissa
2996 4244 3209 4294 hostibus
3225 4257 3283 4293 ac
3310 4256 3389 4293 re·

1833 4327 1978 4387 pente
2007 4323 2418 4387 supervenientia,
2448 4336 2605 4386 neque
2634 4322 2731 4372 ulla
2768 4323 3016 4372 calamitas
3044 4325 3130 4371 ant
3167 4321 3392 4372 fortuitus

1834 4416 1976 4453 casus
1999 4416 2075 4452 res
2099 4403 2268 4465 Pyrrhi
2291 4402 2502 4452 afflixere
2514 4438 2530 4464 ,
2552 4400 2638 4451 sed
2657 4402 2787 4451 solus
2799 4400 3086 4463 indignantia
3100 4399 3204 4450 deae
3220 4401 3353 4449 tumr
3372 4435 3388 4460 ,

1835 4481 1966 4544 quod
1998 4494 2089 4531 nec
2108 4481 2210 4544 ipse
2245 4480 2460 4543 Pyrrhus
2480 4480 2792 4541 diffitebatur,
2826 4480 2883 4529 ut
2913 4482 3160 4529 Proxenus
3179 4478 3389 4528 historiae

1835 4560 2039 4622 scriptor
2054 4562 2201 4622 atque
2217 4560 2384 4623 ipsein
2401 4558 2770 4609 commentariis
2787 4570 2949 4608 rerum
2966 4570 3162 4607 suarum
3182 4555 3393 4619 Pyrrhum

1836 4638 2013 4702 prodit.
2038 4641 2188 4689 Nocte
2216 4641 2345 4687 enim
2363 4651 2463 4701 qua
2483 4638 2536 4688 in
2556 4638 2728 4688 collem
2763 4636 3030 4687 exercitum
3065 4635 3393 4686 subducturus

1838 4718 1969 4778 erat,
1993 4717 2125 4766 visus
2146 4716 2308 4766 sibiin
2324 4716 2503 4766 somnis
2525 4719 2598 4766 est
2619 4717 2869 4780 plerasque
2901 4714 3069 4764 dentes
3101 4715 3255 4764 multo
3280 4727 3393 4765 cum

1839 4792 2070 4855 sanguine
2104 4805 2353 4856 exspuere.
2389 4795 2500 4849 Quo
2537 4794 2640 4842 viso
2674 4806 2772 4841 non
2809 4790 3110 4842 mediocriter
3141 4791 3363 4841 turbatus
3376 4826 3392 4853 ,

1839 4882 1992 4931 quum
2045 4882 2190 4931 grave
2242 4868 2474 4918 damnum
2517 4868 2791 4931 impendere
2837 4868 3120 4931 conjiceret,
3161 4869 3396 4917 statuerat

1842 4947 2037 5009 quidem
2051 4947 2195 4997 eodie
2215 4960 2266 4997 se
2284 4948 2545 5009 continere3
2565 4961 2736 4997 verum
2758 4948 2923 4998 amicis
2940 4960 3124 4996 moram
3141 4948 3190 4996 et
3202 4948 3396 4996 cuncta-

1840 5024 2024 5074 tionem
2042 5023 2459 5085 adspernantibus,
2479 5024 2786 5086 multumque
2820 5024 3095 5084 orantibus,
3122 5036 3184 5072 ne
3219 5036 3398 5085 opporz

1841 5100 2098 5149 tunitatem
2116 5100 2383 5150 emanihus'
2409 5100 2532 5150 elabi
2564 5100 2741 5150 sineret
2802 5100 2954 5149 fatum
2988 5112 3210 5163 superne
3239 5099 3395 5149 hand-

1843 5190 2086 5241 quaquam
2105 5179 2278 5240 potuit.
