3900 6042
1075 443 1806 510 LACEDAEMONIORUM
1855 449 2345 554 RESPJIBLICA?

3064 541 3069 548 ι
3186 468 3295 520 122

137 610 241 666 ραν.
288 586 384 645 Ἐν
428 585 576 664 με’σῳ
604 584 659 641 δὲ
704 581 894 641 τούτων
929 582 1021 649 τὰς
1056 582 1333 654 ἐκκλησίας
1373 574 1521 660 ἦγον,
1555 583 1671 641 οὔτε
1767 588 2057 642 stissermo
2082 591 2496 646 erat.Cetei·um
2512 590 3056 666 Wel‹·kero('l'r1’log.
3080 612 3134 664 p.
3157 611 3269 665 ²9⁰
3290 632 3305 660 ,

135 671 405 731 παστάδων
434 674 600 730 οὗσῶν
625 669 742 729 οὔτε
762 669 922 740 ἄλλης
941 668 1073 734 τινὸς
1094 672 1438 737 κατασκευῆς.

856 782 950 841 8ο.

206 900 483 954 Plutarch.
521 901 761 971 Lycurg.
792 916 840 954 c.
874 895 947 949 28
976 915 989 948 :
1033 892 1104 953 ‘H
1133 893 1186 949 δὲ
1215 892 1509 966 καλουμένη
1552 916 1675 970 κρυ-

133 981 248 1039 πτία
278 981 408 1061 παρ’
443 983 646 1052 αὐτοῖς,
691 981 795 1058 εἴγε
823 979 886 1050 δὴ
926 980 1015 1036 καὶ
1056 984 1206 1037 τοῦτο
1244 982 1345 1037 τῶν
1380 979 1675 1058 Λυκούργου

132 1067 518 1143 πολιτευμάτων
559 1066 612 1124 ἕν
657 1069 795 1125 ἔστιν
813 1110 832 1140 ,
878 1068 947 1131 ὡς
999 1064 1357 1144 Ἀριστοτέλης
1396 1065 1636 1144 ἱστόρηκε
1656 1110 1673 1139 ,

133 1151 309 1221 ταύτην
336 1151 398 1209 ἂν
427 1152 513 1223 εἴη
542 1153 633 1210 καὶ
659 1155 735 1231 τῷ
763 1151 1015 1212 Πλάτωνι
1034 1150 1156 1229 περὶ
1183 1153 1275 1219 τῆς
1293 1151 1556 1216 πολιτείας
1584 1152 1673 1208 καὶ

138 1242 214 1295 τοῦ
234 1237 411 1317 ἀνδρὸς
433 1236 807 1318 ἐνειργασμίνη
830 1236 1003 1305 δόξαν.

200 1325 354 1381 Idem
391 1326 536 1381 ibid.
586 1345 599 1383 ε
643 1321 1002 1401 Ἀριστοτέλης
1042 1323 1095 1380 δὲ
1138 1323 1368 1396 μάλιστά
1413 1345 1538 1402 φησι
1584 1323 1672 1380 καὶ

135 1409 234 1476 τοὺς
255 1410 464 1490 ἐφόρους
483 1453 501 1481 ,
528 1407 652 1469 ὅταν
679 1412 751 1475 εἷς
789 1408 882 1478 τὴν
915 1408 1082 1489 ἀρχὴν
1111 1414 1412 1468 καταστῶσι
1433 1414 1635 1489 πρῶτον
1654 1455 1670 1484 ,

132 1500 222 1562 τοῖς
253 1495 453 1556 Εἵλωσι
488 1495 858 1573 καταγγέλλειν
886 1495 1134 1569 πόλεμον,
1179 1495 1317 1561 ὅπως
1345 1487 1583 1574 εὖαγὲςῇ
1613 1494 1671 1552 τὸ

136 1584 333 1641 ιίνελεῑν.
351 1583 435 1640 Cf.
458 1581 686 1642 Miiller.
708 1585 841 1639 Dor.
868 1585 942 1652 11,
965 1582 1060 1647 43.
1085 1582 1219 1651 1253
1243 1583 1374 1652 310,
1399 1585 1459 1639 6.
1479 1586 1669 1639 Mauso

133 1673 316 1755 Sparta
339 1690 401 1744 p.
439 1677 546 1736 141
582 1688 704 1744 sqq.
725 1673 1032 1726 Hermann.
1061 1671 1290 1742 Antiqq.
1319 1670 1354 1744 S
1378 1670 1452 1736 48
1471 1711 1486 1738 ,
1514 1677 1542 1734 l.
1580 1689 1665 1743 sq.

199 1759 450 1816 Ceterum
478 1757 556 1812 de
584 1756 791 1813 Laced.
825 1758 970 1828 Rep.
990 1755 1120 1810 vide
1143 1756 1472 1829 ampliorem
1497 1774 1668 1828 quam

135 1856 188 1899 ut
202 1845 515 1900 exscribere
539 1845 712 1899 velim
736 1843 1167 1915 disputationem
1201 1843 1258 1896 in
1293 1845 1461 1898 Arist.
1495 1841 1663 1897 Polit.

135 1934 210 1999 11,
234 1932 299 2000 6,
329 1951 352 1986 ι
379 1949 536 2004 sqq„
562 1931 693 1985 coll.
719 1931 812 1998 11,
841 1928 896 1996 3,
929 1930 1149 2002 10;1V,
1178 1928 1234 1997 5,
1270 1932 1491 1996 11;IV‚
1528 1949 1582 2002 7,
1610 1936 1664 1997 l.;

137 2021 226 2086 lll,
243 2038 297 2092 9,
317 2036 372 2074 a.
393 2021 482 2074 De
495 2018 732 2090 singulis
746 2015 1078 2090 quibusdam
1093 2015 1223 2070 vide
1246 2017 1341 2083 lv,
1370 2035 1408 2089 9
1428 2058 1443 2082 ,
1479 2034 1545 2070 ιο
1564 2014 1666 2090 (de

139 2109 372 2179 Lycurgo
392 2104 452 2159 ἐκ
478 2105 590 2160 τῶν
612 2099 784 2176 μέσων
806 2101 1030 2158 πολιτῶν
1053 2101 1396 2176 legislatore)
1418 2123 1433 2170 ς
1453 2104 1526 2168 11,
1549 2121 1603 2172 7,
1638 2123 1658 2157 ι

140 2190 228 2260 (de
257 2194 512 2265 Lycurgo
565 2191 628 2243 in
664 2190 848 2256 Creta,
875 2197 939 2243 ut
978 2189 1166 2243 serunt
1186 2229 1202 2255 ,
1229 2187 1329 2242 diu
1361 2199 1582 2242 morato
1612 2189 1664 2262 );

141 2277 201 2343 11,
227 2294 278 2342 a,
314 2295 380 2332 10
409 2277 519 2352 (de
545 2277 773 2348 syssitiis
791 2276 843 2349 );
871 2276 1008 2342 vll,
1041 2292 1073 2328 a
1091 2313 1107 2342 ,
1136 2272 1169 2328 5
1204 2273 1312 2346 (de
1334 2273 1667 2330 educatione

139 2363 483 2438 puerorum);
513 2364 576 2418 11
594 2402 611 2430 ,
652 2382 686 2417 α
706 2403 723 2430 ,
755 2360 788 2415 5
818 2359 926 2438 (de
956 2362 1242 2416 communi
1284 2373 1573 2415 servorum
1611 2373 1668 2416 et

143 2466 385 2520 equorum
422 2444 843 2523 possessione);
878 2451 943 2515 V,
985 2447 1055 2516 6,
1080 2465 1112 2501 a
1145 2446 1250 2520 (de
1283 2446 1434 2501 bello
1455 2448 1666 2502 Messe-

143 2535 277 2589 niaco
298 2545 351 2590 et
369 2537 415 2590 T
414 2546 599 2609 yrtaeo
626 2534 677 2606 );
698 2537 763 2602 V,
783 2551 841 2606 9,
873 2551 894 2587 1
922 2532 1013 2605 (de
1028 2533 1399 2606 Theopompo
1421 2533 1666 2605 ephoros

143 2620 423 2677 instituente
439 2622 493 2694 );
518 2623 595 2691 V,
618 2621 674 2688 6,
701 2641 722 2675 ι
758 2619 860 2694 (de
884 2617 1190 2675 Partheniis
1207 2620 1431 2674 Tarenti
1460 2620 1665 2674 condi-

144 2707 388 2781 toribus);
415 2710 486 2777 V,
527 2726 553 2762 1
579 2749 598 2777 ,
632 2705 665 2762 5
694 2704 796 2784 (de
835 2706 1124 2779 Lysandro
1149 2702 1446 2782 βασιλείαν,
1482 2706 1665 2779 deque

145 2791 374 2848 Pausania
394 2790 636 2870 ἐφορείαν
665 2793 955 2865 antiquare
979 2790 1535 2866 tentantibus);V11‚
1550 2811 1584 2845 «ι
1601 2792 1630 2846 3
1646 2833 1661 2860 ,

151 2877 203 2928 13
231 2879 246 2950 (
269 2881 391 2934 item
414 2879 486 2934 de
512 2879 779 2934 Pausania
807 2873 845 2952 ).

839 2994 933 3051 81.

209 3119 414 3174 Photius
457 3123 603 3176 Lex.
654 3139 666 3171 z
703 3115 971 3182 Πελάται,
1018 3117 1064 3172 οἱ
1095 3119 1265 3195 μισθῷ
1306 3115 1660 3185 δουλεύοντες,

147 3203 237 3260 ἐπεὶ
265 3203 319 3261 τὸ
341 3207 360 3282 (
379 3209 417 3261 l.
444 3204 552 3261 ἀπὸ
586 3207 714 3276 τοῦ)
746 3201 941 3276 πέλας,
976 3200 1147 3278 ἐγγύς·
1193 3194 1298 3259 οἷον
1337 3201 1547 3277 ἔγγιστα
1578 3200 1661 3258 διὰ

146 3290 297 3345 πενίαν
333 3288 650 3369 προσιόντες.
694 3286 1065 3367 Ἀριστοτέλης.
1106 3289 1193 3345 Cf.
1219 3289 1401 3345 schol.
1449 3291 1660 3344 Platon.

148 3377 496 3450 Euthyphron.
520 3398 585 3452 p.
614 3377 724 3446 327
747 3376 922 3433 Bekk.
958 3392 971 3431 ε
1008 3372 1249 3443 Πελάτης
1270 3372 1428 3430 ὁάντὶ
1458 3376 1660 3450 τροφῶν

150 3462 380 3540 ἶιπηρετῶν
397 3465 485 3521 καὶ
510 3461 916 3543 προσπελάζων,
933 3460 1037 3518 ἀπὸ
1059 3464 1151 3518 τοῦ
1172 3458 1336 3526 πέλας
1354 3458 1472 3530 ἤτοι
1496 3459 1662 3535 ἐγγύς,

153 3546 349 3605 διαλεῖτο
373 3551 402 3605 ὃ
428 3549 492 3606 δι’
511 3547 715 3606 ἔνδειαν
740 3545 985 3621 προσιὼν,
1013 3545 1212 3621 μίσθιος
1247 3544 1303 3603 δὲ
1330 3548 1619 3624 ὑπηρετῶν.

212 3635 282 3688 Ex
305 3635 856 3691 Lacedaemoniorum
884 3636 1028 3708 Rep.
1055 3634 1173 3689 haec
1196 3634 1372 3707 petita
1405 3652 1520 3689 esse
1544 3653 1661 3688 non

155 3721 417 3779 contendo.
443 3723 588 3778 Nam
615 3717 839 3777 πελάται
869 3732 924 3776 et
951 3721 1167 3776 Helotae
1196 3720 1461 3775 dicuntur
1487 3720 1657 3794 (Plu-

155 3808 300 3864 tarch.
336 3808 501 3882 Agid.
556 3805 634 3881 6)
686 3816 740 3862 et
783 3808 1020 3864 Clarotae
1049 3807 1394 3863 Cretensium
1448 3804 1658 3880 (Dion.

152 3892 256 3950 11:11.
283 3897 343 3950 A.
369 3896 438 3951 R.
473 3913 531 3967 p.
566 3891 716 3961 388,
746 3892 891 3966 33),
922 3911 992 3948 ne
1024 3893 1207 3948 dicam
1253 3891 1325 3947 de
1359 3889 1662 3968 προσπελά-

151 3997 241 4041 ταις
271 3980 561 4037 Arcadici&
599 3977 869 4035 Poterant
895 3981 1062 4034 etiam
1090 3979 1521 4034 commemorari
1551 3978 1648 4033 ubi

153 4061 209 4117 de
231 4065 376 4120 thetis
393 4064 820 4122 Atheniensium
860 4067 947 4121 vel
971 4065 1043 4121 de
1080 4066 1467 4120 Thessalorum
1494 4082 1664 4137 pene·

153 4221 308 4274 donau
337 4226 492 4290 fluvii,
531 4228 775 4290 Bahycarn
822 4227 980 4290 pontis
1015 4240 1189 4276 nomen
1225 4239 1326 4276 esse
1366 4229 1535 4276 auctor
1566 4230 1652 4276 est.

155 4299 307 4350 florum
329 4302 375 4351 in
393 4303 548 4354 medio
569 4304 821 4353 conciones
840 4302 1062 4365 agebant,
1084 4316 1235 4365 quum
1260 4315 1414 4363 neque
1440 4302 1654 4364 porticus

155 4385 283 4437 neque
298 4378 409 4428 alius
426 4380 555 4430 ullus
570 4382 827 4442 apparatus
842 4381 985 4429 esset.

159 4540 389 4663 w
419 4555 612 4606 quoque
646 4543 815 4590 auctor
843 4463 1101 4602 8Loycurguii
1135 4540 1256 4600 fuit,
1295 4543 1350 4588 ut
1383 4539 1659 4589 Aristoteles

211 4692 455 4745 ubinam
491 4695 707 4758 inprimis
744 4698 915 4745 auctor
954 4696 1030 4743 est
1054 4692 1295 4755 finitores,
1339 4693 1422 4741 ubi
1451 4693 1657 4755 primum

161 4767 443 4827 magistratum
456 4771 729 4834 occipiunt,
747 4770 928 4821 bellum
948 4768 1196 4820 uelutibus
1211 4768 1418 4818 indicere
1435 4805 1449 4829 ‚
1468 4771 1520 4816 ut
1542 4768 1660 4817 citra

162 4842 392 4906 religionem
414 4847 446 4896 ii
464 4847 614 4897 occidi
629 4848 824 4911 possint.

213 5005 389 5068 Petam,
422 5010 504 5070 qui
543 5010 758 5059 mercede
796 4931 1036 5066 εεῗνιίιιῃῑς
1071 5023 1246 5059 nomen
1286 5007 1598 5058 derivandum
1632 5020 1660 5054 a

165 5091 186 5123 a
205 5093 304 5129 voce
337 5086 497 5144 πέλας,
519 5085 550 5134 i.
584 5099 628 5134 e.
652 5099 821 5147 prope,
850 5090 904 5134 ut
933 5087 1128 5134 πελάται
1155 5087 1248 5135 sint
1291 5086 1508 5147 proxime
1541 5097 1650 5145 pro-

167 5159 249 5214 pior
268 5165 574 5222 paupertatem
600 5164 892 5218 neamenim.
912 5165 1198 5214 Aristoteles.

389 5261 658 5298 ειιιοιιεντι
682 5263 798 5299 ιιιιιτ.
820 5264 899 5300 (ιιι.
931 5279 981 5288 -
1013 5266 1114 5300 voi..
1142 5267 1189 5340 'i'

1766 670 1990 731 πελάται
2007 688 2136 730 sunt
2151 673 2352 743 ἐλάται,
2372 673 2710 750 βουπελάται.
2730 677 2813 733 Cf.
2836 679 3052 731 Mulier.
3077 680 3207 734 Dor.
3235 682 3306 744 11,

1768 763 1871 834 693
1899 762 2179 818 Ruhnken
2204 761 2277 816 ad
2300 763 2487 816 Timaei
2518 762 2651 818 Lex.
2679 781 2717 821 S,
2742 781 2797 818 v.

2496 871 2589 926 82.

1845 1013 2259 1083 Harpocration
2288 1027 2302 1066 ε
2336 1007 2450 1067 Καὶ
2472 1006 2593 1086 γὰρ
2616 1007 2683 1064 τὸ
2708 1012 2945 1083 μηδένα
2971 1013 3091 1067 τῶν
3118 1033 3200 1085 μα
3216 1011 3311 1088 χί-

1764 1118 1892 1168 μων
1922 1095 2076 1151 ἄνευ
2099 1097 2207 1163 τῆς
2246 1093 2367 1151 τῶν
2397 1093 2730 1172 ἀρχόντων
2758 1095 3026 1172 γνώμης
3060 1098 3307 1167 ἀποδη-

1764 1181 1926 1256 μεῖν.
1964 1179 2294 1258 Ἰσοκράτους
2321 1180 2374 1236 ἐν
2404 1181 2665 1259 Βουσίριδι
2692 1181 2751 1261 (ξ
2787 1184 2890 1256 18)
2921 1182 3038 1261 περὶ
3060 1184 3313 1241 Λακεδαι·

1762 1266 1952 1341 μονίων
1993 1272 2158 1324 ταῦτα
2197 1266 2462 1342 λέγοντος,
2493 1267 2669 1346 ῥητέον
2698 1265 2775 1325 ὅτι
2805 1269 2894 1326 καὶ
2922 1273 2969 1326 οἱ
3007 1268 3101 1333 τὰς
3126 1273 3307 1329 Λακε-

1761 1352 2039 1427 δαιμονίων
2086 1351 2345 1417 πολιτείας
2381 1352 2692 1431 γεγραφότες
2720 1353 2785 1411 τὰ
2813 1353 2967 1430 ὅμοια
3007 1353 3301 1431 εἰρήκασιν·

1760 1442 1788 1496 ὁ
1828 1438 1882 1496 δὲ
1925 1437 2281 1517 Ἀριστοτέλης
2323 1440 2415 1495 οὐκ
2457 1437 2643 1506 ἐξεῖναί
2684 1461 2838 1519 φησιν
2877 1441 3165 1516 ἀποδημεῖν
3204 1444 3309 1506 τοῖς

1761 1525 2213 1602 Λακεδαιμονίοις,
2232 1525 2370 1591 ὅπως
2390 1525 2464 1600 μὴ
2494 1525 2757 1593 ἐθίζωνται
2788 1525 2959 1584 ἄλλων
2980 1526 3150 1601 νόμων
3177 1517 3308 1585 εἶναι

1759 1611 1918 1688 φίλοι.
1963 1614 2073 1672 Τοῦ
2114 1611 2290 1687 μέντοι
2317 1611 2645 1695 Ἰσοκράτους
2687 1612 2802 1678 τοὺς
2830 1612 3095 1690 μαχίμους
3124 1611 3308 1688 μόνους

1757 1698 1991 1772 λε’γοντος
2018 1699 2304 1757 κωλύεσθαι
2339 1700 2653 1774 ἀποδημεῖν,
2702 1703 2747 1756 οἱ
2785 1701 2904 1777 περὶ
2946 1698 3305 1777 Ἀριστοτέλην

1755 1784 1872 1849 τοὺς
1889 1785 2089 1849 πάντας
2118 1785 2552 1860 Λακεδαιμονίους
2579 1785 2752 1864 φασίν.

2479 1905 2571 1958 83.

1835 2019 2245 2089 Harpocration
2260 2037 2310 2072 v.
2336 2015 2438 2074 Μό
2453 2038 2568 2094 ρων
2594 2037 2607 2074 t
2635 2015 2984 2093 Συντάγματά
2998 2037 3111 2070 τινα
3124 2018 3308 2076 Λακω-

1755 2099 1873 2157 νικὰ
1913 2101 2049 2158 οὕτω
2093 2102 2359 2158 καλεῖται·
2399 2101 2673 2159 διείλεκται
2703 2101 2757 2159 δὲ
2791 2101 2910 2180 περὶ
2934 2100 3127 2157 τούτων
3166 2099 3305 2178 Ἀρι-

1757 2187 2000 2257 στοτέλης
2036 2190 2088 2244 ε’ν
2125 2191 2190 2263 τῇ
2224 2188 2648 2264 Λακεδαιμονίων
2676 2189 2927 2266 πολιτεία.
2960 2187 3109 2258 Φησὶ
3133 2187 3187 2244 δὲ
3227 2189 3297 2250 ὡς

1756 2272 1854 2330 είσὶ
1896 2275 2055 2351 μόραι
2101 2278 2117 2350 (
2142 2272 2297 2353 μοίρα
2326 2277 2496 2335 codd.
2522 2276 2536 2352 )
2581 2273 2631 2341 ἓξ
2659 2274 3059 2350 ὠνομασμέναι,
3084 2273 3171 2331 καὶ
3200 2271 3308 2350 διῄ-

1758 2382 1938 2437 ρηνται
1965 2362 2034 2426 εἰς
2072 2359 2162 2426 τὰς
2192 2360 2355 2440 μόρας
2384 2361 2787 2437 Λακεδαιμόνιοι
2816 2361 3027 2426 πάντες.
3060 2360 3305 2439 Ξενοφῶν

1754 2447 1808 2505 δὲ
1832 2448 1886 2505 ἰν
1904 2451 1971 2524 τῇ
1996 2447 2255 2508 Λακώνων
2276 2447 2507 2526 πολιτεία
2540 2451 2616 2523 (r.
2651 2469 2671 2504 ι
2694 2470 2739 2517 ι,
2770 2451 2833 2523 Ι.)
2861 2447 3041 2525 φησίν·
3065 2472 3087 2496 ι
3110 2445 3303 2514 ἑκάστη

1754 2536 1807 2592 δὲ
1830 2538 1933 2592 τῶν
1976 2536 2252 2592 πολιτικῶν
2295 2536 2466 2612 μορῶν
2493 2532 2601 2611 ἔχει
2629 2533 2959 2611 πολέμαρχον
2990 2532 3077 2589 ἕνα
3095 2577 3113 2607 ,
3143 2532 3306 2607 λοχα-

1752 2620 1869 2698 γοὺς
1896 2622 1962 2692 δ’,
1986 2618 2371 2690 πεντηκοστύας
2394 2622 2467 2689 η’,
2504 2620 2874 2697 ίνωμοτάρχας
2919 2621 3010 2684 ις’.
3045 2645 3068 2670 ν
3093 2619 3302 2674 Eadem

1752 2711 1949 2767 Suidas
1991 2720 2045 2763 et
2090 2709 2338 2764 Photius.
2381 2710 2480 2763 llle
2521 2727 2628 2782 pro
2663 2706 2822 2785 μόραι
2852 2704 2905 2771 ἓξ
2931 2708 3101 2762 habet
3143 2702 3306 2779 μόραι

1753 2795 1878 2864 καὶ,
1917 2797 2151 2850 Photius
2193 2791 2351 2870 μόραι
2403 2791 2571 2866 ἑπτὰ,
2610 2811 2923 2868 perperam.
2962 2794 3049 2850 Cf.
3099 2792 3295 2864 Steph.

1751 2885 1913 2938 Thes.
1931 2901 1986 2940 v,
2012 2878 2198 2956 Μόρα;
2220 2878 2520 2934 Hermann.
2544 2879 3008 2952 Seaae.‹a!eereh.§
3038 2898 3143 2953 293
3164 2882 3217 2934 Μ
3224 2881 3303 2933 iil·

1753 2972 1853 3026 ler.
1877 2971 2010 3024 Dor.
2042 2969 2114 3037 11,
2151 2966 2262 3022 236
2290 2986 2373 3039 sq.

2484 3079 2577 3142 8'1·

1834 3199 2070 3254 photius
2096 3202 2227 3254 Lex.
2263 3217 2275 3254 :
2304 3203 2351 3256 Λ
2369 3197 2483 3274 όχο
2500 3219 2516 3252 ι
2544 3197 2964 3271 Λακεδαιμονίων
2984 3199 3049 3267 δ’,
3076 3201 3145 3262 ὡς
3169 3197 3303 3276 Ἀρι-

1755 3284 2009 3363 στοφάνης
2027 3307 2039 3319 ·
2064 3281 2386 3353 Θουκυδίδης
2409 3282 2464 3340 δὲ
2486 3284 2552 3356 ε’,
2584 3282 2938 3361 Ἀριστοτέλης
2961 3285 3021 3350 ζ’.
3371 3349 3385 3366 ·

1835 3373 2070 3445 Hesych.
2102 3389 2116 3428 ε
2154 3369 2315 3447 Λόχοι
2349 3369 2774 3443 Λακεδαιμονίων
2804 3370 2957 3447 φησὶν
2996 3370 3302 3450 Ἀριστοφά·

1753 3479 1843 3526 νης
1869 3456 2131 3535 τέτταρες·
2254 3454 2404 3513 πέντε
2426 3455 2527 3533 γάρ
2557 3461 2704 3523 είσιν,
2732 3453 2801 3520 ὥς
2820 3478 2976 3533 φησιν
3006 3456 3301 3536 Ἀριστοτί-

1751 3544 1868 3614 λης.
1895 3547 2030 3617 Quae
2053 3563 2084 3600 e
2110 3546 2313 3599 Photio
2333 3531 2701 3601 e'r'nendanda.
2736 3545 3123 3619 Aristophanis
3149 3548 3305 3600 locus

1753 3644 1831 3689 est
1861 3635 1917 3687 in
1955 3633 2180 3705 Lysistr.
2212 3630 2324 3694 453
2359 3649 2372 3687 ε
2403 3631 2539 3708 Παρ’
2569 3629 2697 3703 ἡμῖν
2732 3633 2830 3687 εἰσι
2859 3629 3010 3707 λόχοι
3044 3628 3290 3707 τέσσαρες

1755 3716 2010 3795 μαχίμων
2030 3715 2244 3793 ἀνδρῶν,
2271 3717 2342 3772 ad
2363 3736 2531 3788 quem
2571 3719 2756 3772 locum
2790 3721 3088 3791 respiciens
3120 3720 3298 3776 schol.

1753 3807 2000 3861 Acharn.
2040 3810 2184 3872 1074
2245 3802 2431 3875 (unde
2458 3822 2555 3857 sua
2580 3803 2747 3858 habet
2782 3804 2982 3859 Suidas
3012 3824 3067 3861 ν.
3097 3802 3299 3880 Λόχοι)

1754 3902 1948 3945 monet
1981 3911 1992 3944 ε
2026 3886 2186 3967 Παρὰ
2227 3886 2282 3944 δὲ
2318 3886 2748 3964 Λακεδαιμονίοις
2784 3891 3014 3967 ὑπῆρχον
3054 3888 3301 3966 τέσσαρες

1753 3974 1901 4052 λόχοι
1921 4017 1939 4049 ,
1968 3964 2041 4039 οἷς
2072 3973 2324 4054 ἰκίχρητο
2354 3978 2382 4031 ὁ
2420 3972 2679 4051 βασιλεύς.
2720 3975 2958 4031 Eosdem
2992 3978 3189 4031 lochos
3232 3996 3299 4031 ex

1756 4065 2052 4120 Aristotele
2073 4065 2375 4118 memorari
2405 4062 2716 4135 probabilis
2744 4064 3013 4118 sententia
3034 4075 3113 4116 est
3139 4063 3299 4117 Gras-

1823 4318 2098 4369 Aristoteles
2115 4330 2212 4367 non
2231 4318 2371 4366 licere
2397 4317 2511 4366 dicit
2529 4316 2897 4367 Lacedaemoniis
2912 4317 3213 4378 peregrinari,
3240 4331 3300 4366 ne

1750 4397 1952 4445 aliarum
1976 4396 2135 4456 legum
2152 4394 2311 4443 studio
2332 4396 2673 4444 assuescerent.
2692 4398 2818 4443 Dum
2835 4395 3066 4444 Isocrates
3086 4393 3153 4442 ait
3170 4396 3300 4443 solos

1753 4472 1983 4521 militares
2008 4471 2382 4531 peregrinatione
2401 4470 2664 4530 prohibitos
2689 4481 2815 4528 esse,
2837 4468 3114 4517 Aristoteles
3135 4483 3300 4518 omnes

1751 4546 2134 4597 Lacedaemonios
2153 4545 2285 4594 dicit.

2475 4640 2563 4689 83.

1811 4736 1961 4782 Motae
1999 4751 2009 4779 ε
2041 4732 2263 4780 cohortes
2296 4732 2522 4793 quaedam
2555 4732 2802 4781 Laconicae
2837 4731 2905 4780 sic
2936 4735 3201 4792 vocantur,
3238 4733 3301 4782 de

1749 4810 1923 4872 quibus
1954 4808 2139 4858 disserit
2176 4808 2452 4857 Aristoteles
2485 4809 2532 4857 in
2570 4812 2679 4857 Lac.
2721 4807 2992 4869 Republica.
3026 4808 3149 4857 Dicit
3184 4823 3298 4857 vero

1752 4901 1909 4937 moras
1935 4901 2034 4936 esse
2063 4901 2172 4946 sex,
2210 4891 2254 4935 in
2287 4900 2406 4948 quas
2434 4887 2640 4934 universi
2673 4885 3014 4935 Lacedmmonii
3053 4886 3296 4935 distributi

1750 4970 1844 5016 sint

2485 5061 2569 5108 84.

1813 5157 1958 5205 Loeni
1986 5157 2458 5206 Lacedaemoniorum
2478 5159 2585 5202 sunt
2607 5157 2804 5214 septem,
2828 5153 2895 5201 uti
2916 5153 3193 5213 Ariston-ies
3207 5153 3293 5201 ait.

3001 5297 3025 5332 9
