3900 6042
1104 488 1705 548 Anizmsmoms
1746 458 2374 550 anLcrnoxfflsl'
3262 506 3330 556 2}

236 620 314 678 Ex
347 621 553 677 eodem
594 621 863 676 Democle
888 614 891 619 ’
914 618 1139 674 fluxerit
1174 621 1574 674 historiuncula
1624 620 1696 674 (lc
1785 620 1932 676 doro
1957 620 2058 695 (fr.
2092 640 2125 675 2
2151 622 2191 694 ),
2217 623 2462 677 Maximo
2487 624 2531 676 T
2535 624 2688 694 yri0,
2717 624 3009 691 Clementi,
3033 622 3325 698 Hesychia

161 711 485 783 Pygelorum
514 709 824 782 originibus
841 726 932 780 ap.
963 705 1228 762 Strabon.
1248 709 1403 775 xlv,
1441 726 1500 779 p.
1529 708 1645 780 639
1678 727 1692 761 t
1724 742 1731 751 ·
1786 706 1968 779 Major
1993 710 2160 763 etiam
2191 709 2263 763 de
2287 710 2470 781 patria
2494 711 2899 783 Amelesagorae
2939 714 3333 768 sententiarum

165 795 361 869 Πύγελα
402 792 698 871 πολίχνιον,
743 791 875 870 ἱερὸν
909 791 1028 870 ἔχον
1071 791 1364 871 Ἀρτέμιδος
1389 792 1695 872 Μουνυχίας

162 887 261 957 (cs.
293 882 518 938 Miiller.
550 885 691 938 Dor.
721 884 852 956 1,p.
886 881 989 937 381
1016 878 1052 959 ),
1075 879 1270 958 ἰ’δρυμα
1294 878 1693 956 Ἀγαμέμνονος,

158 968 439 1043 οἰκούμενον
478 967 583 1025 ὑπὸ
619 966 804 1044 μέρους
849 969 951 1024 τῶν
980 966 1175 1024 ἐκείνου
1203 967 1372 1023 λαῶν·
1399 964 1698 1045 πυγαλγίας

156 1056 246 1132 γάρ
264 1078 400 1121 τινας
424 1054 517 1112 καὶ
547 1054 784 1131 γενέσθαι
806 1051 895 1110 καὶ
914 1054 1170 1122 κληθῆναι
1185 1075 1199 1090 ·
1217 1050 1508 1128 κάμνοντας
1528 1053 1572 1109 δ’
1596 1051 1696 1109 ὑπὸ

154 1147 236 1199 τοῦ
260 1142 573 1216 παθήματος
591 1143 906 1215 καταμεῖναι
918 1140 1006 1197 καὶ
1032 1141 1205 1218 τυχεῖν
1224 1139 1413 1197 οἰκείου
1431 1140 1581 1197 τοῦδε
1605 1144 1694 1196 τοῦ

155 1227 483 1302 ὀνόματοςτὸν
495 1227 672 1285 τόπον.
690 1229 775 1286 Cf.
800 1227 999 1283 Suidas
1016 1240 1070 1285 et
1087 1227 1267 1302 Etym.
1288 1226 1362 1285 M.
1378 1248 1434 1282 ν.
1456 1225 1690 1301 Πύγελα.

156 1321 317 1372 Porro
338 1318 711 1391 Pygelensem
747 1326 1033 1371 auctorem
1060 1327 1287 1389 tangere
1326 1314 1552 1371 videtur
1582 1317 1697 1370 De-

154 1405 365 1459 metrius
380 1402 651 1476 Scepsius
667 1444 683 1470 ,
716 1404 1075 1474 antiquorum
1096 1403 1371 1456 librorum
1392 1412 1691 1469 scrutator,

152 1509 230 1562 ap.
253 1488 437 1546 Str-ab.
462 1492 607 1557 ΧΠ,
635 1508 699 1563 p.
724 1487 828 1544 551
860 1507 876 1543 z
902 1484 1037 1553 Τοὺς
1063 1486 1182 1564 περὶ
1212 1484 1426 1562 Πύγελα
1453 1484 1695 1561 λέγοντας

152 1573 230 1641 τὰς
256 1574 542 1651 Ἀμαζόνας
597 1572 793 1650 μεταξὺ
849 1572 1073 1651 Ἐφέσου
1122 1572 1214 1630 καὶ
1260 1571 1570 1650 Μαγνησίας
1603 1572 1694 1630 καὶ

154 1662 366 1739 Πριήνης
384 1664 644 1742 φλυαρεῖν
662 1661 816 1740 φησὶν
835 1664 863 1717 ὁ
886 1658 1200 1738 Δημήτριος.
1225 1664 1367 1717 Nam
1383 1677 1499 1717 suae
1530 1663 1693 1734 quis-

152 1771 247 1825 que
265 1754 460 1825 patriae
504 1753 694 1806 Ionici
728 1752 816 1804 isti
838 1752 1138 1822 scriptores
1167 1749 1327 1804 sedes
1346 1752 1693 1803 Amazonum

150 1839 413 1894 vindicare
453 1838 796 1907 studebant,
821 1838 902 1891 uti
932 1847 1148 1892 constat
1174 1837 1247 1892 de
1274 1833 1507 1910 Ephoro
1539 1848 1596 1891 et
1622 1836 1694 1891 de

152 1928 254 1999 ipso
276 1928 601 1982 Demetrio.

871 2052 966 2131 (Ἀ)

215 2205 501 2262 Athenaeus
516 2204 627 2272 IV,
652 2220 715 2276 p.
751 2208 882 2275 174,
903 2204 980 2258 F:
1003 2197 1382 2274 Ὀνομᾶζονται
1402 2195 1457 2256 δὲ
1477 2199 1524 2256 οἱ
1545 2196 1692 2256 αὐλοὶ

152 2288 326 2367 γίγγροι
348 2288 451 2347 ὑπὸ
475 2292 596 2347 τῶν
624 2287 885 2345 Φοινίκων
914 2287 1018 2345 ἀπὸ
1046 2289 1149 2343 τῶν
1177 2285 1297 2364 περὶ
1324 2280 1539 2345 Ἄδωνιν
1561 2286 1692 2363 θρή-

151 2396 258 2432 νων·
278 2375 359 2434 τὸν
381 2374 487 2456 γὰρ
514 2374 747 2434 Ἄδωνιν
777 2373 1003 2453 Γίγγρην
1031 2374 1240 2431 καλεῖτε
1266 2376 1410 2449 ὑμεῖς
1433 2375 1481 2431 οἳ
1507 2372 1691 2431 Φοίνι·

26 2504 31 2517 .
150 2483 246 2536 κες,
263 2467 327 2527 ὡς
342 2464 543 2542 ἱστορεῖ
579 2461 961 2537 Δημοκλείδης.

224 2576 244 2599 ι
272 2550 440 2624 liujus
466 2551 828 2608 Democlidae
850 2550 1001 2624 apud
1025 2551 1304 2605 neminem
1330 2549 1502 2604 alium
1524 2565 1689 2602 men-

152 2640 332 2692 tionem
356 2639 569 2694 factam
608 2656 721 2693 esse
745 2640 1000 2711 reperi03
1031 2638 1136 2690 nisi
1164 2635 1393 2689 fortasse
1428 2633 1580 2688 idem
1622 2634 1692 2688 sit

151 2724 415 2779 Democles
442 2725 864 2798 phigalensis...
887 2725 1026 2779 Nam
1053 2723 1201 2777 idem
1223 2740 1335 2776 esse
1349 2738 1557 2776 nomen
1581 2719 1690 2775 du-

152 2811 261 2880 plici
292 2814 391 2867 sub
434 2811 661 2878 forma,
704 2812 999 2866 Democles
1042 2822 1097 2865 et
1126 2808 1486 2865 Democlides
1529 2807 1691 2862 facile

153 2898 315 2953 eredas
335 2899 613 2972 exemplo
640 2898 903 2952 Timoclis
919 2909 973 2953 et
998 2894 1322 2951 Timoclidis
1341 2895 1600 2965 oratoris,
1618 2893 1691 2947 de

155 3001 249 3055 quo
280 3005 331 3040 v.
353 2986 675 3041 Ruhnken.
706 2983 844 3039 Hist.
871 2985 994 3039 crit.
1027 3003 1114 3039 or.
1144 3003 1205 3058 p.
1250 3001 1271 3037 1
1291 2982 1357 3037 16
1379 2981 1680 3037 ed.Reisk.

157 3070 236 3142 (p.
258 3072 321 3141 57
350 3073 444 3127 ed.
480 3072 827 3147 Frotscher)
862 3084 918 3126 et
946 3069 1162 3144 Hesych
1228 3072 1287 3123 in
1332 3066 1688 3141 Δημοκλεῒδαι

155 3158 262 3212 coll.
288 3178 410 3213 cum
438 3157 642 3215 Suidae
661 3154 1039 3232 Δημοκλείδας.
1072 3182 1095 3205 »
1165 3150 1688 3213 Scnwmoiuzusn.

216 3247 515 3315 Democloe,
543 3248 743 3300 nescio
759 3247 878 3319 qui,
903 3245 1163 3301 laudatur
1182 3245 1240 3297 in
1260 3242 1443 3297 indice
1465 3253 1683 3296 auctor.

160 3328 297 3385 Plinii
322 3333 421 3388 lib.
454 3335 581 3389 XII
628 3344 686 3387 et
705 3333 944 3388 XXXV.
989 3361 1071 3375 —
1100 3331 1256 3385 Alius
1284 3340 1363 3384 est
1395 3330 1691 3384 Democles

157 3418 337 3487 rhetor,
376 3420 761 3493 Theophrasti
790 3418 951 3486 disc„
991 3418 1336 3473 adversarius
1364 3416 1687 3471 Democha-

158 3505 230 3559 ris.
246 3508 521 3563 Plutarch.
558 3509 617 3562 X
640 3508 797 3563 Orat.
822 3526 881 3580 p.
915 3506 1047 3573 842,
1067 3507 1151 3573 D;
1182 3506 1418 3558 Timaeus
1445 3502 1514 3557 tr.
1552 3509 1683 3572 140,

158 3592 235 3645 ubi
274 3594 640 3650 Democlides
674 3593 904 3661 dicitur,
940 3593 1103 3647 sicut-i
1143 3610 1234 3662 ap.
1286 3592 1519 3662 Dionys,
1555 3590 1684 3644 Din.

163 3689 277 3735 tom.
296 3683 363 3749 V,
393 3700 457 3755 p.
485 3682 638 3753 659,
676 3679 766 3746 13;
804 3679 955 3734 idem
999 3690 1079 3733 est
1123 3698 1251 3733 cum
1295 3676 1565 3731 archonte
1592 3677 1683 3732 01.

166 3767 269 3835 ιυὸ,
287 3787 336 3825 1.
360 3773 424 3826 V.
454 3768 756 3824 Ruhnk.1.
780 3768 1249 3821 l.Westermann.
1276 3764 1472 3820 Gescle.
1489 3765 1550 3822 d.
1581 3766 1677 3819 Gr.

164 3854 388 3909 Bet-edsk.
418 3856 453 3929 5
483 3856 559 3919 54
580 3896 598 3922 ,
638 3874 699 3908 n.
748 3853 843 3908 31.
868 3882 949 3895 -—
985 3854 1282 3908 Democles
1324 3852 1690 3925 philosophus

158 3942 430 4017 cinturap.
449 3945 833 4000 commentat.
854 3938 1069 3996 Horatii
1090 3960 1148 4013 p.
1172 3959 1194 3994 1
1208 3939 1280 4011 39
1292 3939 1385 3993 ed.
1409 3938 1690 4011 Cruquius

166 4029 308 4083 1611.
332 4062 404 4072 —
430 4033 595 4087 Alios
612 4029 912 4085 Democles
946 4028 1019 4083 ad
1045 4046 1150 4083 nos
1174 4027 1313 4081 nihil
1342 4027 1688 4100 pertinentes

158 4131 203 4167 v.
220 4114 478 4191 inSteph.
494 4118 664 4174 Thes.
695 4134 739 4174 s.
762 4133 820 4171 v.

723 4276 1087 4303 ψ

296 4406 881 4467 AMELESAGORAS
942 4410 1037 4466 CH
1045 4410 1455 4465 ALCEDONIU
1463 4406 1518 4464 S.

222 4577 530 4633 Postremus
554 4579 704 4632 inter
724 4578 1050 4650 scriptores,
1082 4577 1322 4649 quiante
1342 4575 1551 4629 bellum
1575 4578 1685 4631 Pc-

160 4659 594 4735 loponnesiacum
625 4662 953 4730 floruerint,
985 4681 1017 4718 a
1038 4650 1309 4734 Dionysio
1334 4662 1371 4716 l.
1395 4662 1431 4716 l.
1453 4662 1687 4734 ponitur

160 4742 575 4825 Ἀμελησαγόρας.
604 4750 816 4806 Eadem
838 4750 1081 4805 nominis
1098 4749 1279 4803 forma
1293 4760 1373 4803 est
1391 4747 1541 4820 apud
1560 4750 1683 4801 An-

160 4837 386 4906 tigonum
437 4835 789 4913 carystium(
818 4838 888 4891 fr.
926 4857 949 4893 1
980 4842 1000 4911 )
1043 4848 1101 4892 et
1142 4836 1490 4892 scholiastam
1524 4835 1683 4888 Euri·

159 4923 286 4992 pidis
313 4924 417 4997 (fr.
443 4944 477 4980 α
502 4926 553 4997 );
588 4936 787 4980 contra
812 4920 1190 5000 Μελησαγόρας
1208 4922 1415 4977 dicitur
1437 4922 1679 4995 Apollo-

184 5036 249 5044 ὴ

867 5090 961 5153 (2.)

1783 796 2036 852 varietaS.
2067 797 2207 850 Nam
2233 797 2503 868 Dionysio
2531 794 2688 850 audit
2714 796 3152 872 Chalcedonius3
3173 802 3337 855 Anti·-

1784 900 1937 955 gono
1960 895 2039 937 est
2059 883 2086 937 ὁ
2115 879 2374 952 Ἀθηναῖος
2397 884 2425 939 ὁ
2448 880 2542 951 τὴν
2561 879 2761 939 Ἀτθίδα
2786 880 3179 961 συγγεγραφώςς
3196 904 3335 942 eun—

1786 966 1915 1022 dem
1935 968 2214 1043 denique,
2243 981 2311 1025 ut
2351 980 2514 1042 puto,
2551 970 2825 1024 Maximus
2850 971 2981 1041 Tyr.
3010 972 3179 1044 (Diss.
3217 971 3289 1026 23
3315 974 3331 1045 )

1786 1054 1874 1109 his
1902 1055 2153 1131 designat
2177 1057 2363 1112 verbis
2386 1076 2399 1110 τ
2432 1052 2674 1131 Ἐγένετο
2701 1053 2792 1111 καὶ
2817 1052 2947 1134 ἀνὴρ
2976 1054 3331 1126 Ἀθήνησιν

1785 1137 2205 1207 Ἐλευσίνιος
2230 1140 2392 1217 ὄνομα
2425 1140 2835 1219 Μελησαγόρας·
2863 1133 3009 1209 οὗτος
3048 1144 3107 1200 οὗ
3144 1141 3333 1220 τέχνην

1784 1225 1984 1301 μαθὼν,
2014 1228 2130 1286 ἀλλ’
2153 1230 2214 1286 ἐκ
2241 1232 2453 1309 νυμφῶν
2477 1227 2699 1306 κάτοχος
2735 1228 2844 1305 θείᾳ
2881 1228 3068 1307 μοίρᾳ,
3092 1229 3245 1307 σοφὸς
3271 1222 3334 1301 ἦν

1782 1312 1873 1370 καὶ
1900 1315 2173 1390 μαντικὸς,
2195 1320 2264 1382 ὡς
2308 1320 2337 1373 ὃ
2366 1314 2655 1385 Ἀθηναίων
2682 1315 2852 1390 λόγος.
2903 1317 3161 1393 [Quibus
3197 1322 3334 1374 insi-

1780 1415 1926 1459 stens
1938 1407 2139 1478 aliquis
2159 1425 2367 1461 nomeu
2384 1406 2626 1460 hominis
2646 1404 3041 1482 Μελισσαγόρας
3064 1405 3132 1480 (a
3155 1405 3334 1479 μελίσ-

1781 1492 2215 1567 cm<‚nymphe‘s‚
2237 1511 2291 1545 v,
2318 1493 2399 1547 St.
2426 1493 2588 1545 Thes.
2606 1510 2647 1547 ε.
2673 1511 2722 1546 v.
2744 1490 2944 1565 )suisse
2969 1493 3331 1569 suspicetur.]

1780 1608 1859 1621 -·
1882 1581 2286 1652 Amelesagorae
2327 1580 2598 1633 Maximus
2638 1580 2677 1631 l.
2709 1580 2750 1631 l.
2788 1578 3044 1653 adjungit
3085 1579 3333 1650 ejusdem

1780 1664 1989 1719 indolis
2002 1667 2155 1721 viros
2175 1664 2565 1740 Epimenidem
2587 1666 2906 1721 Cretensem
2925 1677 2979 1720 et
2997 1668 3330 1722 Proconne-

1780 1751 1923 1805 sium
1945 1754 2236 1809 Aristeam.
2267 1752 2641 1806 Posteriorem
2679 1752 2978 1823 Dionysius
3001 1748 3121 1806 Hal.
3157 1749 3224 1823 (J
3231 1753 3327 1806 ud.

1782 1836 1854 1891 de
1883 1838 2058 1895 Thuc.
2100 1856 2151 1893 c.
2186 1836 2299 1912 23)
2334 1856 2464 1893 cum
2489 1836 2701 1892 Cadmo
2743 1837 2958 1891 Milesio
3015 1840 3327 1910 componit,

1781 1923 2096 1980 adulterina
2149 1924 2340 1981 dicens
2371 1942 2546 1997 opera
2595 1942 2718 1996 quae
2747 1923 2850 1978 sub
2883 1925 3206 1979 nominibus
3233 1944 3330 1979 eo·

1781 2029 1905 2064 rum
1934 2010 2444 2067 circumferrentur.
2465 2007 2589 2065 Huc
2612 2011 3236 2084 pertinent·theogoniae
3261 2012 3331 2065 ab

1780 2099 1996 2152 Aristea
2021 2110 2076 2153 et
2102 2098 2275 2153 Abari
2301 2098 2481 2152 soluta
2509 2096 2765 2150 oratione
2787 2096 3004 2168 scripta·
3024 2137 3038 2161 ‚
3079 2108 3164 2161 et,
3208 2115 3332 2169 quu-

1782 2184 2098 2257 Epimenidi
2135 2183 2561 2259 affingebantur,
2583 2192 2845 2236 tractatus
2889 2180 3018 2258 Περὶ
3056 2183 3330 2258 χρησμῶν,

1783 2267 2063 2346 Μυστήρια
2086 2269 2204 2346 περὶ
2227 2271 2434 2337 θυσιῶν,
2470 2270 2613 2324 liber
2633 2265 2766 2345 Περὶ
2789 2269 2878 2336 τῆς
2901 2268 2954 2323 ἐν
2978 2267 3163 2345 Κρήτῃ
3189 2270 3333 2325 πολι-

1778 2353 1918 2416 τείας
1948 2376 2095 2413 nova
2123 2357 2364 2412 dialecto
2386 2358 2570 2412 Attica
2598 2367 2880 2423 exaratuS,
2912 2366 2966 2410 et
2993 2359 3034 2409 si
3060 2375 3170 2428 qua
3194 2368 3325 2411 sunt

1779 2444 1884 2498 alia
1913 2442 1997 2515 (*).
2032 2445 2186 2517 Opus
2217 2445 2395 2499 simile
2425 2444 2600 2511 illius»,
2631 2442 2789 2514 quod
2825 2439 2957 2517 Περὶ
2996 2444 3183 2498 θυσιῶν
3212 2457 3332 2498 erat

1778 2531 2086 2587 sacerdotis
2123 2532 2427 2599 Cretensi5,
2454 2528 2525 2585 ad
2553 2530 3000 2602 Amelesagoram
3042 2541 3331 2585 auctorem

1778 2618 2016 2672 relatum
2043 2636 2155 2673 esse
2174 2636 2392 2673 censeo·
2411 2618 2549 2672 Nam
2583 2616 2956 2689 fragmentum
2982 2617 3228 2688 primum
3250 2630 3331 2671 est

1779 2702 1851 2757 de
1871 2703 2007 2759 cista
2025 2704 2252 2775 mystica
2275 2702 2625 2756 Erichthonii
2652 2700 2743 2775 (de
2766 2719 2876 2773 qua
2901 2703 3066 2756 etiam
3091 2702 3330 2757 Andron

1777 2789 1837 2843 in
1863 2807 1966 2843 suo
1997 2784 2130 2868 ῌερὶ
2153 2788 2338 2843 θυσιῶν
2367 2782 2513 2842 tibi-0
2537 2786 2810 2861 dixerat);
2834 2788 3048 2860 reliqua
3068 2788 3185 2842 duo
3211 2808 3330 2862 spe·

1777 2885 1931 2929 ctant
1957 2874 2167 2930 fabulas
2189 2875 2693 2929 Attico-Cretenses
2722 2891 2850 2927 cum
2873 2873 3149 2946 Apollinis
3173 2876 3329 2929 cultu

1777 2972 1929 3016 arcte
1957 2960 2298 3032 conjunctas.
2321 2964 2506 3032 Atque
2527 2961 2670 3033 solas
2693 2962 2902 3015 Atticas
2921 2958 3132 3015 fabulas
3152 2971 3209 3015 et
3236 2980 3327 3017 re·

1777 3046 2014 3119 ligiones
2047 3066 2117 3103 eo
2158 3065 2332 3120 opere
2371 3057 2626 3102 tractatas
2671 3065 2821 3116 esse,
2861 3047 3053 3101 titulus
3084 3046 3330 3119 indicat,

1778 3152 1947 3205 quem
1982 3153 2052 3190 ex
2080 3137 2163 3189 sui
2200 3136 2383 3189 saeculi
2417 3135 2642 3207 ingenio
2671 3135 2837 3206 ponit
2866 3135 3200 3207 Antigonus,
3252 3166 3331 3179 —

1778 3220 1959 3276 Porro
1988 3232 2201 3276 constat
2234 3220 2318 3287 dc,
2338 3221 2630 3275 itineribus
2668 3220 3026 3275 sacerdotum
3070 3223 3336 3289 Aristeae,

1776 3308 2138 3381 Epimenidis,
2169 3308 2429 3363 aliorum.
2449 3308 2598 3362 Num
2617 3307 2754 3361 hinc
2773 3306 3137 3381 explicandus
3158 3307 3329 3373 Chal,-

1773 3395 2034 3449 cedonius
2047 3392 2497 3466 Amelesagoras?
2515 3392 2835 3448 Chalcedon
2856 3394 3076 3449 colonia
3088 3404 3206 3449 erat
3220 3392 3336 3453 Me-

1775 3482 2090 3553 garensium
2120 3480 2236 3553 (01.
2261 3480 2333 3535 26
2348 3483 2384 3549 ),
2412 3498 2555 3552 quos
2571 3480 2787 3535 Cereris
2805 3492 2860 3534 et
2880 3481 3161 3556 Apollinis
3177 3482 3332 3539 cultu

1775 3567 1971 3620 Atticis
1994 3566 2302 3621 simillimos
2331 3565 2492 3620 fuisse
2514 3567 2715 3619 scimus
2738 3564 2845 3641 (Cf.
2871 3565 3090 3621 Miiller.
3121 3566 3251 3624 Dor.
3281 3568 3328 3631 1,

1772 3672 1834 3725 p.
1865 3652 2010 3726 230,
2044 3653 2304 3721 321;11‚
2338 3671 2396 3725 p.
2434 3652 2573 3725 169,
2604 3650 2700 3725 α).
2731 3648 2812 3706 Eo
2848 3651 3019 3725 igitur
3046 3661 3195 3706 vates
3233 3671 3334 3706 no-

1776 3750 1888 3795 ster
1905 3758 1964 3795 se
1982 3740 2305 3807 contulerit,
2338 3740 2497 3793 sicuti
2517 3739 2905 3812 Metapontum
2923 3738 3186 3812 migravit
3203 3742 3331 3794 Ari-

1775 3838 1933 3882 steas.
1961 3828 2182 3881 Incerta
2196 3827 2345 3899 haec,
2368 3843 2473 3879 nec
2505 3826 2710 3880 certius
2737 3823 2952 3897 aliquid
2998 3824 3071 3879 de
3111 3835 3331 3898 tempo·-

1778 3915 1933 3969 ribus
1955 3915 2360 3987 Amelesagorae
2383 3922 2627 3967 statuere
2649 3913 2799 3967 licet.
2825 3913 3210 3967 Vetustissimis
3253 3914 3331 3967 hi-

1776 4001 1996 4056 storicis
2025 4002 2404 4073 antiquiorem
2431 4000 2686 4054 habitum
2723 4017 2835 4054 esse
2862 4000 3093 4073 colligas
3119 4017 3187 4053 ex
3216 4000 3333 4055 Cle·

1777 4099 1967 4143 mente
2001 4087 2416 4155 Alexandrino,
2467 4085 2565 4160 qui
2604 4088 2681 4141 ita
2731 4088 2789 4141 in
2829 4088 3037 4142 Strom.
3100 4088 3204 4152 vl,
3256 4104 3287 4139 2
3306 4128 3321 4153 ‚

1778 4194 1837 4248 p.
1860 4176 1971 4246 267
1995 4176 2258 4248 (tonum
2275 4215 2292 4244 ‚
2311 4194 2373 4248 p.
2395 4194 2414 4229 1
2435 4192 2499 4228 12
2525 4176 2714 4229 Klotz.
2736 4175 2753 4247 )
2778 4190 2792 4229 ε
2825 4168 3211 4248 Μελησαγόρου
3225 4170 3325 4248 γὰρ

1780 4261 1963 4340 ἔκλεψε
2006 4259 2222 4340 Γοργίας
2251 4262 2280 4318 ὁ
2321 4260 2587 4325 Λεοντῖνος
2626 4258 2726 4317 καὶ·
2759 4256 3003 4334 Εὔδημος
3051 4254 3240 4323 Νάξιος
3279 4260 3328 4315 οἱ

1777 4345 2051 4425 ἱστορικοί,
2076 4348 2167 4405 καὶ
2190 4346 2278 4404 ἐπὶ
2299 4344 2496 4410 τούτοις
2527 4349 2555 4403 ὁ
2581 4343 2957 4423 Προκοννήσιος
2985 4343 3145 4414 Βίων,
3171 4341 3328 4409 ὃςκαὶ

1775 4432 1842 4492 τὰ
1876 4433 2093 4511 Κάδμου
2121 4438 2213 4491 τοῦ
2252 4434 2479 4490 παλαιοῦ
2511 4431 2828 4511 μετέγραφεν
2862 4429 3326 4508 κεφαλαιούμενοςς

1778 4520 2088 4602 Ἀμφίλοχός
2105 4542 2160 4578 τε
2181 4520 2270 4578 καὶ
2289 4520 2622 4601 Ἀριστοκλῆς
2641 4516 2732 4578 καὶ
2758 4516 3084 4593 Ἀναξιμένης
3099 4516 3187 4574 καὶ
3203 4515 3329 4577 Ἑλ·

1836 4661 1899 4723 (·)
1934 4659 2178 4722 Ejusmodi
2203 4672 2347 4722 opera
2374 4662 2480 4708 orta
2504 4671 2605 4708 esse
2638 4671 2696 4707 ex
2715 4657 3009 4707 carminibus
3026 4656 3194 4720 epicis,
3217 4670 3330 4719 qum

1774 4732 1918 4781 rebus
1938 4729 2260 4793 geographicis
2293 4731 2340 4777 et
2366 4728 2697 4791 mythologie-‚is
2721 4727 2894 4777 referta
2911 4740 3028 4776 mox
3059 4727 3106 4774 in
3139 4740 3329 4789 prosam

1771 4800 2037 4850 orationem
2064 4797 2296 4847 dissoluta
2327 4799 2450 4857 sint,
2491 4796 2801 4860 probabiliter
2827 4795 2994 4845 statuit
3027 4795 3172 4845 node.
3202 4796 3325 4845 nist.

1770 4882 1901 4932 ροσε.
1924 4870 2014 4918 Gr.
2046 4870 2163 4916 tom.
2201 4869 2250 4928 i,
2276 4880 2323 4930 p.
2363 4871 2482 4928 478,
2517 4873 2573 4928 2,
2606 4866 2710 4915 coll.
2739 4866 2886 4914 Uti-ici
2921 4864 3041 4915 nist.
3068 4878 3197 4927 ροσε.
3237 4869 3324 4915 Gr.

1770 4942 1889 4989 tom.
1914 4941 1960 4999 Ι,
1981 4950 2030 5000 p.
2052 4941 2142 4987 456
2159 4973 2174 4998 ,
2211 4943 2284 4987 19.

1778 5086 1979 5136 Adonim
2009 5098 2097 5155 ros
2134 5083 2381 5135 Phoenices
2416 5084 2610 5143 Gingrin
2642 5082 2852 5142 vocatis,
2887 5084 2940 5133 ut
2969 5081 3116 5134 tradit
3148 5084 3326 5131 Demo-

213 5174 523 5224 §minantur
554 5173 686 5225 tibiae
716 5187 746 5222 a
776 5172 1076 5223 Phoenicibus
1110 5173 1282 5233 qinqri
1314 5184 1343 5219 a
1374 5169 1555 5218 threnis
1583 5168 1684 5217 sive
1774 5163 1919 5214 eudes
1949 5162 2335 5224 (Democlesp),

48 5230 59 5247 ⁸
164 5246 585 5312 hmuuonihoe,
613 5250 791 5314 quibus
815 5248 1037 5300 Adonidis
1064 5248 1305 5297 interitum
1341 5245 1533 5295 deflent.
1564 5248 1680 5294 bam
