3900 6042
544 449 1254 628 CALLIAS
1338 456 1562 582 ET
1639 446 2543 581 ANTANDER
2629 447 3731 585 SYRACUSANI.

618 842 870 911 Uterque
891 839 1108 911 scripsit
1120 837 1406 891 historiam
1423 837 1757 910 Agathoclis.
1781 835 2086 903 limanda,

542 927 785 1004 tyranni
788 925 1006 992 fratris²
1039 942 1179 997 opus
1203 942 1320 977 uno
1351 932 1567 976 tantum
1591 924 1719 979 loco
1742 933 2086 980 memoratur

544 1011 712 1082 (vide
748 1010 814 1066 fr.
860 1009 895 1063 6
925 1005 961 1083 ).
997 1009 1191 1064 Paullo
1229 1010 1389 1082 plura
1426 1010 1627 1064 tradita
1661 1013 1978 1084 accepimus
2015 1008 2086 1064 de

537 1099 711 1155 Callia
764 1097 867 1171 (¹⁹),
911 1096 1068 1167 cujus
1115 1097 1355 1151 historiae
1398 1095 1541 1150 duos
1579 1108 1636 1150 et
1675 1098 1870 1171 viginti
1915 1097 2088 1151 libros

538 1184 1059 1256 complectebantur
1105 1180 1214 1253 (sr.
1256 1181 1358 1254 6).
1396 1184 1480 1235 De
1510 1179 1623 1236 fide
1661 1192 1716 1236 et
1755 1184 2086 1237 auctoritate

534 1271 823 1344 scriptoris
860 1269 1163 1324 edocemur
1202 1269 1334 1322 loco
1358 1267 1599 1322 Diodori
1631 1267 1837 1341 (XXI,
1870 1288 1962 1339 17,
1997 1263 2084 1341 4),

537 1358 636 1411 ubi
658 1359 775 1411 haec
802 1351 954 1410 εὍτι
981 1351 1070 1410 καὶ
1098 1352 1330 1417 Καλλίας
1354 1355 1381 1407 ὁ
1399 1351 1747 1430 Συρακούσιος
1770 1353 1982 1418 δικαίως
1996 1352 2087 1410 καὶ

536 1440 899 1519 προσηκόντως
944 1438 1255 1517 κατηγορίας
1301 1437 1555 1509 ἀξιωθείη.
1610 1438 1938 1517 Ἀναληφθεὶς
1986 1437 2088 1519 γὰρ

541 1531 630 1584 ὑπ’
660 1526 1022 1603 Ἀγαθοκλέους
1061 1525 1149 1583 καὶ
1180 1523 1354 1603 δώρων
1385 1525 1625 1601 μεγάλων
1658 1526 1967 1601 ἀποδόμενος
1994 1523 2087 1594 τὴν

505 1675 509 1680 ,
540 1616 793 1693 προφῆτιν
822 1616 913 1681 τῆς
937 1611 1176 1682 ἀληθείας
1195 1609 1456 1688 ἱστορίαν,
1486 1614 1576 1668 οὐκ
1605 1611 1946 1669 ἀπολέλοιπεν
1975 1610 2088 1669 ἀδί-

538 1722 641 1765 κως
670 1699 1006 1803 ἐγκωμιάζων
1032 1696 1119 1754 τὸν
1140 1696 1464 1772 μισθοδότην.
1494 1699 1609 1756 Οὐκ
1627 1699 1810 1774 ὀλίγων
1827 1698 1927 1774 γὰρ
1946 1698 2088 1770 αὐτῷ

540 1784 921 1864 πεπραγμένων
976 1783 1102 1864 πρὸς
1156 1782 1396 1848 decessu<
1443 1786 1569 1841 θεων
1623 1783 1713 1841 καὶ
1758 1783 2088 1862 παρανομίας

544 1871 843 1957 ἀνθρώπων,
885 1871 1041 1950 φησὶν
1077 1874 1106 1927 δ
1154 1893 1474 1948 συγγραφευς
1516 1869 1669 1927 αὐτὸν
1716 1873 1830 1928 εὗσε
1810 1871 1954 1950 εὸεία
2000 1895 2088 1929 και

539 1949 900 2036 φιλανθρωπία
919 1956 1050 2013 πολυ
1076 1979 1190 2020 τους
1217 1957 1401 2019 ἄλλους
1427 1955 1887 2066 υπερὸεὸληκέναι.
1912 1955 2085 2014 Καθό-

539 2043 633 2099 λου
660 2043 711 2098 δὲ
735 2040 966 2118 καθάπερ
990 2039 1356 2117 Ἀγαθοκλῆς
1327 2042 1702 2120 αφαιρούμενος
1727 2041 1794 2098 τὰ
1817 2046 1917 2099 τῶν
1937 2044 2086 2098 πολι-

540 2151 641 2184 των
681 2127 917 2205 ἐδωρειτο
951 2130 1024 2205 τῶ
1054 2135 1337 2204 συγγραφεῖ
1383 2126 1544 2202 μηδὲν
1584 2127 1914 2206 προσήκοντα
1942 2127 2089 2207 παρὰ

541 2235 602 2269 το
643 2211 857 2281 δίκαιον,
894 2236 1059 2277 ουτως
1097 2216 1124 2270 ὁ
1160 2212 1456 2288 θαυμαστὸς
1491 2214 1878 2292 ἱστοριογράφος
1919 2212 2091 2293 ἐχαρί-

540 2302 655 2367 ζετο
685 2298 770 2356 διὰ
792 2323 884 2370 της
911 2303 1109 2380 γραφῆς
1133 2297 1342 2355 ἅπαντα
1368 2298 1572 2377 τάγαθὰ
1600 2304 1672 2379 τῶ
1696 2299 1938 2377 δυνάστῃ.
1964 2297 2089 2379 Ῥά-

540 2386 645 2443 διον
670 2384 717 2442 δ’
744 2377 829 2461 ἦν,
855 2377 1027 2461 οἶμαι,
1056 2385 1182 2466 πρὸς
1210 2384 1421 2464 ἄμειψιν
1445 2386 1654 2466 χάριτος
1683 2390 1757 2465 τῶ
1778 2388 1968 2464 γραφεῖ
1987 2388 2088 2442 τῶν

543 2470 817 2549 ἐγκωμίων
858 2472 932 2549 μὴ
968 2474 1239 2554 λειφθῆναι
1271 2476 1362 2542 τῆς
1395 2475 1454 2531 ἐκ
1489 2478 1578 2531 τοῦ
1611 2474 1883 2551 βασιλικοῦ
1914 2470 2090 2550 γένους

542 2557 867 2636 δωροδοκίας.

625 2649 690 2701 In
721 2646 1179 2703 antecedentibus
1213 2647 1500 2703 Diodorus
1519 2648 1589 2704 de
1606 2650 1813 2704 Timaeo
1844 2646 2091 2721 dixerat,

543 2734 641 2805 qui
668 2733 803 2788 odio
825 2735 1043 2806 tyranni
1064 2735 1237 2789 multa
1264 2734 1334 2789 de
1361 2754 1429 2791 eo
1452 2734 1744 2790 mendacia
1774 2733 2089 2789 tradiderit.

543 2822 626 2876 Ex
644 2820 904 2875 Diodoro
923 2839 1019 2876 sua
1042 2821 1237 2876 Suidas
1250 2840 1305 2880 ν.
1329 2819 1584 2884 Καλλίας.
1610 2823 1709 2877 His
1736 2820 1880 2875 adde
1902 2821 2093 2874 locum

544 2907 574 2958 J
581 2905 771 2976 osephi
792 2905 987 2962 Contr.
1010 2907 1217 2979 Apion.
1242 2908 1300 2975 1,
1330 2904 1361 2959 3
1390 2906 1585 2978 (quem
1617 2907 1902 2979 exscripsit
1922 2907 2093 2960 Euse-

544 2991 669 3044 bius
690 2992 753 3043 P.
779 2992 843 3044 E.
872 2992 962 3059 X,
994 3010 1024 3061 7
1051 3009 1108 3064 p.
1142 2989 1290 3068 478)
1320 3012 1334 3046 :
1366 2987 1502 3048 Ἀλλ’
1528 2988 1643 3046 οὐδὲ
1668 2989 1785 3067 περὶ
1808 2991 1909 3047 τῶν
1940 2991 2093 3048 Σικε-

548 3075 708 3129 λικῶν
736 3072 839 3137 τοῖς
862 3073 981 3151 περὶ
1009 3073 1267 3151 Ἀντίοχον
1290 3072 1381 3130 καὶ
1394 3074 1646 3133 Φίλιστον
1675 3072 1710 3144 ἢ
1730 3072 1968 3132 Καλλίαν
1996 3072 2095 3135 Τί-

550 3178 699 3231 μαιος
714 3159 1008 3240 συμφωνεῖν
1028 3158 1264 3230 ἠξίωσεν.

888 3278 988 3338 ΤΑ
1031 3277 1214 3338 ΠΕΡΙ
1254 3278 1737 3340 ΑΓΑΘΟΚΑΕΑ.

1298 3410 1347 3445 1.

975 3494 1020 3547 E
1053 3494 1276 3551 LIBRO
1313 3495 1639 3551 SEPTIMO.

628 3604 875 3658 Macrob.
903 3604 1017 3660 Sat.
1058 3606 1125 3672 V,
1154 3623 1223 3678 ¹9
1254 3622 1268 3661 :
1300 3606 1519 3662 Callias
1551 3611 1733 3660 aute'm
1763 3610 1821 3659 in
1851 3611 2089 3679 septima

550 3689 783 3743 historia
813 3691 897 3744 De
923 3692 1081 3745 rebus
1105 3691 1305 3745 Siculis
1335 3697 1415 3746 ita
1443 3694 1633 3747 scribit
1653 3712 1672 3745 .·
1701 3689 1769 3748 Ἦ
1808 3689 1860 3747 δὲ
1892 3690 2089 3768 Ἐρύκη

612 3832 655 3891 (*
657 3833 675 3893 )
708 3830 840 3881 Alius
865 3833 1039 3882 Callias
1057 3836 1383 3895 Syracusanus
1406 3838 1704 3884 memoratur
1731 3847 1810 3896 ap
1840 3835 2090 3883 Plutarch.

550 3901 792 3950 Demosth.
819 3915 863 3950 c.
906 3908 962 3962 5,
992 3903 1092 3951 vit.
1126 3906 1241 3952 Dec.
1270 3905 1404 3953 Orat.
1432 3917 1478 3965 p.
1512 3908 1629 3964 844,
1664 3907 1703 3952 D
1736 3905 1816 3965 (p.
1854 3909 1997 3960 1028,
2034 3908 2095 3953 ⁴9

2184 837 2275 902 τῆς
2303 832 2398 907 μὲν
2439 834 2646 913 Γελῴας
2680 835 2798 894 ὅσον
2831 834 3159 904 ἐννενήκοντα
3199 834 3390 892 στάδια
3433 836 3736 903 διέστηκεν

2176 921 2411 986 ἐπιεικῶς
2446 921 2499 978 δὲ
2541 922 2724 1003 χερρός
2766 925 2905 980 ἐστιν
2931 920 2993 978 τό
3014 945 3045 979 τ
3048 921 3203 1000 ’ὄρος
3233 921 3327 979 καὶ
3347 926 3385 991 ἡ
3417 921 3482 979 τὸ
3505 922 3742 978 παλαιὸν

2176 1008 2407 1066 Σικελῶν
2447 1010 2764 1085 γεγενημένη
2800 1007 2974 1078 πόλις,
3015 1007 3098 1087 ὑφ’
3127 1001 3162 1086 ᾖ
3199 1008 3288 1066 καὶ
3325 1006 3450 1072 τοὺς
3488 1012 3742 1073 Acmon<

2174 1090 2519 1166 καλουμένους
2565 1087 2694 1153 εἶναι
2741 1092 3099 1168 συμὸέὸηκεν.
3134 1071 3313 1154 Οὗτοι
3364 1095 3426 1154 δὲ
3478 1100 3743 1174 κρατῆρες

2177 1179 2266 1237 δύο
2309 1179 2456 1250 εἰσὶν,
2497 1180 2584 1247 οὓς
2619 1181 2869 1261 ἀδελφους
2907 1185 3009 1238 τῶν
3039 1182 3289 1240 Παλίκων
3323 1184 3371 1239 οἱ
3414 1183 3743 1241 Σικελιῶται

2173 1265 2481 1340 νομίζουσιν.
2514 1270 2564 1326 Γ
2568 1267 2626 1333 ὰς
2650 1267 2703 1325 δὲ
2742 1265 3005 1346 ἀναφορὰς
3033 1270 3136 1325 τῶν
3163 1265 3528 1346 πομφολύγων
3563 1291 3738 1345 παρα·

2174 1351 2399 1420 πλησίας
2429 1354 2737 1431 βραζούσαις
2755 1351 2981 1431 ἔχουσιν.
3004 1358 3284 1409 Hactenus
3306 1354 3556 1409 Callias.
3584 1358 3750 1410 Pole-

2176 1459 2301 1495 mon
2327 1459 2462 1496 vero
2489 1454 2591 1501 etc.

2917 1562 2973 1599 a.

2622 1664 2667 1720 Ε
2707 1664 2928 1718 LIBRO
2970 1663 3281 1720 OCTAVO.

2259 1781 2555 1837 Athenaeus
2580 1783 2722 1849 XII,
2750 1800 2809 1855 p.
2830 1780 2973 1849 542,
3003 1784 3090 1836 A:
3115 1777 3182 1837 Ἢ
3213 1777 3268 1835 δὲ
3297 1781 3636 1857 Πανορμῖτις
3659 1785 3745 1851 τῖς

2181 1864 2420 1930 Σικελίας
2455 1874 2601 1922 πᾶσα
2645 1887 2806 1934 κηπος
2851 1863 3322 1943 προσαγορεύεται,
3367 1866 3457 1922 διὰ
3493 1889 3558 1923 το
3595 1876 3736 1924 πᾶσα

2177 1942 2306 2007 εἶναι
2350 1950 2552 2029 πλήρης
2593 1951 2810 2029 δένδρων
2856 1949 3084 2030 ἡμέρι-,ιν
3121 1974 3188 2016 ως
3228 1973 3361 2030 φησι
3403 1952 3738 2017 Καλλίαςέν

2182 2037 2336 2115 ὀγδόῃ
2365 2042 2467 2095 τῶν
2497 2038 2630 2118 Περὶ
2665 2037 2976 2117 Ἀγαθοκλέα
3005 2040 3268 2116 ἱστοριῶν.

2923 2159 2977 2218 3.

2625 2283 2669 2335 E
2710 2282 2934 2338 Lumo·
2970 2280 3272 2337 DECIMO.

2257 2400 2458 2458 AElian.
2497 2402 2567 2457 N.
2599 2404 2665 2458 A.
2694 2402 2862 2474 XVI,
2907 2399 3041 2456 28.
3073 2397 3368 2462 Καλλίας’
3341 2421 3398 2455 εν
3429 2402 3506 2475 τῇ
3545 2399 3736 2476 δεκέτη

2178 2486 2280 2541 τῶν
2302 2483 2436 2563 Περὶ
2460 2507 2544 2542 τον
2571 2484 2920 2564 Συρακούσιον
2944 2483 3254 2560 Ἀγαθοκλέα
3277 2485 3457 2561 λόγων
3479 2486 3618 2566 φτσὶ
3637 2488 3744 2551 τοὺς

2179 2571 2433 2650 κεράστας
2463 2570 2600 2650 ὄφεις
2637 2570 2826 2636 δεινους
2862 2561 2989 2628 εἶναι
3022 2593 3082 2627 το
3116 2571 3322 2647 δῆγμα·
3363 2574 3612 2650 ἀναιρεῖν
3651 2571 3744 2650 γὰρ

2181 2654 2271 2711 καὶ
2309 2659 2415 2732 ζῷα
2451 2655 2614 2734 ἄλογα
2648 2654 2738 2713 καὶ
2779 2655 3100 2766 ἀνθρώπους,
3139 2658 3183 2712 εἷ
3222 2655 3296 2730 μὴ
3333 2657 3547 2734 παρείη
3591 2660 3745 2722 Λίὅυς

2182 2741 2346 2822 ἀνὴρ,
2375 2739 2592 2808 Ψύλλος
2616 2740 2687 2797 ὢν
2722 2740 2781 2798 τὸ
2807 2740 2963 2818 γένος.
3000 2734 3165 2808 Ουτος
3192 2748 3313 2817 γοῦν
3349 2745 3443 2800 ἐάν
3472 2768 3540 2802 τε
3565 2745 3746 2814 κλητος
3773 2777 3792 2796 -

2184 2828 2465 2934 ἀφίκηται,
2499 2827 2588 2885 ἐάν
2610 2851 2668 2885 τε
2699 2827 2789 2885 καὶ
2819 2833 2963 2907 παρῇ
2992 2828 3128 2886 κατὰ
3152 2827 3337 2906 τύχην,
3361 2853 3456 2887 και
3491 2833 3744 2901 etde-rm

2183 2908 2360 2997 πράως
2400 2914 2474 2972 ἔτι
2510 2918 2765 2991 ἀλγοῦντα
2800 2913 2894 2987 τὴν
2935 2915 3142 2992 πληγὴν
3171 2915 3205 2986 ἢ
3238 2916 3300 2973 τὸ
3336 2918 3566 2995 οηγμα,
3599 2921 3744 2995 μόνον

2181 3000 2513 3082 προσπτύσας
2536 2991 2647 3057 εἶτα
2666 2999 2841 3075 μέντοι
2858 3000 2952 3071 τὴν
2980 3003 3161 3071 ὀδύνην
3182 3002 3440 3081 ἐπράϋνε,
3469 3007 3575 3063 καὶ
3596 3029 3739 3064 κατε·

2184 3088 2428 3166 γοήτευσε
2456 3087 2514 3144 τὸ
2543 3079 2700 3143 δεινον
2727 3091 2801 3167 τῷ
2831 3090 3014 3169 σιάλῳ.
3081 3087 3208 3148 Ἐὰν
3242 3089 3295 3147 δὲ
3328 3090 3462 3169 εὕρῃ
3498 3094 3740 3151 δυσανα-

2186 3180 2471 3253 σχετοῦντα
2498 3173 2587 3230 καὶ
2608 3173 2842 3244 άτλήτως
2860 3175 3112 3254 φέροντα,
3139 3175 3276 3256 ὕδωρ
3312 3178 3509 3258 ἀθρόον
3545 3180 3744 3245 σπάσας

2181 3261 2308 3319 εἵσω
2340 3265 2442 3318 τῶν
2487 3261 2726 3330 ὀδόντων,
2754 3283 2843 3317 και
2869 3261 3196 3340 χρησάμενος
3237 3266 3381 3320 αὗτω
3408 3271 3508 3323 τοῦ
3543 3269 3737 3342 στόμα-

2192 3362 2276 3405 τος
2310 3337 2602 3414 κλύσματι,
2646 3304 2758 3396 εἶτα
2781 3344 2928 3397 τοῦτο
2953 3343 3023 3406 εἷς
3053 3341 3239 3398 κύλικα
3277 3325 3542 3416 &kikaion
3579 3345 3744 3403 δίδωσι

2194 3429 2416 3505 ῥοφῆσαι
2433 3429 2509 3504 τῷ
2527 3423 2792 3504 τρωθέντι.
2815 3424 2945 3486 Ἐὰν
2967 3427 3021 3484 δὲ
3043 3427 3330 3506 περαιτέρω
3357 3430 3452 3486 καὶ
3475 3435 3646 3491 τοῦδε
3664 3437 3742 3489 τοῦ

2181 3512 2459 3648 ἷῗᾶῗῗέῗ”
2483 3534 2743 3665 κῖἶὲῗχῖῗ
2769 3511 3173 3656 ἶξῗςχαζῖἷέἷῖὲ
3197 3537 3270 3593 ‘⁰¹’
3295 3538 3741 3658 Ἔῗῖῗῗζῖἶέἶζ

2182 3613 2607 3756 προσανατΐίψας
2625 3613 2716 3746 τέν
2729 3614 2890 3755 ιίσχυίο
2918 3677 3014 3748 τὴν
3035 3616 3514 3759 eupezffi‘tw'
3441 3682 3635 3757 μέντοι
3657 3689 3740 3740 mii

2184 3786 2347 3820 κακου
2367 3766 2617 3839 πεποίηκε
2640 3764 2726 3821 τὸν
2756 3764 3022 3843 ἄνθρωπον
3043 3765 3277 3837 ἐξάντην.

2185 3899 2388 3948 maticus
2407 3913 2485 3960 ap.
2515 3899 2773 3949 Alexandr.
2800 3901 3052 3963 Aphrodis.
3083 3914 3137 3964 p.
3169 3907 3291 3965 3623
3316 3902 3439 3952 alios
3458 3904 3741 3964 eiusnod-

556 3970 713 4019 uidot.
734 3971 768 4032 ).
787 3996 852 4007 -
872 3938 1046 4020 Callias
1072 3972 1400 4033 Mytilenaeus‚
1425 3972 1509 4035 qui
1543 3973 1592 4021 in
1624 3972 1842 4033 sapphus
1873 3975 1923 4020 et
1950 3940 2094 4021 Alcaei
2184 3969 2260 4017 nis
2289 3969 2420 4016 viros
2450 3969 2598 4018 vide'
2585 3984 2632 4017 m
2656 3970 2817 4032 steph.
2848 3971 2990 4020 Thes
3025 3983 3066 4019 s.
3102 3972 3147 4019 h
3175 3985 3226 4020 ν.
3256 3976 3308 4021 et
3333 3974 3382 4022 in
3409 3973 3666 4024 indicibus
3685 3975 3739 4022 sd

547 4039 1353 4102 earminacommentariosscripsit‚
1370 4054 1419 4090 v,
1439 4055 1516 4104 ap.
1536 4043 1814 4092 Athenaeum
1833 4044 1927 4100 111
1946 4054 1994 4116 p.
2017 4045 2096 4101 85,

549 4110 605 4168 F,
633 4112 683 4156 et
705 4108 928 4158 strabon.
956 4112 1096 4171 xlii,
1129 4122 1178 4171 p.
1205 4115 1314 4159 818.
1334 4111 1848 4171 —callias,musicus
1866 4113 1915 4158 et
1940 4111 2098 4170 gram-

862 4258 964 4317 DE
1002 4258 1244 4318 REBUS
1285 4259 1785 4319 AGATHocLis.

614 4436 763 4493 Eryce
798 4445 829 4482 a
863 4434 981 4482 Gela
1011 4433 1156 4483 distat
1193 4356 1357 4484 stadilis
1394 4434 1583 4485 circiter
1616 4435 1896 4497 nonaginta3
1939 4412 2097 4484 solum

549 4521 769 4569 asperum
783 4511 832 4558 et
850 4510 1083 4558 incultum
1096 4511 1169 4559 est
1184 4523 1324 4560 mons
1341 4512 1389 4560 et
1407 4511 1523 4560 urbs
1534 4546 1549 4570 ,
1566 4525 1677 4574 quae
1695 4512 1966 4562 Siculorum
1982 4513 2099 4562 olim

551 4586 667 4647 fuit,
701 4587 793 4635 sub
827 4600 925 4648 qua
955 4587 1068 4636 Dilli
1100 4600 1224 4648 quos
1252 4587 1419 4637 dieunt
1448 4589 1526 4639 siti
1556 4592 1694 4651 silut,
1724 4589 1769 4638 id
1802 4592 1875 4639 ωε
1897 4594 2102 4640 crateres

549 4659 648 4709 duo
663 4698 678 4722 ,
701 4674 823 4723 quos
846 4662 1111 4711 Palicorum
1144 4664 1312 4713 fratres
1332 4677 1434 4714 esse
1457 4665 1696 4715 Siceliotae
1723 4668 1907 4727 putant.
1939 4667 2101 4716 Bullas

552 4739 777 4788 emittunt
797 4738 857 4787 ad
883 4739 1032 4789 instar
1051 4753 1191 4803 aquoe
1215 4741 1455 4791 ferventis.

614 4899 893 4948 Panormitis
914 4882 1029 4949 vero
1047 4902 1220 4952 Siciliae
1236 4825 1347 4953 tot}
1364 4903 1545 4954 hortus
1568 4906 1849 4967 appellatur,
1874 4906 2098 4966 quoniam

552 4980 651 5025 lota
671 4977 833 5026 sativis
851 4977 1101 5029 arboribus
1117 4982 1296 5043 repleta
1316 4985 1390 5031 est
1401 5019 1416 5043 ,
1441 4985 1495 5031 ut
1506 4983 1577 5035 ait
1594 4984 1767 5033 callias
1782 4987 1955 5033 octavo
1978 4985 2099 5035 libro

552 5053 864 5102 ilistoriarum
890 5056 1173 5117 Agathoclis.

1293 5141 1343 5189 3.

609 5213 785 5264 callias
817 5216 938 5266 libro
977 5218 1162 5269 decimo
1184 5220 1391 5271 liistoriae
1431 5234 1576 5283 quam
1608 5223 1883 5286 conscripsit
1917 5224 1978 5272 de
2008 5230 2097 5287 Sy-

2190 4037 2438 4098 Polybium
2458 4041 2507 4084 et
2527 4040 2789 4099 Appianum
2809 4041 2857 4088 et
2877 4040 3174 4089 Athenaeum
3191 4045 3286 4089 etc.
3307 4047 3535 4101 Quorum
3563 4045 3739 4092 nothi

2186 4122 2293 4158 mos
2311 4111 2572 4160 recensitos
2589 4111 2769 4160 habes·
2757 4125 2805 4160 m
2828 4113 3034 4175 Pauly's
3057 4115 3391 4175 Real-encyel.
3415 4129 3458 4162 s.
3483 4115 3536 4164 b.
3562 4130 3616 4166 τ.

2193 4270 2423 4306 racusano
2443 4258 2700 4320 Agathocle
2717 4294 2732 4319 ,
2753 4262 2959 4309 cerastas
2973 4260 3124 4321 inquit
3136 4261 3412 4322 pestiferum
3427 4275 3650 4312 morsum
3669 4264 3736 4311 in·

2190 4331 2350 4395 {ligere
2370 4335 2548 4395 solere,
2568 4336 2619 4383 et
2646 4334 2822 4384 bestias
2849 4336 3032 4385 ratione
3048 4340 3263 4385 carentes
3279 4340 3330 4386 et
3352 4338 3582 4389 homines
3597 4342 3734 4388 inter·

2188 4410 2356 4472 ficere,
2391 4412 2482 4460 nisi
2515 4413 2721 4474 Libycus
2752 4413 2826 4460 vir
2854 4426 2882 4462 e
2916 4414 3179 4474 Psyllorum
3207 4418 3350 4476 gente
3373 4416 3436 4465 ad
3471 4417 3734 4466 cunndm

2187 4488 2450 4537 accesserit.
2517 4488 2604 4537 Hic
2635 4500 2749 4537 sane
2769 4488 2810 4537 si
2832 4492 3059 4538 evocatus
3091 4490 3194 4540 sive
3229 4491 3429 4540 fortuito
3460 4493 3732 4548 adventii,

2187 4566 2235 4611 et
2262 4564 2444 4626 plagam
2469 4564 2627 4613 adhuc
2648 4565 2959 4615 tolerabiliter
2984 4565 3226 4615 dolentem
3255 4567 3457 4627 viderit.
3483 4569 3640 4618 sulm
3663 4580 3730 4618 sa·

2187 4639 2332 4688 livam
2350 4640 2466 4688 ictui
2489 4641 2729 4689 morsuive
2744 4640 2970 4703 inspuens
2986 4642 3198 4690 dolorem
3228 4643 3418 4705 mitigat
3439 4647 3490 4693 et
3517 4645 3732 4706 pestrin-

2186 4715 2268 4776 git.
2330 4715 2411 4765 Sin
2451 4707 2728 4778 percussum
2749 4717 3002 4766 offenderit
3026 4719 3273 4780 aegewime
3305 4719 3587 4780 dolentem,
3619 4722 3730 4769 inm

2189 4791 2356 4841 dentes
2372 4794 2659 4855 permultam
2680 4807 2856 4856 aquam
2881 4795 3070 4856 haurit,
3095 4798 3144 4844 et
3169 4809 3224 4845 os
3249 4809 3395 4846 suum
3424 4799 3585 4859 primo
3603 4812 3658 4848 ex
3680 4811 3727 4846 a

2186 4867 2382 4928 counit,
2404 4871 2510 4930 post
2527 4883 2642 4919 vero
2658 4882 2765 4919 eam
2792 4870 2841 4918 in
2858 4871 3084 4932 poculum
3115 4871 3345 4934 injectam
3365 4875 3621 4923 vulnerato
3648 4887 3726 4923 ex·

2186 4944 2468 4992 sorbendam
2489 4945 2651 4994 tradit.
2676 4945 2856 5003 Quodsi
2877 4948 3023 4996 etiam
3054 4951 3158 5009 post
3185 4948 3278 4996 hoc
3311 4951 3482 4998 veneni
3505 4950 3727 5000 acubitu

2185 5021 2342 5070 arrius
2362 5022 2630 5077 invalescit.
2661 5024 2740 5073 hie
2774 5024 3019 5086 mgrotantn
3036 5025 3170 5075 nudo
3195 5026 3358 5074 nudus
3383 5029 3656 5088 aecumbfl,
3683 5031 3724 5075 et

2186 5099 2375 5165 proprio
2401 5112 2488 5149 suo
2513 5113 2709 5162 corpore
2739 5092 2895 5150 morbi
2923 5101 3018 5150 vim
3044 5101 3214 5163 frangit
3237 5106 3288 5151 et
3331 5105 3461 5152 malo
3497 5105 3724 5154 hornum

2187 5176 2372 5225 liberat.
