3900 6042
1411 438 1683 499 nll’PYs
1730 440 2140 501 RHEGINUS.
3299 457 3363 505 13

195 570 286 639 ejus
307 572 492 623 onmis
530 571 590 627 ll.
623 571 683 623 ll.
718 581 952 623 constat.
998 572 1304 640 Quocirca,
1351 590 1525 643 quum
1563 592 1592 626 a
1630 591 1736 645 po-

1830 585 2193 628 monumenta
2217 577 2548 629 recensuisse
2577 577 2797 650 Hippys
2816 575 3157 649 videtui-(fr.
3191 577 3277 650 6).
3307 607 3386 619 —

196 656 501 709 sterioribus
528 675 651 711 non
665 654 950 710 adhibitus
974 656 1253 723 videatur,
1289 657 1392 710 nisi
1424 669 1488 711 ut
1512 660 1739 712 cultiori
1830 661 1985 731 Myes
2002 701 2016 728 ‚
2051 662 2149 732 qui
2188 662 2392 734 scripta
2416 664 2660 717 auctoris
2683 664 2859 718 nostri
2890 665 2950 716 in
2987 664 3382 735 compendium

165 768 169 775 ι
196 742 478 814 disciplinae
499 743 897 796 auctoritatem
924 742 1184 810 adderet,
1216 761 1286 798 ne
1309 746 1568 798 Tatianus
1595 746 1733 817 qui-
1830 746 2078 819 redegit,
2111 747 2243 802 alibi
2272 768 2389 803 non
2409 761 2770 813 memoratur.

196 828 300 881 dem
322 830 507 900 ipsum
521 828 695 897 vidit3
720 846 903 899 neque
920 829 1046 881 sciri
1066 828 1217 897 lieet,
1239 829 1445 901 ecquid
1463 830 1735 883 curiosius

198 913 251 967 de
274 914 509 967 Homeri
536 914 655 966 vita
684 915 996 984 quaesiverit
1022 914 1360 987 TheageneS.
1392 940 1414 963 u
1448 916 1533 971 Cf.
1560 915 1736 970 Wolf.

200 1000 431 1073 Prolegg.
473 1017 535 1071 p.
580 998 721 1072 1613
753 999 1004 1054 Lobeck.
1037 999 1316 1073 Aglaoph.
1347 1018 1409 1072 p.
1449 999 1553 1055 155
1585 1019 1670 1073 sq.

794 1123 1095 1147 -m

258 1198 448 1253 Suidas
470 1214 486 1254 z
512 1192 712 1261 Ἵππυς
728 1240 744 1265 ,
770 1194 1010 1270 Ῥηγῖνος
1026 1239 1043 1265 ,
1069 1196 1322 1274 ἱστορικὸς
1338 1241 1352 1265 ,
1396 1193 1616 1273 γεγονὼς
1644 1197 1731 1255 ἐπὶ

201 1285 280 1339 τῶν
314 1285 628 1360 Περσικῶν,
649 1281 739 1341 καὶ
759 1284 960 1358 πρῶτος
979 1282 1175 1361 ἔγραψε
1197 1282 1288 1347 τὰς
1313 1281 1588 1349 Σικελικὰς
1606 1284 1742 1361 προί-

201 1366 307 1437 ξεις,
339 1366 464 1432 ἃς”
436 1391 654 1447 υστερον
704 1365 854 1437 Μύης
890 1366 1200 1443 ἐπετέμετο·
1247 1368 1429 1428 Κτίσιν
1477 1368 1735 1440 ’,[ταλίας

202 1455 464 1512 Σικελικῶν
469 1454 679 1565 βιὸλία
714 1453 753 1511 ε’
767 1452 1041 1534 ,Χρονικὰ
1070 1456 1122 1512 ἐν
1148 1454 1367 1529 βιὸλίοις
1394 1456 1467 1525 ε’,
1494 1455 1736 1533 Ἀργολι-

200 1544 286 1598 κῶν
311 1542 384 1616 γ’.
418 1532 589 1607 Ουτος
617 1543 821 1620 πρῶτος
849 1539 1041 1618 ἔγραψε
1071 1539 1342 1620 παρῳδίαν
1375 1499 1467 1600 xcii
1496 1540 1742 1619 χωλίαμ-

201 1627 273 1686 ὅον
298 1627 384 1685 καὶ
412 1630 575 1685 ἄλλα.

266 1710 541 1792 Ἵππυς]
588 1717 722 1771 libri
760 1711 839 1772 ‘l
842 1736 970 1786 πυς;
1021 1735 1187 1791 quam
1227 1720 1453 1790 reposui
1505 1717 1743 1771 sormam

199 1803 348 1857 habes
370 1804 439 1860 fr.
475 1823 538 1875 1,
563 1822 630 1870 α,
658 1802 720 1856 6·
708 1813 1015 1876 ,praeterea
1060 1806 1277 1859 occurit
1317 1800 1525 1867 Ἱππεύς
1547 1804 1617 1857 fr.
1669 1809 1699 1868 4
1722 1843 1738 1871 ,

204 1885 392 1953 Ἱππίας
414 1890 485 1944 fr.
519 1909 586 1959 7,
608 1884 819 1945 Ἵππων
848 1888 916 1945 fr.
941 1888 995 1945 5.
1037 1891 1169 1946 coll.
1197 1892 1266 1945 fr.
1308 1910 1355 1947 1.
1389 1893 1566 1945 -De
1594 1891 1740 1962 Hip-

200 1997 332 2050 pone
366 1979 629 2051 Rhegino
669 1979 865 2045 atheo,
910 1997 1039 2032 cum
1084 1990 1279 2033 nostro
1311 1979 1583 2033 historico
1624 1996 1740 2032 non

199 2064 618 2132 confundendO,
646 2064 779 2119 vide
807 2083 933 2136 quae
958 2065 1189 2120 laudant
1216 2067 1442 2120 Kiister.
1479 2075 1537 2119 et
1567 2066 1745 2119 Bern-

196 2148 379 2222 hardy.
405 2150 475 2205 ad
497 2152 554 2204 h.
588 2151 628 2204 l.
656 2182 736 2191 —
754 2147 1169 2226 Ἀργολικῶν]
1198 2154 1287 2207 Sic
1320 2170 1389 2206 ex
1420 2150 1644 2206 duobus
1674 2152 1744 2204 li-

198 2235 302 2289 bris
318 2236 644 2309 Bernhardy
673 2238 1002 2306 rectissime3
1047 2237 1398 2314 ἀργολογικῶν
1438 2237 1598 2292 editt.
1621 2257 1637 2316 ξ
1661 2238 1745 2313 ἀρ·

196 2321 523 2396 χαιολογικῶν
547 2321 825 2389 Eudocia,
848 2322 1002 2394 quod
1028 2326 1172 2378 tueri
1198 2325 1381 2378 voluit
1400 2325 1544 2378 Bast.
1573 2323 1742 2379 Com-

196 2421 358 2464 ment.
382 2411 654 2483 Palaeogr.
681 2426 742 2481 p.
779 2408 889 2477 754
907 2450 923 2478 ‚
953 2411 1050 2483 qui
1070 2429 1101 2465 e
1121 2410 1253 2465 cod.
1282 2410 1452 2465 Paris.
1480 2420 1739 2465 enotave·

196 2506 275 2549 rat
302 2495 674 2571 ἀρχολογικῶν.
708 2526 788 2537 —-
815 2484 994 2559 οὗτος
1032 2497 1277 2573 πρῶτος
1305 2492 1477 2570 κτλ.]
1512 2494 1744 2567 Ηκῳά

196 2582 415 2653 Hippyn
452 2582 592 2635 nihil
636 2582 954 2656 pertinere,
974 2582 1095 2637 ‘sed
1130 2582 1469 2654 praecedenti
1504 2582 1743 2637 articulo

197 2663 508 2741 (Ἱππῶναξ)
541 2667 901 2741 adjungenda
928 2686 1039 2723 esse
1064 2668 1180 2739 jam
1207 2670 1478 2724 Kiisterus
1499 2670 1738 2723 monuit.

266 2757 349 2808 De
380 2756 491 2809 vita
532 2765 589 2808 et
617 2766 776 2809 aetate
808 2756 1044 2828 Hippyis
1080 2750 1283 2829 p'raeter
1317 2754 1547 2810 Suidam
1574 2773 1742 2810 nemo

190 2840 493 2913 quidquam
522 2840 715 2896 tradit.
742 2842 1211 2914 Fragmentorum
1242 2841 1452 2896 indicia
1486 2852 1736 2896 scrutans

190 2928 369 2981 virum
406 2929 626 3002 elicias,
672 2930 771 3001 qui
808 2928 1015 2983 viderit
1040 2929 1251 2983 lumina
1273 2929 1522 2995 Graeciae,
1562 2931 1745 3001 Argos

192 3026 245 3068 et
266 3016 509 3070 Athenas
541 3014 642 3089 (fr.
670 3015 724 3070 3.
760 3013 856 3089 5),
881 3017 980 3087 qui
1002 3015 1249 3069 imbutus
1273 3014 1440 3069 fuerit
1471 3014 1744 3071 doctrinis

191 3101 688 3175 Pythagoricorum
711 3102 799 3176 (fr.
828 3100 912 3173 6),
936 3102 1181 3173 denique
1202 3101 1360 3173 cujus
1379 3103 1583 3175 scripta
1601 3103 1742 3158 Pha·

194 3189 308 3241 nias
339 3191 553 3244 Eresius
577 3190 745 3244 etiam
779 3190 1146 3243 literatissimo
1175 3189 1377 3243 saeculo
1397 3189 1546 3244 lectu
1574 3188 1744 3263 digna

192 3272 445 3330 habuerit
492 3275 613 3349 (.fr
619 3271 711 3351 6.)
746 3276 1121 3346 -Reliquiae
1161 3285 1377 3329 tantum
1402 3294 1521 3329 non
1552 3294 1745 3331 omnes

192 3377 257 3413 ex
283 3362 574 3417 chronicis
597 3365 771 3435 petita
794 3372 954 3429 sunt,
998 3379 1121 3434 quae
1144 3379 1401 3435 expresse
1424 3363 1591 3417 semel
1614 3363 1739 3417 lau

192 3446 427 3504 dantur
414 3470 472 3504 nn
501 3450 815 3524 fragmento
838 3460 1068 3522 quarto,
1093 3449 1191 3503 ubi
1222 3451 1513 3504 oraculum
1535 3451 1741 3505 citatur

194 3536 449 3605 Myscello
494 3536 689 3591 datum
733 3536 1017 3591 conditori
1048 3537 1327 3592 Crotonis.
1372 3538 1518 3591 Hinc
1569 3547 1626 3590 et
1669 3555 1737 3592 ex

193 3621 384 3695 fragm.
420 3624 453 3678 5
494 3624 855 3698 intelligimus
884 3624 1013 3678 satis
1039 3624 1156 3678 fuse
1188 3642 1277 3678 res
1303 3625 1512 3679 Siculas
1539 3633 1595 3677 et
1629 3624 1744 3677 Ita-

194 3709 321 3763 licas
348 3712 403 3763 in
427 3711 727 3765 Chronieis
750 3710 979 3765 traditas
1008 3710 1198 3779 fuisse,
1226 3710 1369 3765 adeo
1402 3720 1466 3764 ut
1484 3709 1743 3764 dubitare

190 3798 390 3866 possis,
430 3816 502 3852 an
530 3816 651 3852 non
690 3799 1105 3854 chronicorum
1135 3798 1265 3851 libri
1297 3798 1549 3869 quinque
1572 3795 1743 3850 iidem

194 3884 297 3935 sint
327 3903 453 3939 cum
484 3885 623 3953 illis,
654 3885 861 3957 quibus
894 3885 1188 3956 separatim
1223 3882 1423 3939 Siciliae
1458 3883 1745 3937 historiam

197 3981 253 4021 et
275 3971 593 4027 Graecarum
628 3973 689 4025 in
712 3972 871 4026 Italia
895 3972 1126 4025 urbium
1148 3972 1392 4043 origines
1416 3979 1742 4043 persecutus

199 4072 306 4109 essse
320 4057 543 4114 dicitur.
560 4063 634 4113 At
656 4056 1069 4112 dubitationem
1087 4055 1460 4129 praescindere
1480 4055 1745 4110 videntur

198 4137 496 4213 fingmenta
522 4162 545 4197 ι
566 4184 582 4210 ,
609 4161 642 4197 2
661 4184 676 4211 ‚
703 4142 735 4197 3
750 4183 768 4211 ‚
800 4161 925 4216 quae
945 4155 1072 4198 sunt
1100 4143 1173 4198 de
1192 4143 1522 4215 antiquitate
1545 4140 1746 4214 populi

201 4227 586 4302 AEgyptiorum
608 4230 797 4303 deque
829 4228 1029 4285 sabulis
1052 4229 1374 4286 Helladicis.
1408 4229 1589 4284 Etiam
1614 4227 1746 4301 phi-

200 4311 588 4387 losophorum,
623 4326 953 4388 poetarum,
994 4316 1337 4371 musicorum
1387 4325 1643 4387 tempora
1689 4322 1747 4366 et

2426 885 2790 911 —w

2421 975 2784 1034 XPONIKA.

2384 1105 2444 1161 ἰν
2475 1076 2752 1181 βιόλίοιις
2771 1104 2832 1165 ε’.

2584 1237 2633 1272 1.

1907 1321 2097 1376 Schol.
2144 1319 2334 1393 Apoll.
2375 1321 2498 1375 Rh.·
2532 1323 2638 1389 IV,
2694 1322 2807 1376 262
2856 1341 2870 1375 ε
2908 1317 3104 1386 Ἵππυς
3148 1318 3387 1398 (Ἵππων

1830 1407 1962 1462 cod.
2004 1406 2167 1480 Par.)
2206 1404 2322 1470 τοὺς
2357 1405 2675 1482 Αἰγυπτίους
2709 1406 3083 1486 ἀρχαιοτάτους
3121 1409 3387 1486 γεγονέναι

1827 1489 1998 1567 λέγει,
2039 1490 2128 1547 καὶ
2165 1488 2399 1569 πρώτους
2426 1514 2530 1548 στο-
2559 1491 2785 1549 ἄσασθαι
2815 1496 2907 1562 τῆς
2938 1497 3029 1549 τοῦ
3077 1493 3227 1572 ἀέρος
3251 1495 3388 1573 κρά-

1830 1598 1985 1642 σεως·
2014 1576 2104 1633 καὶ
2136 1574 2489 1652 γονιμώτατον
2510 1514 2643 1634 έναι
2669 1578 2729 1636 τὸ
2757 1583 2846 1637 τοῦ
2875 1578 3062 1637 Νείλου
3086 1578 3239 1659 ὕδωρ.

1906 1669 1994 1721 De
2020 1665 2216 1721 eadem
2239 1684 2300 1721 re
2325 1666 2500 1721 schol.
2533 1667 2724 1722 laudat
2752 1666 3023 1724 Chronica
3047 1671 3384 1742 Xenagorae,

1829 1753 2040 1809 Cosmae
2058 1754 2404 1826 AEgyptiaca‚
2427 1754 2552 1809 alia.
2569 1749 2980 1829 Ἀρχαιοτοίτους
2995 1755 3121 1827 AEg.
3148 1754 3284 1809 dicit
3300 1751 3387 1810 διὰ

1828 1835 1923 1907 τὴν
1946 1841 2036 1895 τοῦ
2066 1837 2212 1916 ἀέρος
2239 1836 2517 1915 εὐκρασίαν
2546 1836 2635 1894 καὶ
2656 1839 2740 1895 διὰ
2762 1836 2856 1909 τὴν
2884 1838 3034 1918 φύσιν
3057 1843 3147 1896 τοῦ
3169 1838 3356 1897 Νείλου
3372 1863 3386 1876 ·

1832 1948 2012 1982 τουτον
2059 1923 2160 2002 γὰρ
2193 1924 2474 1999 πολύγονον
2498 1924 2619 1981 ὄντα
2650 1923 2739 1981 καὶ
2778 1924 2870 1989 τὰς
2901 1925 3091 2005 τροφὰς
3118 1928 3213 1982 αὖ
3196 1935 3388 2004 ,opunte

1829 2011 2188 2092 παρεχόμενον
2219 2010 2406 2091 ῥαδίως
2444 2011 2709 2092 ἐκτρέφειν
2748 2010 2814 2069 τὰ
2845 2011 3224 2110 ζωογονηθέντα
3265 2013 3382 2073 κτλ.

1834 2102 2035 2175 (verba
2069 2112 2196 2156 sunt
2229 2100 2470 2156 Diodori
2503 2100 2561 2167 1,
2617 2119 2716 2169 10,
2759 2097 2857 2175 1);
2897 2078 3237 2175 eosdemque
3281 2102 3388 2157 ha—

1831 2208 1958 2244 rum
1992 2206 2182 2243 rerum
2207 2188 2590 2243 observatores
2614 2189 2827 2260 primos
2848 2190 3110 2243 exstitisse
3136 2200 3392 2243 auctores

1829 2276 2203 2330 scientiarum.
2233 2275 2318 2329 lta
2349 2292 2594 2338 narrasse
2630 2275 2861 2347 Hippyn
2896 2293 2966 2329 ex
3000 2274 3185 2330 verbis
3208 2276 3385 2330 schol.

1831 2382 1958 2417 eum
1984 2363 2220 2417 aliorum
2242 2364 2560 2417 narratione
2578 2361 2793 2416 collatis
2819 2363 3164 2434 intelligitur.
3190 2362 3274 2417 Cf.
3301 2364 3390 2416 in·

1834 2462 2007 2522 terpr.
2038 2448 2317 2504 Herodot.
2345 2448 2415 2503 ad
2432 2450 2523 2515 11,
2548 2467 2606 2517 23
2637 2451 2832 2521 Heyne
2873 2451 2960 2505 De
2983 2448 3231 2504 sontibus
3249 2451 3386 2505 Dio-

1832 2536 1960 2591 dori
2010 2554 2070 2608 p.
2095 2536 2338 2597 XXVIII
2367 2535 2460 2590 ed.
2487 2535 2715 2607 Bipont.

2582 2647 2637 2683 2.

1910 2736 2175 2808 Stephan.
2221 2736 2349 2807 Byz.
2379 2753 2433 2790 v.
2465 2730 2647 2809 Ἀρκάς
2681 2753 2693 2788 :
2734 2726 2937 2797 Ἵππυς
2978 2729 3034 2787 δὲ
3074 2733 3102 2788 6
3147 2728 3385 2805 Ῥηγῖνος

1833 2818 2045 2897 λέγεται
2079 2821 2281 2898 πρῶτος
2304 2815 2525 2877 καλέσαι
2554 2815 2913 2896 Προσελήνους
2948 2813 3064 2882 τοὺς
3091 2815 3375 2895 Ἀρκάδας,

1834 2900 1923 2964 καὶ
1949 2906 2010 2965 τὸ
2034 2906 2221 2985 ἄστρον
2245 2904 2452 2982 λέγεται
2476 2907 2527 2962 ἐν
2565 2908 2641 2983 τῷ
2669 2904 2870 2982 οὐρανῷ
2896 2902 3012 2960 τότε
3040 2903 3224 2982 ἄρκτος
3249 2905 3386 2975 κλη-

1833 2997 2020 3069 θῆναι,
2053 2991 2089 3064 ἣ
2116 2990 2293 3067 ἅμαξα
2330 2988 2557 3069 λέγεται.
2595 3022 2675 3035 -
2709 2994 3028 3065 Utrumque
3055 2995 3280 3048 interse
3317 3012 3388 3049 ex

1834 3084 2070 3156 Hippyis
2100 3081 2369 3136 sententia
2405 3079 2688 3135 cohaerere
2719 3079 2893 3134 facilis
2924 3080 3248 3151 conjectura
3283 3092 3382 3136 est.

1831 3171 2083 3225 Callistus
2126 3187 2170 3223 s.
2225 3166 2570 3234 Themistus,
2622 3152 2876 3222 Arcadis
2879 3168 3100 3234 matris,
3143 3166 3388 3222 fabulam

1831 3274 1999 3312 nemo
2021 3257 2214 3311 naecit.
2242 3251 2464 3332 οὗρανῶ]
2490 3252 2621 3309 eod.
2648 3252 2921 3326 Rhedig.;
2951 3253 3028 3307 sie
3048 3254 3386 3309 emendave-

1830 3354 1919 3399 rat
1937 3343 2052 3415 jam
2075 3342 2431 3399 casaubonus
2458 3359 2566 3414 pro
2600 3357 2694 3413 vg.
2726 3340 2902 3415 ἀρανω
2936 3338 2954 3412 (
2971 3336 3170 3418 Ἀροίτῳ
3206 3342 3388 3396 voluit

1829 3431 2082 3487 Holsten.
2102 3428 2141 3503 ).
2583 3505 2636 3561 3

1911 3609 2102 3669 Schol.
2133 3611 2269 3665 Eur.
2301 3608 2452 3664 Med.
2515 3627 2583 3663 10
2634 3608 2707 3663 de
2745 3607 2944 3663 Medea
2990 3627 3002 3661 :
3036 3605 3168 3685 Περὶ
3205 3606 3260 3664 δὲ
3294 3610 3387 3677 τῆς

1834 3699 1902 3763 εἰς
1924 3695 2172 3772 Κόρινθον
2201 3692 2549 3763 μετοικήσεως
2566 3690 2780 3758 Ἱππεὺς
2802 3694 2981 3767 (corr.
3005 3691 3229 3770 Ἵππυς)
3252 3695 3386 3753 ἰκτί-

1834 3789 1977 3843 θεται
2001 3782 2089 3841 καὶ
2109 3780 2432 3845 Ἑλλάνικος.
2464 3783 2610 3837 Hinc
2637 3783 2838 3855 procul
2866 3781 3043 3837 dubio
3073 3802 3086 3837 t

1911 3873 2101 3928 Schol.
2133 3873 2268 3927 Eur.
2296 3867 2445 3927 Med.
2479 3887 2599 3923 20.
2587 3888 2599 3901 ·
2634 3866 2871 3936 Μήδειαν
2898 3866 2997 3925 ὑπὸ
3028 3866 3280 3927 Ἀκάστου
3299 3872 3383 3928 ἐκ·

1838 3979 2097 4016 πεσουσαν
2127 3979 2219 4013 συν
2193 3954 2425 4015 νἸᾶσονι
2449 3950 2696 4022 Ἱππότης
2726 3952 3005 4020 υπεδέξατο
3023 3954 3276 4033 Κρέοντος
3295 3979 3385 4015 του

1837 4042 2118 4104 Λυκαίθου.
2144 4041 2211 4101 Ὁ
2238 4039 2494 4105 Λύκαιθος
2521 4038 2605 4110 δὲ,
2626 4038 2740 4097 ἐπεὶ
2763 4041 3227 4119 Βελλεροφόντης*
3190 4066 3385 4123 ωχετο,

1834 4122 2041 4210 ἧρξεν’
2013 4152 2104 4200 ετη
2134 4127 2241 4203 κζ’,
2273 4126 2451 4184 ἔπειτα
2477 4124 2657 4206 Κρέων
2686 4125 2768 4196 λ,
2796 4118 2907 4184 εἶτα
2929 4122 3196 4193 Ἱππότης.
3235 4123 3384 4183 Ἐπεὶ

1836 4217 1891 4275 δὲ
1914 4215 2104 4276 Ἰάσων
2132 4214 2298 4291 ἔγημε
2320 4212 2413 4283 τὴν
2437 4212 2687 4272 Ἱππότου
2706 4212 2996 4292 θυγατέρα,
3014 4210 3130 4269 τότε
3154 4210 3217 4280 δὴ
3239 4209 3381 4268 κτεί-

1834 4327 1970 4363 νασα
1998 4301 2112 4368 τους
2139 4303 2328 4368 παῖδας
2351 4302 2416 4357 αυ
2389 4322 2540 4371 υτης,
2567 4299 2962 4359 ἀπαλλάσσεται
2984 4296 3110 4376 πρὸς
3139 4295 3325 4375 Αἰγέα.

760 4478 1179 4539 CHRONICA.

657 4632 885 4687 umus
922 4632 1256 4703 QmNQUs

946 4784 993 4828 1.

265 4876 437 4938 Rippys
458 4878 711 4939 Egyptios
727 4878 946 4926 omnium
973 4878 1332 4941 antiquissimos
1354 4878 1497 4927 tuisse
1519 4878 1588 4926 ait
1605 4914 1619 4939 ,
1648 4878 1747 4940 pri-

218 4960 405 5012 mosque
437 4952 636 5002 inseris
670 4953 1050 5023 tuluperaturam
1083 4953 1385 5015 inquisivisse
1424 4969 1438 5000 2
1472 4956 1622 5015 atque
1652 4951 1746 5001 Nili

214 5036 376 5086 aqum
397 5028 614 5090 apprime
638 5040 743 5078 esse
771 5028 1059 5078 foeeuudam.

948 5126 999 5175 2.

1836 4469 2049 4529 selenos,
2077 4470 2222 4528 atque
2252 4467 2436 4514 astrum
2469 4477 2580 4526 quae
2608 4476 2737 4512 nunc
2773 4463 2929 4521 ἅμαξα
2958 4461 3241 4523 appellatur,
3276 4464 3383 4511 tum

1836 4545 2005 4609 ἄρκτον
2023 4548 2041 4605 (
2057 4543 2269 4602 ursam)
2289 4554 2391 4591 esse
2407 4541 2607 4656 dictumaei

1896 4694 1968 4740 De
1992 4689 2159 4739 Medea
2179 4687 2467 4738 corinthum
2494 4686 2840 4749 commigrante
2861 4685 3112 4747 exponunt
3131 4684 3311 4749 Hippys
3327 4690 3378 4735 et

1838 4767 2127 4817 Hellanicus.

1896 4843 2113 4893 Medeam
2133 4842 2197 4891 ab
2219 4844 2392 4891 Acasto
2406 4840 2590 4903 pulsam
2608 4852 2720 4889 eum
2748 4841 2917 4889 Iasone
2935 4839 3165 4901 Hippotes
3194 4841 3387 4902 excepit

1834 4920 2058 4970 Creontis
2076 4919 2228 4979 tilius,
2249 4932 2397 4982 nepos
2415 4917 2647 4980 Lycaethi.
2669 4916 2925 4979 Lycoethus
2953 4929 3069 4964 vero
3085 4951 3100 4976 ,
3128 4918 3384 4978 postquam

1836 4996 2223 5058 Bellerophontes
2265 4996 2562 5059 decesserat,
2604 4993 2817 5056 regnavit
2868 4992 3006 5041 anuis
3039 4995 3125 5051 273
3163 4991 3388 5054 deinceps

1838 5076 1996 5124 creon
2012 5074 2150 5123 anuis
2179 5081 2269 5135 353
2295 5076 2402 5137 post
2422 5074 2552 5122 hune
2571 5073 2817 5135 Hippotes.
2835 5072 2926 5120 Ubi
2947 5084 3063 5121 vero
3078 5074 3216 5120 Isson
3241 5070 3386 5120 duxit

1837 5151 2056 5213 nippotoe.
2095 5152 2274 5212 titiam,
2311 5156 2416 5201 tum
2449 5151 2630 5213 Medea,
2668 5151 2929 5201 interfectis
2961 5149 3124 5200 liberis
3152 5149 3279 5211 sinis,
3323 5149 3384 5197 ad

273 5224 439 5285 ttippys
459 5225 705 5286 Rhegiuus
721 5224 907 5309 primus
922 5222 1098 5273 dicitur
1116 5223 1324 5275 Arcades
1341 5224 1609 5276 nominasse
1636 5228 1741 5274 Pro·
1833 5230 2027 5289 AEgeum
2059 5241 2109 5278 se
2128 5227 2344 5278 eontulit.
