3900 6042
1249 432 2253 600 CLEARCHUS
2341 461 3177 598 SOLENSIS.

715 913 1011 969 Clearchus
1035 909 1102 984 (·)
1129 912 1370 984 patriam
1392 909 1590 964 habuit
1617 910 1779 965 Solos
1796 950 1813 978 ,
1840 927 1960 964 non
1976 896 2182 965 Ciliciae
2292 903 2426 981 [16.
2478 902 2609 981 Περὶ
2635 902 2792 984 ᾤωνῗ
2820 906 2897 962 fr.
2923 913 2993 975 74
3016 903 3081 980 a]

636 1002 786 1055 illam
821 999 920 1054 sed
955 999 1126 1071 Cypri
1163 998 1395 1066 urbem,
1437 998 1520 1052 uti
1558 997 1673 1070 ipse
1712 1007 1912 1052 auctor
1938 995 2186 1050 declarat

637 1086 708 1138 fr.
736 1083 808 1139 25
828 1125 842 1152 ,
867 1085 965 1138 ubi
997 1082 1069 1138 de
1095 1083 1262 1156 Cypri
1277 1082 1484 1157 regulis
1507 1084 1964 1155 loquensiterum
1988 1099 2051 1135 ac
2080 1099 2182 1135 sae·

639 1172 766 1243 pius
793 1173 970 1227 utimr
991 1169 1176 1224 verbis
1200 1165 1330 1246 παρ’
1351 1167 1501 1240 ἡμῖν.
1532 1169 1700 1239 Cujus
1734 1170 1848 1222 vim
1882 1168 2184 1223 testimonii

639 1275 754 1311 non
774 1268 893 1312 erat
911 1275 1014 1310 cur
1034 1255 1390 1311 addubitaret
1408 1257 1460 1309 J.
1479 1257 1543 1313 B.
1561 1259 1839 1313 Verraert.
1858 1257 1915 1309 in
1931 1254 2184 1310 Diatribe

637 1344 947 1418 inaugurali
978 1341 1049 1397 de
1087 1343 1357 1398 Clearcho
1384 1343 1598 1399 Solensi
1640 1342 1918 1417 (Gandavi
1960 1339 2181 1415 1828),

638 1450 700 1504 p.
735 1436 763 1494 l.
784 1472 800 1500 ,
842 1441 1144 1504 propterea
1186 1430 1345 1502 quod
1385 1430 1683 1486 Clearchus
1727 1430 1939 1503 ubique
1992 1424 2185 1491 Σολεὺς

636 1517 975 1590 appellatur,
1001 1517 1283 1590 Diogenes
1299 1519 1551 1572 Laertius
1580 1517 1657 1591 (Ι,
1686 1515 1752 1572 51
1789 1517 1805 1590 )
1837 1534 1973 1572 vero
2002 1513 2139 1571 dicit
2166 1534 2180 1569 2

638 1600 747 1659 Καὶ
779 1599 905 1657 εἰσὶν
931 1601 978 1658 οἱ
1004 1597 1098 1676 μὲν
1125 1600 1262 1657 ἔνθεν
1291 1599 1392 1676 (sc.
1427 1620 1496 1657 ex
1532 1602 1674 1657 urbe
1712 1598 1955 1677 Ciliciae)
1987 1598 2184 1671 Σολεῖς,

636 1688 682 1744 οἱ
719 1686 765 1744 δ’
791 1683 897 1743 ἀπὸ
924 1686 1139 1765 Κύπρου
1161 1683 1360 1745 Σόλιοι.
1389 1688 1678 1760 Ejusmodi
1698 1689 1846 1743 enim
1874 1688 2184 1743 distinctio·

637 1793 734 1829 nes
796 1792 1180 1848 saepenumero
1244 1785 1371 1830 sunt
1433 1776 1620 1830 inania
1690 1777 2187 1848 grammaticorum

636 1873 983 1930 commenta,
1013 1872 1070 1916 et
1087 1861 1248 1934 quod
1275 1860 1349 1915 ad
1376 1860 1552 1917 modo
1579 1871 1946 1916 memoratam
1969 1862 2185 1931 attinet,

637 1960 829 2023 aperte
868 1950 1111 2023 Diogeni
1150 1946 1465 2021 refragatur
1506 1947 1819 2020 Stephanus
1861 1948 2183 2021 Byzantius,

639 2038 738 2108 qui
766 2035 838 2090 de
856 2036 1001 2091 solis
1026 2035 1233 2093 Ciliciae
1259 2051 1572 2089 sermonem
1602 2035 1809 2090 faciens
1828 2035 1907 2090 ait
1937 2054 1952 2088 :
1984 2036 2013 2090 ὁ
2031 2032 2187 2090 πολί-

635 2143 728 2188 της
752 2116 944 2185 Σολεὺς
967 2119 1058 2177 καὶ
1086 2117 1293 2183 Σόλιος.
1324 2151 1405 2161 -
1429 2121 1698 2193 Magistro
1725 2122 2025 2177 clearchus
2058 2140 2189 2177 usus

635 2219 716 2263 est
738 2207 1061 2275 Aristotele,
1083 2205 1242 2280 quod
1270 2216 1388 2261 tum
1411 2205 1531 2260 aliis
1549 2206 1686 2260 locis
1708 2205 2047 2274 declaratur,
2069 2219 2186 2263 tum

636 2310 771 2347 vero
796 2291 862 2346 fr.
893 2290 967 2358 46
992 2310 1060 2348 ex
1089 2292 1357 2347 Athenaeo
1390 2310 1450 2364 p.
1496 2292 1837 2367 701,C‚ubi
1868 2312 1882 2348 ε
1916 2289 2187 2371 Κλέαρχος

636 2379 665 2434 ὁ
690 2375 883 2443 Σολεὺς
910 2376 1113 2443 οὐδενὸς
1135 2374 1369 2455 δεύτερος
1388 2378 1490 2434 τῶν
1514 2381 1603 2435 τοῦ
1625 2381 1782 2457 σοφοῦ
1803 2377 2188 2456 Ἀριστοτέλους

635 2466 899 2538 μαθητῶν,
928 2475 984 2520 et
1007 2465 1204 2541 fragm.
1227 2465 1335 2538 69,
1355 2465 1456 2520 ubi
1482 2466 1755 2538 Josephus
1778 2462 1915 2521 dicit
1941 2485 1958 2520 ε
1987 2462 2187 2543 Κλέαρ-

637 2572 728 2628 χος
754 2553 783 2608 ὁ
806 2549 1181 2629 Ἀριστοτέλους
1211 2548 1283 2608 ὧν
1309 2548 1545 2626 μαθητὴς
1574 2551 1662 2609 καὶ
1689 2554 1793 2609 τῶν
1817 2554 1878 2609 ἐκ
1899 2553 2187 2630 περιπάτου

635 2635 924 2716 φιλοσόφων
953 2636 1153 2702 οὐδενὸς
1176 2636 1425 2722 δεύτερος.
1452 2642 1722 2696 Praeterea
1752 2640 1825 2695 de
1849 2643 1965 2696 vita
1993 2642 2187 2699 Clear-

633 2726 728 2863 {hi
779 2726 918 2780 nihil
961 2737 1195 2783 constat.
1227 2758 1305 2771 ·-—·
1335 2729 1554 2802 Scripta
1601 2728 1853 2784 clearchi
1887 2727 2189 2784 laudantur

675 2830 750 2866 aec
783 2831 796 2864 ε

722 2934 772 2969 1.
801 2911 943 2986 Βίοι,
970 2915 1128 2971 libris
1153 2917 1447 2971 minimum
1473 2918 1638 2987 VIII,
1664 2917 1735 2972 fr.
1776 2925 1983 2984 1—24.

716 3019 770 3057 ο..
815 2996 1074 3076 Γεργίθιος
1104 3001 1219 3076 (Βο
1248 2999 1706 3078 adulatoribus),
1734 3004 1802 3059 fr.
1839 3005 1935 3062 25.
1970 3005 2058 3061 26.

716 3085 772 3137 3.
820 3082 952 3162 Περὶ
978 3083 1180 3163 φιλίας,
1203 3087 1302 3143 lib.
1337 3089 1476 3145 min.
1507 3089 1601 3161 11,
1625 3088 1696 3142 fr.
1734 3088 1828 3144 30.
1864 3090 1957 3145 31.

719 3178 772 3236 l..
815 3168 1112 3248 Ἐρωτικᾶ,
1137 3173 1236 3227 111).
1267 3175 1403 3227 min.
1435 3175 1521 3241 11,
1552 3172 1623 3231 fr.
1654 3173 1903 3241 32—42.

717 3256 771 3311 5.
822 3253 1099 3321 Πλάτωνος
1122 3254 1403 3333 ἐγκώμιον,
1435 3259 1504 3313 fr.
1535 3257 1630 3325 43.

714 3344 771 3397 6.
822 3341 957 3416 Περὶ
983 3344 1087 3398 τῶν
1116 3344 1168 3400 ἐν
1204 3346 1270 3421 τῇ
1312 3342 1597 3409 Πλάτωνος
1623 3343 1857 3424 πολιτείᾳ
1887 3351 2185 3423 μαθηματι-

872 3430 975 3492 κῶς
1015 3426 1327 3505 εἰρημένων,
1356 3431 1426 3489 fr.
1455 3438 1548 3496 ιἰΙι.

720 3535 772 3585 7.
807 3513 1128 3592 Ἀρκεσιλᾶς,
1148 3516 1220 3579 fr.
1258 3524 1330 3584 44
1352 3537 1402 3576 a.

717 3602 773 3660 8.
819 3600 951 3680 Περὶ
976 3605 1268 3680 παροιμιῶν
1293 3605 1396 3661 111).
1431 3608 1518 3674 11,
1545 3607 1612 3663 fr.
1646 3607 1900 3674 45-60.

716 3705 775 3759 9.
825 3684 956 3764 Περὶ
982 3685 1177 3762 γρίφων
1208 3691 1311 3750 111).
1345 3693 1436 3760 11,
1467 3692 1537 3748 fr.
1569 3693 1822 3749 61-68,

685 3792 771 3830 10.
817 3771 951 3851 Περὶ
978 3771 1166 3843 ὕπνου,
1191 3777 1290 3832 111).
1317 3780 1451 3833 min.
1476 3781 1559 3845 11,
1587 3780 1660 3838 fr.
1685 3781 1780 3855 69.

686 3879 701 3912 1
724 3879 771 3915 1.
820 3858 954 3937 Περὶ
978 3856 1193 3937 νάρκης,
1222 3864 1289 3920 fr.
1316 3883 1409 3933 70.

686 3965 773 4004 ια.
821 3945 954 4025 Περὶ
976 3950 1223 4017 πανικοῦ,
1253 3950 1320 4005 sr.
1353 3969 1447 4019 71.

686 4033 773 4091 13.
820 4031 952 4111 Περὶ
981 4033 1256 4104 σκελετῶν,
1287 4036 1386 4093 lib.
1419 4038 1560 4094 min.
1597 4040 1684 4103 11,
1713 4038 1779 4095 fr.
1810 4058 1901 4108 7²·

684 4127 773 4184 14.
820 4118 953 4198 Περὶ
981 4123 1084 4178 τῶν
1103 4120 1350 4199 ὶνύδρων,
1382 4124 1449 4181 fr.
1482 4124 1568 4194 73.

685 4204 772 4261 15.
820 4202 953 4283 ssepi
976 4206 1146 4277 θινῶν,
1175 4208 1243 4266 fr.
1277 4216 1373 4278 74.

699 4351 764 4409 (*)
807 4349 1177 4414 Distinguendus
1196 4366 1225 4403 a
1244 4357 1410 4404 nostro
1426 4355 1658 4406 Clearcho
1677 4358 1751 4407 eet
1769 4357 2029 4406 clearchus
2041 4357 2184 4406 comi·

637 4430 747 4475 cus,
772 4432 916 4481 quem
935 4422 1157 4471 novimus
1177 4437 1240 4473 ex
1254 4425 1482 4475 Athenaeo
1496 4428 1590 4486 VI,
1611 4439 1659 4490 ρ.
1682 4433 1791 4487 218,
1817 4428 1852 4475 Β
1869 4443 1884 4487 ;
1907 4429 1993 4488 m,
2012 4440 2061 4489 p.
2078 4433 2181 4485 109,

639 4489 795 4546 1);v¹,
813 4501 860 4550 p.
883 4493 992 4551 258,
1012 4492 1160 4552 8321,
1179 4506 1228 4554 p.
1251 4498 1360 4554 420,
1379 4497 1449 4556 1);
1470 4497 1602 4556 vm,
1622 4509 1670 4558 p.
1691 4500 1800 4557 364,
1821 4500 1885 4556 ιη
1903 4499 1991 4557 ιιι,
2007 4510 2056 4564 ῃ.
2080 4500 2182 4556 107,

640 4560 702 4615 133
730 4559 822 4617 lx,
842 4570 891 4620 p.
914 4563 1023 4620 381,
1043 4563 1185 4623 1331,
1218 4576 1265 4625 p.
1297 4572 1343 4626 5,
1372 4568 1436 4625 F;
1459 4565 1658 4616 Bekkeri
1678 4566 1855 4616 Aneod.
1880 4571 2096 4628 p.1208.
2120 4569 2182 4614 V.

639 4627 841 4675 Meinek.
882 4630 1066 4690 Fragm.
1089 4633 1226 4679 com.
1258 4635 1311 4693 1,
1332 4647 1379 4696 p.
1408 4640 1500 4685 490
1522 4639 1574 4684 et
1596 4639 1681 4696 lv,
1710 4649 1757 4697 p.
1789 4642 1894 4686 562.
1918 4661 1983 4671 —
2006 4636 2180 4685 clear-

636 4693 761 4741 clms
785 4694 977 4753 rhetor,
1006 4697 1089 4758 qui
1116 4699 1231 4747 olim
1253 4701 1492 4751 citabatur
1507 4716 1570 4752 ex
1598 4703 1777 4753 Rutilio
1804 4706 1938 4765 Lupo
1967 4702 2094 4763 init„
2112 4706 2185 4751 est

644 4755 936 4813 Cleochares
949 4800 964 4823 ‚
1000 4769 1225 4817 monente
1268 4771 1566 4822 Rulmkenio.
1600 4794 1662 4808 -
1708 4772 2015 4833 Clearchus,
2039 4785 2183 4834 quem

637 4832 860 4883 Clemens
877 4834 1010 4883 Alex.
1046 4838 1223 4886 strom.
1249 4844 1263 4887 1
1286 4852 1361 4901 ,p.
1386 4846 1441 4889 13
1462 4840 1510 4888 111
1531 4840 1824 4890 Milesiorum
1843 4841 2091 4902 Didymoeo
2108 4856 2184 4892 ee·

639 4900 827 4959 pultum
840 4902 972 4962 dicit,
993 4918 1149 4966 neque
1161 4909 1420 4959 statuarius
1436 4922 1592 4971 neque
1612 4911 1814 4973 scriptor
1832 4914 1930 4972 est,
1957 4913 2024 4961 uti
2044 4914 2184 4974 puta·

639 4972 771 5028 runt,
793 4971 874 5019 sed
893 4978 1116 5035 corrupta
1134 4990 1257 5036 vox3
1276 4978 1364 5040 legi
1378 4979 1520 5028 debet
1539 4980 1742 5043 Κλέοχος
1759 5017 1774 5039 ,
1803 4982 1874 5030 uti
1898 4982 2103 5030 monebo
2124 4982 2186 5031 ad

639 5039 883 5087 Mzrandrii
923 5041 1088 5102 fragm.
1128 5051 1172 5092 5.
1212 5045 1438 5106 Reliquos
1472 5046 1689 5096 homines
1703 5086 1718 5109 ,
1751 5050 1925 5111 quibus
1970 5046 2186 5098 Clearclii

640 5117 814 5221 nornen
833 5143 845 5163 .
878 5122 1120 5158 recensere
1153 5113 1212 5160 ad
1247 5126 1333 5162 nos
1360 5114 1474 5163 nihil
1509 5116 1693 5164 attinet.
1723 5121 1782 5165 V.
1817 5120 2059 5167 Verraert.
2088 5118 2118 5165 l.
2146 5117 2177 5165 1.

638 5186 687 5232 p.
779 5183 793 5222 1
827 5189 931 5238 sqq.
1364 5186 1388 5213 ⁹

2295 991 2436 1067 [17.
2476 988 2714 1059 Τακτική
2744 991 2814 1046 fr.
2853 991 2992 1067 75.]

2350 1104 2567 1177 Scripta
2622 1122 2867 1176 quorum
2932 1105 3124 1158 titulos
3180 1105 3550 1177 ignoramus,
3600 1105 3705 1160 vide
3740 1108 3777 1158 in

2273 1188 2343 1248 fr.
2377 1191 2449 1260 76
2479 1207 2603 1263 sqq.
2635 1191 2719 1246 Cf.
2748 1201 2868 1247 not.
2906 1190 2978 1245 ad
3008 1190 3077 1247 fr.
3105 1196 3179 1255 1⁸4
3214 1208 3273 1244 a.

2352 1278 2509 1331 Inter
2536 1294 2739 1349 opera,
2766 1295 2890 1348 quae
2907 1275 3084 1331 modo
3114 1278 3538 1346 recensuimus,
3566 1296 3629 1333 ne
3650 1297 3777 1331 unum

2272 1363 2504 1435 quidem
2543 1374 2625 1419 est
2675 1362 2834 1437 quod
2878 1366 3212 1419 historicum
3254 1364 3393 1435 jure
3449 1364 3627 1418 dicere
3674 1364 3778 1417 licet

2273 1451 2489 1522 Quodsi
2524 1452 2887 1506 nihilominus
2913 1452 3184 1508 Clearcho
3218 1452 3423 1507 locum
3456 1453 3513 1506 in
3538 1453 3636 1506 hoc
3660 1452 3776 1503 volu-

2272 1540 2424 1595 mine
2456 1540 2855 1608 concessimus,
2882 1539 2962 1594 ita
2999 1550 3188 1594 tamen
3230 1549 3301 1593 ut
3343 1540 3665 1612 paucissimis
3694 1556 3777 1591 ron

2274 1624 2713 1692 absolveremus,
2758 1626 2937 1680 movit
2977 1644 3082 1680 nos
3123 1624 3296 1698 quod
3340 1635 3541 1680 auctor
3574 1626 3626 1679 in
3662 1625 3775 1677 libris

2276 1728 2404 1785 quae
2438 1710 2512 1766 ad
2550 1711 2963 1785 philosophiam
2989 1713 3271 1767 moralem
3310 1712 3589 1784 pertinent
3617 1709 3777 1764 docui·

2274 1817 2405 1854 nam
2441 1816 2595 1853 suam
2627 1798 2931 1872 largissima
2958 1800 3367 1872 exemplorum
3393 1817 3463 1853 ex
3490 1797 3688 1852 historia
3708 1815 3775 1869 pe-

2274 1886 2509 1940 titorum
2526 1886 2691 1957 copia
2708 1886 3002 1941 illustravit
3023 1896 3195 1959 atque
3212 1885 3406 1956 major
3426 1903 3551 1957 pars
3564 1883 3775 1956 fragmen·

2276 1980 2463 2026 torum
2491 1973 2642 2026 istius
2660 1971 2815 2027 modi
2837 1973 3104 2046 exemplis
3130 1973 3471 2027 absumitur.

2354 2060 2697 2114 Historicum
2721 2059 2953 2132 quidem
2982 2078 3126 2132 opus
3153 2078 3278 2114 esse
3302 2059 3485 2113 videri
3511 2058 3663 2130 possit
3683 2056 3773 2127 plu·

2276 2144 2543 2218 rimisque
2566 2163 2680 2201 esse
2708 2147 2887 2200 visum
2922 2157 3004 2202 est
3032 2146 3211 2214 illud,
3246 2146 3414 2219 quod
3440 2141 3551 2202 Βίοι
3576 2143 3650 2198 vel
3678 2138 3772 2215 Περὶ

2278 2227 2403 2305 βίων
2426 2232 2766 2290 inscribitur.
2790 2235 2913 2305 Qua
2932 2234 2991 2287 in
3013 2235 3297 2289 sententia
3308 2234 3477 2289 etiarn
3494 2231 3771 2287 Verraertim

2274 2320 2515 2389 perstitit
2540 2337 2597 2392 p.
2634 2318 2741 2375 115
2777 2340 2790 2373 z
2830 2344 2854 2369 α
2899 2320 3013 2375 Ubi
3042 2319 3174 2375 dico
3195 2361 3213 2387 ‚
3248 2321 3468 2392 inquit,
3502 2317 3770 2375 clearchum

2279 2402 2409 2482 Περὶ
2442 2403 2566 2481 βίων
2592 2408 2897 2481 scripsisse,
2928 2408 3039 2462 hoc
3058 2425 3178 2461 non
3203 2409 3287 2462 ita
3316 2404 3677 2480 accipiendum
3692 2412 3762 2459 est.

2277 2510 2340 2547 ac
2367 2494 2410 2547 si
2437 2495 2734 2567 scripsisset
2760 2494 2832 2550 de
2861 2494 3092 2550 dlversis
3112 2496 3246 2550 vim
3269 2494 3592 2569 generibuS,
3618 2492 3765 2563 Oeam·

2277 2582 2449 2649 τικοῦ,
2473 2584 2783 2658 πρακτικοῦ,
2806 2580 3044 2650 ἡδονικοῦ
3061 2622 3077 2649 ,
3108 2582 3209 2637 sed
3240 2600 3377 2637 eum
3397 2579 3648 2655 scripsisse
3665 2593 3766 2647 opvs

2278 2668 2632 2738 historicum,
2681 2665 2820 2744 βίους
2854 2667 3073 2746 ἀνδρῶν.
3124 2693 3148 2717 υ
3194 2669 3377 2741 Quod
3421 2685 3579 2740 quam
3612 2675 3767 2718 temere

2277 2754 2489 2809 dictum
2518 2758 2620 2823 sit,
2659 2755 2868 2812 docent
2902 2756 3251 2831 fragmenta,
3303 2758 3431 2829 q'uae
3459 2754 3528 2808 ad
3564 2751 3762 2806 ordinem

2277 2841 2556 2914 quendam
2586 2842 2915 2897 historicum
2948 2844 3064 2898 sive
3091 2844 3355 2898 virorum
3383 2844 3493 2896 sive
3518 2840 3660 2893 etiam
3684 2851 3763 2906 po-

2274 2930 2544 3002 pulorum
2595 2947 2861 2984 revocare
2921 2929 3125 2986 frustra
3172 2930 3495 2985 tentaveris.
3546 2923 3759 2981 Nimirum
3808 2972 3809 2993 ,

2270 3030 2307 3069 ‘e
2350 3016 2497 3071 libro
2520 3021 2713 3091 primo
2756 3017 2902 3072 inter
2942 3018 3050 3072 alia
3088 3035 3280 3073 sermo
3317 3026 3434 3072 erat
3472 3014 3537 3069 de
3567 3007 3760 3085 parasitis

2276 3101 2366 3176 (fr.
2391 3099 2462 3177 1),
2480 3122 2552 3158 ex
2567 3104 2805 3158 secundo
2822 3102 3054 3158 affertur
3072 3104 3341 3159 Euxithei
3361 3096 3663 3175 Pythagorei
3674 3110 3757 3147 sen·

2277 3190 2445 3243 tentia
2465 3187 2536 3245 de
2551 3191 2734 3245 anima
2752 3208 2932 3264 poenae
2949 3209 3109 3245 causa
3133 3191 3371 3264 corpori
3394 3189 3446 3243 ἐν
3463 3186 3532 3262 τῷ
3552 3182 3674 3257 δείῖρο
3686 3174 3749 3253 βίᾳ

2275 3276 2485 3351 illigata
2521 3275 2705 3350 deque
2751 3278 2863 3331 vita
2889 3295 3067 3350 usque
3105 3277 3178 3331 ad
3204 3273 3515 3332 naturalem
3550 3268 3648 3340 ejus
3666 3265 3754 3319 exi-

2274 3371 2395 3417 tum
2419 3363 2712 3418 toleranda
2735 3363 2824 3436 (fr.
2857 3363 2944 3439 a).
2979 3366 3233 3442 Alterum
3265 3363 3385 3435 ejus
3398 3360 3519 3416 libri
3538 3357 3752 3428 fingmen‘

2274 3460 2392 3503 tum
2422 3460 2501 3505 est
2529 3449 2600 3506 de
2628 3450 3063 3506 Lacedaemoniis
3090 3450 3293 3524 priscae
3317 3451 3442 3518 vitae
3471 3442 3638 3515 κόσμον
3659 3453 3750 3491 mm

2273 3538 2461 3591 enervi
2484 3537 2932 3609 permutantibus
2945 3538 3180 3593 mollitie
3196 3557 3265 3593 ac
3278 3535 3513 3592 luxuria.
3526 3532 3583 3585 In
3599 3523 3749 3582 eodem
3804 3584 3805 3603 ἢ

2274 3634 2605 3696 argumento
2632 3634 2926 3678 versantur
2952 3642 3076 3696 quae
3104 3643 3135 3680 e
3168 3620 3522 3698 sequentibus
3543 3613 3671 3669 libris
3689 3625 3748 3662 su·

2274 3722 2524 3782 persunt.
2542 3713 2683 3766 Nam
2695 3728 2726 3766 e
2745 3711 2894 3766 libro
2908 3715 3062 3764 tertio
3082 3710 3347 3766 laudatur
3362 3709 3682 3781 fragmentum
3697 3693 3747 3747 df

2272 3795 2567 3851 Parrhasio
2587 3799 2818 3870 aliisque
2831 3799 2988 3852 luxui
3010 3794 3217 3852 deditis
3235 3795 3329 3871 (tr.
3360 3792 3429 3867 4),
3450 3792 3584 3846 libro
3599 3790 3742 3858 ‘Imm

2273 3882 2457 3956 agitur
2478 3881 2595 3959 περὶ
2624 3885 2819 3961 τρυφῆς
2844 3882 3174 3953 Medorum,
3212 3883 3526 3958 Lydorum,
3560 3868 3744 3930 Μίῑὸἱθ·

2270 3986 2426 4035 rum,
2449 3969 2965 4044 Colophoniorum,
2990 3972 3348 4044 Scytharum,
3368 3962 3739 4023 Tarentinorum,

2269 4054 2524 4127 Dionysii
2540 4056 2781 4127 junioris
2810 4056 2899 4131 (fr.
2926 4055 3175 4132 5—1o);
3199 4057 3350 4113 libro
3368 4057 3542 4128 quinto
3561 4046 3621 4101 de
3632 4056 3742 4096 men·

2269 4141 2339 4196 sis
2351 4142 2549 4199 Siculis
2570 4147 2906 4218 sumptuosis
2927 4145 3015 4217 (fr.
3051 4165 3074 4201 1
3091 4164 3115 4201 1
3130 4147 3177 4219 ),
3201 4145 3274 4201 de
3298 4136 3569 4202 Cantabari
3591 4131 3734 4189 ΡΜ*

2270 4226 2343 4282 de
2399 4229 2589 4305 Sagari
2634 4232 3038 4305 Mariandyno,
3082 4234 3216 4287 viris
3255 4230 3333 4288 01)
3382 4239 3581 4299 turpem
3612 4217 3736 4268 'inm

2270 4318 2692 4373 contemnendis
2706 4318 2810 4391 (fr.
2837 4337 2858 4373 1
2870 4337 2927 4388 2,
2951 4337 2974 4373 1
2987 4317 3042 4393 3)
3058 4360 3074 4388 ,
3092 4329 3151 4374 et
3162 4318 3235 4374 de
3248 4313 3489 4376 Clearchi
3506 4304 3732 4395 findant.»-

2268 4401 2382 4455 nici
2404 4402 2663 4482 ineptiis(
2684 4406 2754 4460 fr.
2786 4413 2851 4471 14
2865 4404 2904 4479 ).
2924 4406 3144 4477 Quibus
3170 4424 3202 4460 e
3224 4406 3370 4462 libro
3388 4411 3558 4459 octavo
3571 4382 3730 4447 werdt!

2271 4486 2425 4543 locus
2456 4489 2528 4544 de
2546 4491 2756 4566 Gorgia
2783 4492 2860 4546 ob
2883 4491 3241 4547 sobrietatem
3265 4469 3721 4570 longaevissimolf‘·

2279 4571 2347 4627 15
2369 4573 2411 4648 ).
2448 4572 2712 4649 Reliqua,
2749 4578 2953 4650 quibus
2979 4577 3110 4633 libri
3128 4594 3390 4633 numerus
3413 4587 3519 4628 non
3539 4558 3726 4649 additu-r,

2271 4659 2438 4735 longe
2474 4662 2719 4735 plurima
2759 4665 2818 4718 in
2876 4663 3075 4719 iisdem
3113 4674 3400 4720 versantur
3443 4651 3723 4728 argfflfflm

2269 4748 2442 4802 Manu
2461 4748 2633 4822 igitur
2659 4751 2715 4803 in
2736 4768 2858 4805 eam
2878 4748 3139 4805 ducimur
3159 4748 3498 4815 sententiam,
3517 4747 3568 4791 nt
3588 4729 3721 4823 ΟΨ·

2271 4830 2437 4886 01111111
2470 4845 2728 4906 putemus
2760 4836 2821 4889 in
2849 4833 2986 4892 Βίων
3010 4854 3183 4909 opere
3207 4835 3417 4891 diversa
3440 4835 3608 4903 genem
3624 4819 3723 4864 '¹¹²‘

2269 4935 2428 4988 rum,
2460 4921 2663 4993 quibus
2690 4921 2987 4997 indulgere
3020 4923 3276 4978 homines
3306 4916 3537 4977 student,
3561 4920 3616 4959 ²⁰
3636 4910 3716 4951 '¹¹²'

2270 5006 2420 5060 xime
2443 5009 2679 5064 consilio
2709 5008 3084 5083 descripsisse,
3108 5020 3173 5064 ut
3195 5010 3306 5063 vim
3328 4994 3581 5063 salutirem
3600 4994 3717 5074 (ΡΨ

2273 5091 2590 5148 sobrietatis
2613 5094 2857 5149 studium
2872 5136 2887 5163 ,
2919 5106 2973 5150 et
2995 5097 3363 5168 perniciosam
3386 5101 3529 5162 quam
3556 5079 3714 5131 luxum

2277 5177 2508 5250 aliaeque
2545 5198 2728 5251 pravae
2768 5181 3096 5253 cupiditates
3137 5184 3192 5236 in
3238 5182 3494 5236 fortunam
3528 5166 3714 5219 Vil‘ffl'ssm
