3900 6042
536 421 649 474 180

525 544 666 601 hofii
692 546 749 598 in
777 543 960 598 Jalms
983 541 1184 598 Jahrb.
1225 539 1370 612 1829
1390 580 1405 606 ‚
1428 541 1506 611 Π,
1528 558 1585 612 p.
1616 536 1727 608 275
1745 578 1760 605 ,
1787 538 1883 610 qui
1909 554 2005 591 eos
2022 533 2082 592 τὸ

533 631 714 707 ἄγημα
737 633 827 699 τῆς
846 625 1057 706 πρώτης
1078 625 1241 704 μόρας
1268 626 1434 702 (Xen.
1463 629 1535 685 R.
1559 629 1689 684 Iac.
1720 626 1786 681 13
1810 666 1826 694 ‚
1854 625 1925 700 6)
1944 643 2081 680 con·

531 719 768 772 stituisse
793 727 997 772 censet.
1029 714 1351 772 Verendum
1377 724 1564 769 tamen
1583 731 1655 768 ne
1679 713 1861 768 aliena
1885 722 2084 767 auctor

532 804 717 856 Photii
750 802 1056 858 miscuerit.
1100 802 1262 856 Certe
1288 799 1645 872 Thucydides
1672 796 1772 872 (V,
1813 797 1923 871 7²)
1966 816 2084 851 non

532 890 604 944 de
626 889 1185 944 Lacedaemoniorum
1210 928 1225 952 ,
1255 886 1354 942 sed
1378 884 1449 940 de
1469 884 1808 959 Argivorum
1832 885 2084 956 quinque

533 977 707 1030 lochis
743 977 1014 1048 loquitur.
1049 973 1318 1028 llliillerus
1353 974 1485 1029 Dor.
1514 974 1600 1041 ΙΙ,
1630 990 1687 1044 p.
1727 970 1862 1039 238,
1898 967 2084 1046 λόχους

525 1062 758 1118 eosdem
782 1063 951 1118 habet
974 1079 1103 1116 cum
1126 1059 1328 1136 μόραις.

1264 1171 1356 1228 85.

613 1289 892 1344 Plutarch.
914 1288 1200 1343 Cleomen.
1221 1306 1271 1344 c.
1304 1302 1374 1361 9:
1405 1281 1561 1343 Ἔστι
1581 1280 1635 1340 δὲ
1663 1279 2087 1357 Λακεδαιμονίοις

533 1376 593 1432 οὗ
622 1372 807 1433 Φόὸου
842 1372 1019 1448 μόνον,
1056 1370 1192 1429 ἀλλὰ
1219 1370 1309 1429 καὶ
1337 1369 1585 1432 Θανάτου
1614 1368 1703 1427 καὶ
1728 1366 1963 1433 Γέλωτος
1996 1366 2087 1424 καὶ

536 1460 781 1518 τοιούτων
815 1457 987 1516 ἄλλων
1017 1457 1340 1533 παθημάτων
1373 1455 1511 1536 ἱεροί.
1535 1458 1746 1532 Τιμῶσι
1779 1454 1833 1513 δὲ
1863 1452 1949 1513 τὸν
1979 1451 2089 1513 Φό-

535 1547 648 1618 emo,
675 1549 799 1625 οὐχ,
820 1544 999 1618 ὥσπερ
1027 1544 1112 1611 οὓς
1133 1544 1519 1625 ἀποτρέπονται
1538 1542 1816 1619 δαίμονας,
1846 1539 2080 1617 ἡγούμε-

535 1655 612 1690 νοι
635 1631 915 1710 βλαὸερὸν,
953 1629 1092 1689 ἀλλὰ
1109 1628 1205 1701 τὴν
1229 1630 1493 1689 πολιτείαν
1519 1628 1752 1704 μάλιστα
1776 1626 2082 1706 συνέχεσθαι

538 1720 686 1800 φόὸω
711 1719 1021 1795 νομίζοντες.
1048 1718 1143 1777 Διὸ
1172 1717 1259 1776 καὶ
1283 1716 1661 1827 προεκήρυττον
1689 1718 1737 1774 οἱ
1773 1713 1948 1796 ἔφοροι
1983 1716 2087 1779 τοῖς

535 1807 768 1873 πολίταις
792 1808 862 1872 εἰς
881 1803 973 1873 τὴν
994 1802 1162 1884 ἀρχὴν
1187 1804 1498 1879 εἷσιόντες,”
1470 1827 1538 1868 ως
1558 1801 1912 1882 Ἀριστοτέλης
1933 1799 2085 1877 φησὶ,

539 1893 808 1971 κείρεσθαι
832 1891 919 1949 τὸν
962 1890 1205 1967 μύστακα
1233 1890 1321 1948 καὶ
1343 1887 1620 1997 προσέχειν
1647 1911 1751 1954 τοις
1774 1886 1974 1963 νόμοις,
1998 1886 2087 1943 ἵνα

537 1979 611 2053 μὴ
640 1967 924 2057 χαλεποὶ
885 1999 1011 2036 ωσιν
1039 1979 1242 2048 αὐτοῖς,
1261 1976 1321 2035 τὸ
1338 1982 1431 2034 τοῦ
1459 1975 1747 2052 μύστακος,
1774 1968 1939 2051 οἶμαι,
1959 1996 2087 2054 προ-

537 2066 816 2136 τείνοντες,
849 2063 989 2129 δπως
1010 2086 1098 2121 και
1125 2062 1245 2142 περὶ
1274 2062 1338 2121 τὰ
1363 2061 1651 2141 μικρότατα
1677 2061 1795 2128 τους
1813 2059 1953 2126 νέους
1975 2082 2088 2118 πει-

533 2158 748 2230 θαρχεῖν
777 2150 995 2217 ἰθίζωσι.
1038 2152 1123 2209 Cf.
1164 2150 1383 2220 Mjiller.
1418 2153 1555 2209 Dor.
1600 2151 1688 2219 11,
1716 2169 1777 2222 p.
1824 2147 1931 2204 125
1965 2168 2082 2223 sq.·
2070 2191 2085 2219 ,

536 2240 817 2298 Plutarch.
844 2239 929 2295 De
950 2256 1072 2295 sera
1092 2256 1249 2297 num.
1274 2238 1428 2295 vind.
1460 2256 1511 2292 c.
1545 2244 1602 2305 l„
1627 2256 1687 2310 p.
1713 2235 1847 2292 550.

1263 2358 1361 2416 86.

615 2475 801 2531 Schol.
831 2473 1189 2546 Aristophan.
1233 2473 1479 2528 Acharn.
1528 2471 1641 2526 320
1688 2490 1701 2525 :
1735 2466 2092 2548 Ἀριστοτέλης

537 2558 594 2617 δέ
617 2581 773 2639 φησιν
802 2561 856 2617 έν
878 2555 1304 2633 Λακεδαιμονίων
1326 2555 1563 2637 πολιτείᾳ
1582 2559 1807 2635 χρῆσθαι
1831 2556 2093 2616 Λακεδαι-

537 2647 744 2722 μονίους
782 2642 1022 2727 φοινικίδι
1064 2643 1194 2725 πρὸς
1233 2642 1346 2710 τοὺς
1373 2642 1633 2719 πολέμους
1650 2686 1666 2714 ,
1695 2648 1850 2702 τοῦτο
1884 2641 1977 2718 μὲν
2013 2642 2091 2700 ὅτι

539 2732 601 2789 τὸ
627 2736 719 2803 τ’ἥς
740 2730 901 2812 χρόας
927 2730 1165 2810 ἀνδρικὸν
1186 2774 1202 2802 ,
1225 2735 1374 2789 τοῦτο
1408 2728 1462 2788 δὲ
1502 2729 1581 2788 ὅτι
1605 2729 1666 2788 τὸ
1691 2734 1783 2788 τοῦ
1815 2729 2093 2808 χρώματος

540 2820 833 2894 αἱματῶδες
859 2822 953 2888 τῆς
973 2823 1064 2875 τοῦ
1088 2817 1308 2893 αἳματος
1331 2817 1523 2898 ῥύσεως
1549 2817 1699 2884 ἐθίζει
1726 2824 2086 2895 καταφρονεῖν.

535 2907 629 2962 Cf.
660 2907 836 2964 schol.
863 2907 924 2960 in
948 2906 1073 2963 Pac.
1107 2904 1273 2974 1173.

616 2991 806 3048 Moeris
836 2994 1074 3048 Atticist.
1113 3011 1130 3050 ι
1157 2989 1489 3066 Φοινικίς,
1520 2989 1712 3066 ἔνδυμα
1758 2990 2090 3061 Λακωνικὸν,

539 3078 694 3136 ὁπότε
723 3078 792 3142 εἷς
817 3076 1043 3152 πόλεμον
1076 3075 1218 3146 ἴοιεν,
1261 3074 1347 3133 διὰ
1391 3075 1447 3133 τὸ
1473 3079 1744 3153 δμοχροεῖν
1772 3078 1847 3154 τῷ
1877 3073 2089 3152 αἵματι.

540 3163 900 3243 Ἀριστοτέλης
922 3164 976 3219 ἐν
997 3159 1233 3241 πολιτεία
1253 3160 1394 3238 λέγει
1421 3163 1590 3238 (adde
1612 3160 2088 3238 Λακεδαιμονίων).

474 3303 488 3316 ‚
618 3251 702 3307 Cf.
733 3250 927 3305 Suidas
953 3269 1007 3303 ν.
1029 3245 1307 3306 Φοινικίδα
1330 3260 1387 3303 et
1417 3245 1780 3314 Καταξαίνειν.
1813 3245 2008 3303 AElian.
2027 3251 2089 3304 V.

542 3338 718 3399 11.V1.
739 3333 798 3402 63
813 3335 996 3394 Valer.
1012 3337 1162 3390 Max.
1184 3333 1328 3404 11,6;
1354 3334 1634 3392 Plutarch.
1654 3335 1858 3390 Institt.
1876 3336 2087 3392 Lacon.

544 3430 638 3488 αἱ..
660 3419 933 3493 Purpurae
956 3422 1178 3494 copiam
1201 3422 1580 3494 suppeditavit
1598 3421 1836 3494 Cythera
1859 3421 2043 3475 insula
2075 3441 2086 3475 t

544 3509 617 3562 de
644 3521 756 3578 qua
788 3508 1101 3579 Stephanus
1126 3526 1184 3563 v,
1213 3503 1431 3584 Κύθηρα
1454 3525 1468 3564 :
1490 3503 1767 3564 Ἐκαλεῖτο
1791 3502 1846 3560 δὲ
1873 3505 2090 3582 Πορφυ-

543 3597 738 3670 ροῧσσα
767 3589 851 3647 διὰ
877 3590 936 3649 τὸ
965 3590 1152 3656 κάλλος
1180 3591 1239 3648 τὸ
1263 3591 1407 3669 παρὰ
1449 3594 1552 3649 τῶν
1590 3593 1862 3670 πορφυρῶν
1885 3589 2011 3666 (διὰ
2033 3590 2094 3648 τὸ

542 3676 821 3742 καλλίστας
846 3674 984 3753 ἔχειν
1011 3676 1276 3755 πορφύρας
1299 3681 1545 3736 Eustath.
1576 3679 1664 3733 ad.
1692 3680 1863 3732 Dion.
1897 3684 2012 3750 499
2035 3688 2091 3731 et

543 3766 616 3820 ad
632 3764 831 3837 Odyss.
853 3767 924 3831 Ο,
950 3764 1081 3834 432,
1099 3783 1131 3820 e
1153 3765 1491 3838 Stephano),
1512 3766 1583 3827 ὡς
1604 3761 1980 3841 Ἀριστοτέλης.
2004 3764 2086 3818 Cf.

547 3852 758 3906 Plinius
772 3851 871 3920 IV,
911 3868 980 3904 12
1013 3867 1028 3906 t
1063 3854 1134 3904 In
1164 3853 1434 3905 Laconico
1465 3852 1815 3922 Taganussa‚
1856 3850 2084 3915 Cothon,

545 3937 785 4007 Cythera
807 3954 929 3990 cum
952 3939 1154 4010 oppido
1170 3977 1186 4003 ,
1221 3949 1388 3990 antea
1415 3937 1719 4009 Porphyris
1741 3939 2047 4009 appellata.

623 4022 758 4078 Post
774 4025 975 4078 locum·
989 4025 1299 4079 Aristotelis
1317 4023 1389 4078 de
1409 4025 1550 4097 sagis
1570 4024 1868 4096 purpureis
1886 4022 2092 4077 Laced.

541 4113 898 4165 Neumanuus
923 4111 1088 4183 ponit
1103 4111 1221 4165 haec
1249 4128 1317 4164 ex
1335 4111 1636 4165 Ammonio
1670 4112 1757 4165 De
1775 4108 1901 4165 diff.
1931 4109 2088 4165 verb.

542 4217 596 4252 ν.
625 4193 845 4270 Χλαμύς
872 4215 887 4253 t
920 4192 1143 4270 Χλαμὺς
1169 4194 1258 4252 καὶ
1289 4195 1481 4272 χλαῖνα
1511 4193 1741 4272 διαφέρει
1760 4216 1773 4229 ·
1802 4196 1836 4262 ἡ
1864 4192 1960 4268 μὲν
1985 4192 2087 4270 γὰρ

542 4285 732 4359 χλαῖνα
774 4281 1094 4359 τετράγωνον
1126 4279 1359 4356 ἱμάτιον·
1392 4285 1426 4352 ἡ
1466 4280 1520 4338 δὲ
1565 4278 1770 4358 χλαμὺς
1798 4285 1870 4346 εἰς
1897 4277 2091 4337 τέλειον

606 4529 742 4590 Apud
760 4526 1150 4578 Lacedaemonios
1169 4540 1266 4576 non
1289 4528 1445 4576 solum
1464 4530 1620 4578 Metus
1635 4564 1650 4589 ,
1665 4526 1747 4576 sed
1766 4528 1909 4576 etiam
1928 4526 2094 4575 Mortis

544 4609 590 4653 ct
609 4607 746 4655 Risus
766 4608 816 4655 et
834 4606 1038 4655 aliorum
1057 4605 1285 4656 similium
1303 4607 1565 4656 affectuum
1581 4605 1690 4654 fana
1712 4607 1842 4656 sunt.
1859 4609 2093 4654 Veneran-

544 4687 626 4732 tur
655 4686 819 4733 autem
850 4686 1032 4734 Metum
1064 4696 1162 4732 non
1181 4686 1410 4746 tanquam
1434 4685 1663 4744 noxium,
1682 4683 1755 4732 uti
1783 4696 1867 4733 eos
1892 4682 2094 4733 colimus

546 4760 815 4819 daemones,
841 4773 1051 4821 quorum
1093 4761 1215 4809 iram
1247 4763 1463 4809 avertere
1486 4760 1758 4820 studemus,
1784 4759 1867 4808 sed
1898 4773 2090 4821 rempu-

547 4836 718 4884 blicam
742 4847 890 4897 quam
922 4837 1131 4884 maxime
1150 4835 1382 4884 contineri
1401 4838 1532 4885 metu
1561 4836 1905 4885 existimantes.
1931 4839 2092 4892 Quare

545 4913 688 4961 etiam
707 4912 898 4976 ephori,
919 4916 975 4960 ut
999 4912 1273 4961 Aristotcles
1290 4913 1383 4972 ait,
1404 4912 1731 4973 magistratum
1751 4914 1968 4961 ineuntes
1995 4912 2093 4960 edi-

546 4992 663 5038 cunt
684 4989 867 5038 civibus
884 5025 897 5048 ,
915 4992 970 5037 ut
989 4992 1247 5046 mystaccm
1269 4989 1514 5049 tondeant,
1535 4992 1583 5037 et
1600 4989 1661 5036 ad
1681 4988 1803 5048 leges
1827 4989 2091 5049 attendant,

549 5079 609 5114 ne
626 5079 696 5115 eoe
711 5066 820 5127 ipsis
836 5067 931 5115 sint
944 5066 1333 5128 difficiles‚atque
1349 5065 1467 5114 illud
1485 5066 1546 5116 de
1565 5068 1776 5127 mystaee
1789 5102 1802 5126 ,
1824 5068 2090 5127 propterea,

1527 425 1536 432 ·
1597 402 2099 462 AnlsToTl-:Lts
2142 399 2636 462 FRAGMENTA.

2168 535 2285 614 περὶ
2346 534 2413 593 τὰ
2468 535 2611 593 κάτω
2671 538 2924 606 συνῆκται
2943 553 2956 566 ·
3032 535 3122 594 καὶ
3187 535 3301 602 τοὺς
3358 537 3722 615 χρησαμένους

2170 622 2285 700 (sc.
2316 627 2613 698 scriptores
2645 626 2757 678 istis
2794 626 3027 680 vocibus
3052 624 3299 698 utentes)
3329 622 3465 682 πολὺ
3491 625 3588 682 καὶ
3622 626 3713 682 ἀπ’

2171 708 2409 779 ἀλλήλων
2436 709 2697 768 διεστάναι
2719 709 3035 788 προσάγεται
3061 703 3172 786 (st
3204 709 3456 786 Δίδυμος)
3490 710 3723 790 Ἀριστο-

2169 794 2345 866 τέλην.
2370 801 2502 852 Haec
2530 816 2599 853 ex
2624 798 2839 852 Politiis
2872 800 3047 870 petita
3089 817 3203 853 esse
3232 801 3555 871 negaverim
3590 819 3719 855 cum

2169 883 2462 941 Grashofio
2493 884 2591 957 (in
2619 883 2800 938 Jalms
2839 883 3044 942 Jahrb.
3090 884 3272 958 1829,
3311 888 3396 954 11,
3436 903 3496 959 p.
3544 887 3722 961 164),

2172 972 2269 1043 qui
2287 972 2475 1025 locum
2496 970 2669 1026 refert
2695 971 2766 1025 ad
2788 967 3127 1048 Ἀπορήματα
3154 973 3487 1040 Homerica,
3514 976 3725 1029 collato

2170 1057 2346 1114 schol.
2390 1060 2455 1112 11.
2490 1058 2557 1130 Β,
2592 1056 2716 1112 183.
2746 1059 2996 1114 Fortasse
3023 1077 3129 1132 pro
3159 1055 3518 1136 Ἀριστοτέλης
3558 1080 3724 1135 repo-

2173 1143 2421 1198 nendum
2458 1140 2812 1222 Ἀρίσταρχος.

2898 1248 2992 1318 87.

2252 1359 2564 1414 Eustathius
2585 1355 2966 1432 ad11.1,129
2985 1377 3045 1432 p.
3079 1365 3214 1428 741,
3245 1359 3314 1414 16
3339 1361 3451 1417 R.:
3479 1356 3729 1417 ..Αἴλιον

2174 1443 2461 1512 Διονύσιον,
2502 1442 2555 1508 ὃς
2596 1441 2684 1500 καὶ
2722 1441 2808 1499 τὸν
2853 1464 2947 1513 της
2984 1440 3266 1520 παροιμίας
3316 1443 3553 1502 Λέσόιον
3601 1446 3729 1524 ῳδὸν

2176 1529 2511 1608 Τέρπανδρόν
2554 1550 2682 1607 φησι
2716 1527 2750 1598 ἢ
2799 1527 3141 1598 Εὗαινιτίδην
3192 1526 3227 1598 ἢ
3276 1505 3730 1608 Ἀριστοκλείδην

2173 1617 2263 1674 καὶ
2311 1614 2666 1694 Ἀριστοτέλης
2700 1618 2753 1675 ἐν
2795 1619 2862 1693 τῇ
2909 1614 3334 1690 Λακεδαιμονίων
3380 1612 3644 1676 πολιτεία
3664 1620 3724 1677 τὸ

2175 1701 2364 1762 Μετὰ
2386 1705 2430 1761 Λ
2448 1700 2682 1759 έσὸιον
2702 1700 2966 1781 ᾦδὸντὸν
2984 1697 3323 1780 Τέρπανδρόν
3344 1725 3474 1783 φησι
3510 1705 3725 1776 δηλοῦν.

2176 1788 2494 1849 Ἐκαλοῧντο
2516 1786 2592 1858 δὲ,
2622 1788 2749 1867 φασὶ
2769 1787 2918 1865 (φησὶ
2935 1785 3007 1864 Ρ),
3031 1788 3121 1846 καὶ
3145 1787 3358 1869 ὕστερον
3380 1793 3452 1858 εἷς
3474 1790 3576 1862 τὴν
3600 1794 3732 1851 ἐκεί-

2174 1899 2264 1934 νου
2288 1875 2444 1951 τιμὴν
2473 1878 2678 1954 πρῶτον
2708 1873 2803 1950 μὲν
2833 1873 3077 1951 ἀπόγονοι
3108 1878 3267 1934 αὐτοῦ
3285 1918 3303 1953 ,
3326 1868 3440 1936 εἶτα
3468 1879 3618 1946 εἴτις
3640 1881 3735 1938 ἄλ·

2175 1966 2260 2029 λος
2287 1961 2478 2041 παρείη
2525 1959 2773 2030 Λέσὸιος,
2804 1960 2896 2019 εἶθ’
2923 1961 3083 2028 οὕτως
3108 1965 3156 2021 οἱ
3182 1964 3388 2043 λοιποὶ,
3436 1966 3579 2043 μετὰ
3627 1967 3733 2027 Λέ-

2176 2048 2321 2107 σὸιον
2350 2047 2501 2128 ᾠδόν,
2527 2047 2614 2106 τὸν
2637 2048 2816 2113 ἁπλῶς
2839 2047 3041 2135 δηλαδη
3068 2047 3309 2108 Λέσὸιον.

2256 2138 2338 2196 Cf.
2365 2138 2637 2195 Proverb.
2670 2137 2959 2209 Bodlejan.
2991 2137 3105 2208 627
3141 2155 3156 2195 ε
3189 2136 3341 2195 Μετὰ
3372 2138 3460 2197 τὸν
3504 2141 3735 2200 Λέσὸιον

2175 2222 2305 2303 ᾠδόν
2326 2217 2346 2260 ’·
2372 2222 2456 2279 ἐπὶ
2486 2225 2590 2279 τῶν
2617 2220 2684 2280 τὰ
2712 2221 2923 2301 δεύτεροι
2952 2222 3284 2298 καθημένων·
3321 2228 3735 2305 Λακεδαιμόνιοι

2178 2308 2279 2387 γὰρ
2320 2308 2659 2388 Τέρπανδρον
2698 2308 2920 2369 Λέσόιον
2971 2309 3067 2367 διὰ
3092 2312 3289 2381 πολλης
3324 2310 3539 2390 ἄγοντες
3579 2320 3735 2392 τιμῆς

2180 2396 2298 2463 τοὺς
2316 2395 2367 2463 ἐξ
2392 2395 2586 2455 ἐκείνου
2617 2396 2850 2492 πρώτους
2872 2398 2943 2463 εἷς
2964 2395 3053 2453 τὸν
3091 2397 3335 2472 μουσικὸν
3370 2401 3553 2500 ἀγῶνα
3585 2405 3729 2472 εἰσῆ-

2176 2497 2284 2552 γον,
2307 2466 2418 2533 :Tm
2441 2498 2556 2542 τους
2583 2473 2808 2541 λοιπούς.
2829 2478 3107 2532 Zenobius
3134 2480 3203 2545 V,
3226 2495 3298 2550 9.
3325 2476 3478 2535 Μετὰ
3501 2480 3733 2539 Λέσὸιον

2176 2560 2346 2642 ᾠδόν·
2374 2560 2630 2639 παροιμία
2656 2559 2944 2637 ταττομένη
2974 2562 3059 2618 ἐπὶ
3095 2562 3202 2629 τοῖς
3226 2562 3292 2620 τὰ
3319 2561 3539 2641 δεύτερα
3584 2590 3734 2646 φερο·

2178 2646 2374 2723 μένοις,
2397 2647 2449 2715 ἐξ
2473 2647 2641 2714 αἰτίας
2665 2649 2902 2705 τοιᾶσδε·
2934 2647 3337 2720 Λακεδαιμόνιοι
3365 2653 3735 2721 στασιάζοντες

2180 2732 2578 2835 μετεπέμψαντο
2611 2732 2747 2792 κατὰ
2773 2733 3011 2812 χρησμὸν
3038 2757 3128 2794 του
3157 2739 3272 2793 θεου
3301 2738 3361 2794 ἐκ
3391 2736 3610 2797 Λέσὸου
3645 2740 3732 2798 τὸν

2180 2819 2428 2897 μουσικὸν
2456 2819 2821 2898 Τέρπανδρον·
2851 2817 3012 2877 ἐλθὼν
3027 2820 3082 2878 δὲ
3109 2823 3297 2886 ἐκεῖνος
3312 2825 3482 2901 καιτῇ
3503 2829 3735 2904 μουσικῇ

2176 2905 2471 2984 χρώμενος,
2507 2903 2733 3014 ἥρμοσεν
2759 2906 2928 2962 αὐτῶν
2951 2904 3043 2971 τὰς
3069 2905 3267 2984 ψυχὰς,
3298 2907 3388 2965 καὶ
3422 2908 3520 2978 τὴν
3547 2911 3759 2969 στάσιν-

2180 2992 2420 3051 ἔπαυσεν.
2451 2990 2640 3050 Εἴπατε
2668 2982 2754 3048 ουν
2775 2989 2908 3067 μετὰ
2923 2997 3088 3050 ταῦτα
3116 3000 3365 3066 μουσικοῦ
3384 3018 3518 3061 τινος
3544 2997 3733 3067 ἤκουον

2178 3082 2226 3138 οἱ
2247 3077 2673 3154 Λακεδαιμόνιοι,
2701 3076 3065 3157 ἐπεφώνουν·
3042 3080 3238 3138 «Meta
3265 3079 3547 3140 Δέσὸιον’
3511 3084 3733 3163 ῳδόν.ι

2180 3164 2462 3240 Μέμνηται
2478 3166 2569 3232 τῆς
2595 3166 2877 3242 παροιμίας
2897 3164 3090 3235 ταύτης
3115 3169 3367 3243 Κρατῖνος
3389 3169 3441 3225 ἐν
3470 3169 3731 3249 Χείρωσι.

2179 3253 2391 3309 Eadem
2414 3254 2736 3325 Apostolius
2748 3254 2862 3308 XII
2879 3294 2894 3321 ,
2921 3272 3015 3324 70,
3042 3254 3135 3308 alii
3157 3257 3602 3328 proverbiorum
3626 3260 3735 3314 col·

2179 3343 2428 3397 lectoreS.
2441 3344 2503 3396 V.
2516 3341 2780 3398 Leutsch.
2793 3342 3266 3397 etSchneidewin.
3279 3344 3351 3399 ad
3362 3347 3729 3422 Paroemiogr.

2179 3430 2234 3493 1,
2265 3445 2326 3499 p.
2374 3427 2498 3481 118.
2540 3427 2825 3484 Plutarch.
2868 3430 2956 3482 De
2982 3446 3105 3483 sera
3144 3448 3303 3487 num.
3328 3432 3486 3489 vind.
3524 3452 3577 3489 c.
3636 3434 3726 3492 13.

2178 3515 2263 3567 De
2302 3512 2635 3586 Terpandro
2676 3513 2843 3567 etiam
2891 3515 3216 3570 Heraclides
3247 3516 3391 3572 dixit
3427 3519 3486 3572 in
3516 3521 3729 3577 Laced.

2179 3600 2325 3671 Rep.
2361 3598 2431 3654 fr.
2468 3617 2533 3662 α,
2575 3597 2631 3654 6.
2664 3599 2746 3655 cf.
2788 3600 3011 3659 Miiller.
3056 3602 3194 3658 Dor.
3238 3605 3318 3672 11,
3347 3603 3496 3673 3203
3531 3604 3725 3663 Plehn.

2179 3685 2429 3742 Lesbiae.
2472 3703 2532 3757 p.
2589 3686 2717 3750 146.
2760 3684 2966 3740 Allatas
3000 3691 3289 3760 proverbii
3330 3692 3730 3764 explicationes

2178 3770 2372 3842 rejecit
2399 3772 2667 3844 Bergkius
2690 3773 3006 3830 Commeat.
3035 3773 3106 3829 de
3135 3777 3387 3849 reliquiis
3410 3789 3525 3835 vet.
3566 3778 3724 3836 Com.

2178 3860 2287 3912 Att.
2364 3898 2379 3912 .
2421 3875 2491 3911 αα
2539 3900 2554 3914 .

2259 3875 2579 3992 Γξτῑεεεὲο
2626 3937 3181 3994 Lacedaemoniorum
3218 3944 3306 3996 vel
3335 3960 3405 3998 ex
3441 3946 3727 4000 Arcadum

2178 4024 2325 4094 Rep.
2350 4020 2564 4078 fluxere
2587 4041 2709 4094 quae
2743 4024 2815 4080 de
2835 4027 2891 4078 vi
2915 4045 3085 4098 quam
3123 4032 3328 4084 musica
3356 4032 3418 4084 in
3450 4032 3729 4104 sedandos

2180 4111 2394 4163 animos
2416 4120 2697 4178 exerceat,
2721 4128 2789 4165 ex
2804 4113 3103 4168 Aristotele
3114 4115 3276 4169 affert
3300 4117 3534 4174 Suidas:
3559 4117 3724 4192 Νόμοι

2178 4194 2540 4272 κιθαρῳδικοί·
2576 4193 2857 4265 Ἀπόλλων,
2913 4196 3075 4275 φασὶ,
3116 4198 3249 4272 μετὰ
3274 4200 3435 4279 λύρας
3465 4202 3725 4271 κατέδειξε

2178 4279 2281 4345 τοῖς
2310 4279 2594 4358 ἀνθρώποις
2620 4282 2824 4355 νόμους,
2852 4286 2970 4340 καθ’
2992 4283 3076 4349 οὓς
3099 4284 3370 4359 ζήσονται,
3397 4283 3644 4366 πραΰνων
3673 4312 3725 4346 τε

2180 4443 2313 4502 puto,
2332 4441 2519 4502 jubent,
2536 4444 2590 4490 ut
2610 4441 2683 4490 vel
2698 4442 2823 4492 eirea
2843 4457 2916 4493 res
2934 4444 3154 4496 minimas
3171 4446 3230 4495 ad
3252 4447 3571 4500 obedientiam
3584 4452 3724 4513 juve-

2180 4532 2263 4569 nae
2283 4520 2609 4568 assuefaciant.

2982 4623 2993 4636 ι
3069 4596 3098 4622 O

2242 4625 2516 4714 Aristoteles
2539 4665 2587 4714 in
2620 4588 3091 4719 Laeedaemoffomm
3117 4673 3235 4733 Rep.
3264 4671 3381 4720 dicit
3415 4673 3722 4724 tammo-

2183 4743 2286 4790 nios
2307 4744 2431 4804 sagis
2449 4744 2699 4806 purpureis
2716 4746 2765 4793 111
2788 4745 2914 4794 bello
2940 4748 3012 4795 uti
3025 4782 3040 4806 ‚
3059 4749 3166 4797 tum
3185 4749 3316 4810 quod
3333 4750 3468 4799 color
3480 4752 3573 4801 'nte
3592 4754 3728 4802 virile

2180 4822 2409 4882 quiddam
2428 4823 2629 4884 lubeat,
2648 4825 2752 4872 tum
2787 4824 2919 4885 quod
2942 4827 3181 4886 sanguinis
3200 4826 3349 4875 colori
3370 4828 3540 4878 similis
3566 4844 3725 4880 me·

2181 4900 2321 4949 faciat
2339 4899 2465 4948 viros
2482 4900 2542 4949 ad
2566 4899 2752 4950 fluxum
2770 4901 3010 4964 sanguinis
3031 4904 3445 4954 contemnendum.

2246 5061 2525 5109 Aristoteles
2544 5060 2594 5109 iu
2619 4983 3089 5111 Lacedaemoziznum
3121 5065 3239 5124 Rep.
3270 5065 3578 5125 proverbium
3610 5070 3729 5117 Post

2130 5116 2140 5174 Ι
2184 5137 2415 5186 Lesbium
2439 5139 2697 5187 cantorem
2715 5136 2777 5185 de
2797 5138 3068 5201 'terpandro
3088 5139 3447 5200 intelligendum
3468 5155 3573 5192 esse
3594 5143 3724 5193 dicit.

3870 1805 3876 1846 1

3866 2063 3876 2104 l
