3900 6042
1401 390 2315 578 SIMONIDES
2369 440 2832 574 CEUS.

606 875 804 933 Suidas
825 896 841 929 ι
869 870 1162 948 Σιμωνίδης
1182 871 1362 943 Κεῖος,
1385 872 1716 949 θυγατριδοῦς
1748 871 1888 930 κατά
1930 894 2074 938 τινας

525 968 619 1021 τοῦ
634 957 885 1042 προτέρου
909 950 1243 1037 (Simonidis
1269 961 1702 1035 Leoprepidae),
1729 958 1784 1025 ὃς
1811 958 2074 1030 ἐπεκλήθη

530 1048 875 1129 Μελικέρτης.
903 1043 1090 1122 Γέγονε
1113 1044 1169 1102 δὲ
1197 1043 1300 1122 πρὸ
1326 1049 1430 1103 τῶν
1455 1047 1962 1116 Πελοποννησιακῶν
1988 1046 2078 1104 καὶ

526 1135 752 1214 γέγραφε
780 1136 821 1194 Γ
824 1130 1119 1207 ενεαλογίαν
1150 1132 1202 1189 ἐν
1232 1130 1450 1210 βιὸλίοις
1479 1131 1558 1209 γ’,
1584 1131 1879 1212 Εὑρήματα
1907 1137 1963 1191 ἐν
1993 1136 2081 1210 βι-

528 1220 689 1287 ὅλίοις
716 1216 786 1298 γ’.
812 1224 1097 1278 Postrema
1123 1237 1139 1274 ε
1162 1217 1433 1298 εὑρήματα
1461 1220 1579 1278 κτλ.
1622 1224 1832 1277 omittit
1852 1221 2074 1277 Eudoc.

1036 1419 1080 1477 Γ
1084 1418 1567 1478 ΕΝΕΑΛΟΓῙΑῙ.

1274 1584 1297 1620 1
1310 1609 1324 1623 .

609 1704 800 1761 Schol.
826 1705 1016 1777 Apoll.
1043 1703 1235 1759 Rhod.
1266 1706 1321 1760 11
1341 1745 1358 1772 ‚
1409 1702 1521 1758 866
1557 1722 1575 1757 ε
1598 1698 1729 1759 Ὀτι
1759 1701 2080 1764 Ποσειδῶνος

527 1790 617 1849 καὶ
640 1788 1025 1856 Ἀστυπαλαίας
1049 1791 1140 1859 τῆς
1168 1788 1415 1854 Φοίνικος
1455 1791 1484 1845 6
1514 1787 1718 1863 Σάμιος
1760 1785 1990 1864 Ἀγκαῖος
2017 1777 2080 1857 ἦν

526 1886 675 1947 παῖς,
695 1875 748 1943 ὃς
776 1875 1024 1955 ἐκυῧέρνα
1041 1870 1135 1946 τὴν
1164 1880 1292 1932 ναῦν
1319 1873 1453 1950 μετὰ
1481 1873 1576 1944 τὴν
1592 1872 1785 1953 Τίφυος
1815 1871 2080 1943 τελευτὴν,

528 1963 619 2021 καὶ
639 1960 936 2038 Σιμωνίδης
962 1964 990 2018 6
1013 1959 1313 2039 γενεαλόγος
1335 1959 1522 2036 ὁμοίως
1547 1963 1623 2039 τῷ
1647 1959 1975 2039 Ἀπολλωνίῳ
1993 1982 2080 2037 γε·

528 2050 782 2127 νεαλογεῖ.

1279 2154 1335 2191 2.

606 2280 792 2351 Etym.
823 2278 900 2334 Μ.
924 2271 1132 2340 Ἰτωνίς.
1161 2272 1312 2343 Φησὶ
1336 2271 1391 2331 δὲ
1412 2276 1441 2331 6
1462 2271 1763 2351 γενεαλόγος
1786 2272 2079 2350 Σιμωνίδης

527 2361 737 2425 Ἰτώνου
766 2360 1048 2441 θυγατέρας
1072 2359 1308 2437 γενέσθαι
1328 2360 1440 2437 δύο,
1459 2360 1675 2431 Ἀθηνᾶν
1699 2361 1788 2418 καὶ
1805 2360 2077 2435 Ἰοδάμαν,

530 2449 590 2517 ἃς
619 2447 942 2520 ἐζηλωκυίας
960 2446 1058 2520 τὴν
1076 2446 1443 2527 δπλομαχικὴν
1464 2449 1534 2513 εἰς
1559 2446 1664 2528 ἔριν
1696 2445 1790 2517 τὴν
1817 2448 1889 2514 εἷς
1911 2448 2078 2519 ἀλλή-

524 2539 622 2604 λας
662 2541 903 2618 χωρῆσαι
928 2536 1019 2595 καὶ
1046 2538 1391 2616 ἀναιρεθῆναι,
1409 2533 1501 2605 τὴν
1548 2534 1799 2612 Ἰοδάμαν
1846 2534 1947 2593 ὑπὸ
1987 2540 2081 2605 τῆς

524 2624 754 2696 Ἀθηνᾶς.
791 2630 1114 2701 Sequuntur
1128 2644 1318 2681 versus
1341 2626 1609 2700 Apollon.
1635 2624 1826 2684 Rhod.
1849 2628 1906 2695 1,
1938 2624 2075 2684 550.

526 2713 738 2770 Eadem
755 2755 773 2783 ‚
802 2716 1094 2769 nominato
1123 2722 1351 2768 auctore
1365 2753 1381 2780 ,
1410 2721 1600 2767 narrat
1626 2713 1844 2768 Tzetzes
1870 2712 1943 2767 ad
1966 2715 2081 2785 Ly-

527 2801 727 2873 cophr.
761 2801 872 2854 Pro
902 2795 1134 2865 ἀλλήλας
1157 2799 1292 2853 libri
1319 2794 1605 2867 ἀλλήλους,
1641 2797 1801 2871 quod
1832 2798 2081 2852 mutavi-

525 2904 678 2955 mm,
700 2904 1040 2960 quamquam
1065 2884 1356 2940 dubitante
1377 2885 1592 2940 Tafelio
1620 2885 1679 2938 in
1696 2884 1890 2958 steph.
1916 2885 2078 2941 Thes·

528 2982 669 3030 tom.
702 2974 760 3045 1,
789 2990 850 3045 p.
890 2970 1069 3040 1527,
1099 2972 1160 3026 C.

1081 3224 1511 3284 ΣΥΜΜΙΚῪΑ.

1277 3362 1337 3420 3.

606 3500 798 3562 Schol.
837 3500 1027 3577 Apoll.
1057 3502 1169 3558 Rh.
1202 3502 1262 3573 1,
1309 3500 1418 3571 763
1453 3521 1467 3557 ε
1500 3498 1692 3579 Φρίξος
1731 3501 2024 3581 Μινυήιος]
2057 3508 2085 3562 6

526 3587 779 3652 Ἷώλκιος·
810 3584 908 3656 τὴν
937 3584 1042 3666 γὰρ
1067 3585 1282 3647 Ἰωλκὸν
1300 3584 1507 3646 Μινύαι
1538 3585 1724 3669 ᾤκουν,
1743 3586 1813 3656 ὥς
1831 3612 1960 3669 φησι
1988 3593 2084 3651 Σι-

532 3673 756 3752 μωνίδης
769 3676 821 3732 ἐν
844 3672 1184 3751 Συμμίκτοις.
1210 3678 1359 3731 Num
1382 3675 1455 3730 ad
1480 3678 1744 3732 Nostrum
1772 3678 1889 3733 haec
1907 3683 2086 3753 perti-

530 3763 700 3820 nent?
733 3765 818 3818 De
842 3781 906 3818 re
932 3762 1003 3819 cf.
1026 3760 1248 3819 Mulier.
1280 3764 1428 3819 Min.
1453 3782 1515 3839 p.
1563 3763 1696 3835 248,
1732 3764 1788 3821 5.

2914 882 2944 941 4
2956 917 2969 930 .

2598 997 2645 1049 Ε
2688 996 2909 1052 Lumo
2950 996 3275 1067 QUAR'ro,

2243 1109 2426 1180 Etym.
2453 1107 2604 1164 Gud.
2631 1127 2691 1181 p.
2726 1108 2862 1178 276,
2900 1120 2967 1166 41
3006 1127 3021 1166 ε
3051 1106 3213 1173 Ἰλεὺς
3240 1111 3268 1165 6
3296 1107 3518 1175 Αἴαντος
3539 1108 3714 1189 πατὴρ
3747 1088 3762 1099 ’

2167 1192 2556 1268 ἐτυμολογεῗται
2577 1195 2661 1272 ὑφ’
2692 1191 2939 1255 Ἱῑσιόδου
2963 1195 3076 1271 (fr.
3112 1198 3187 1263 48
3211 1198 3301 1256 ed.
3332 1198 3526 1255 Didot.
3545 1199 3592 1273 )·
3626 1251 3636 1258 .
3678 1252 3684 1257 .

2327 1293 2495 1367 Ἰλέα,
2523 1296 2614 1355 τόν
2639 1301 2668 1374 ῥ
2691 1298 2935 1373 ἐφίλησεν
2957 1297 3085 1367 ἅναξ
3108 1300 3229 1367 Διὸς
3244 1299 3349 1366 υίὸς
3367 1299 3634 1360 Ἀπόλλων

2323 1381 2414 1439 καί
2427 1385 2473 1441 οἱ
2491 1385 2630 1442 τοῦτ’
2650 1384 2862 1461 ὀνόμην’
2875 1384 3020 1460 ὄνομ’
3045 1386 3289 1463 ἔμμεναι,
3308 1386 3493 1446 οὔνεκα
3513 1386 3719 1468 νύμφην

2325 1469 2596 1549 εὑρόμενος
2608 1468 2781 1543 ἵλεων,
2813 1472 2976 1551 μίχθη
3002 1476 3162 1553 ἐρατῇ
3187 1475 3425 1551 φιλότητι
3442 1520 3461 1553 ,

2323 1556 2489 1632 ἤματι
2513 1562 2615 1637 τῷ,
2639 1557 2726 1617 ὅτε
2754 1563 2925 1638 τεῖχος
2946 1559 3223 1636 ἐϋδμήτοιο
3240 1562 3434 1633 πόληος

2325 1644 2523 1724 ὑψηλὸν
2550 1645 2736 1715 ποίησε
2751 1645 3056 1707 Ποσειδάων
3080 1648 3172 1706 καὶ
3192 1648 3474 1708 Ἀπόλλων.

2246 1731 2437 1790 Ταῦτα
2457 1731 2800 1809 παρατίθεται
2813 1735 2868 1791 ἐν
2887 1731 2934 1791 δ’
2961 1735 3286 1810 Σιμωνίδης.

2246 1838 2561 1893 Simonides
2577 1838 2730 1893 haud
2757 1837 2931 1893 dubie
2952 1850 3033 1894 est
3058 1851 3255 1894 auctor
3275 1838 3622 1914 Συμμίκτων,
3641 1844 3720 1896 uti

2165 1923 2312 1979 bene
2367 1926 2556 1979 statuit
2602 1925 3044 1981 Marekschesfel.
3099 1927 3158 1980 in
3221 1928 3451 1983 Hesiod.
3515 1928 3716 2001 fragm.

2166 2029 2225 2082 p.
2250 2018 2357 2077 40¹
2381 2013 2513 2067 coll.
2536 2012 2669 2086 329,
2690 2013 2790 2067 ubi
2804 2013 2968 2068 simul
2980 2031 3230 2068 errorem
3244 2025 3401 2069 notat
3413 2015 3721 2069 Weicherti

2166 2093 2341 2172 (Leb.
2385 2099 2444 2156 d.
2492 2102 2684 2171 dpoll.
2737 2116 2798 2171 p.
2844 2100 2955 2165 403
2976 2100 3017 2172 ),
3049 2102 3149 2171 qui
3187 2118 3279 2174 ap.
3318 2101 3496 2155 schol.
3555 2104 3726 2157 Paris.

2166 2185 2358 2257 Apoll.
2401 2184 2592 2240 Rhod.
2637 2188 2736 2253 lv,
2786 2204 2932 2241 1212
2975 2187 3318 2243 Simonidem
3353 2192 3722 2262 genealogum

2168 2270 2383 2326 laudari
2407 2273 2644 2344 pmavit.

2243 2450 2550 2506 Simonides
2563 2453 2792 2525 quidam
2805 2495 2820 2523 ,
2839 2456 3286 2530 quinquennium
3307 2456 3366 2509 in
3381 2453 3577 2512 Mero-e
3597 2477 3722 2513 mo-

2167 2546 2346 2603 ralem,
2403 2538 2501 2609 qui
2550 2538 2623 2594 de
2682 2537 2963 2615 AEthiopia
3013 2543 3323 2616 scripserit,
3375 2556 3724 2600 memoratur

2168 2620 2355 2678 Plinio
2401 2626 2471 2680 H.
2499 2627 2566 2682 N.
2601 2630 2707 2698 VI,
2747 2626 2842 2696 35,
2872 2646 2931 2702 p.
2968 2626 3081 2684 388
3107 2630 3326 2703 Tchn.;
3373 2648 3494 2702 quo
3517 2634 3724 2687 vixerit

2167 2719 2423 2783 tempore
2445 2713 2751 2787 incertum3
2776 2725 3021 2771 attamen
3043 2718 3487 2787 Aristocreo‘nte,
3503 2720 3689 2774 Bione
3705 2761 3720 2789 ,

2167 2797 2330 2851 Basili
2366 2799 2466 2870 qui
2505 2798 2656 2854 idem
2704 2813 3095 2877 argumentum
3134 2804 3478 2874 tractabant,
3527 2804 3725 2877 junior

2167 2881 2331 2938 fuisse
2372 2883 2612 2941 videtur.
2657 2894 2668 2901 ’

2244 2971 2591 3041 SimonideS‚
2648 2976 2749 3048 qui
2794 2976 2997 3031 Dionis
3039 2995 3128 3033 res
3179 2987 3356 3051 gestas
3405 2978 3728 3051 prodidisse

2169 3055 2378 3112 dicitur
2414 3078 2507 3133 ap.
2544 3063 2784 3136 Diogen.
2816 3065 2884 3118 Ι..
2915 3066 3021 3133 lv,
3060 3081 3085 3119 1
3107 3105 3124 3134 ,
3157 3062 3225 3134 5,
3258 3082 3371 3120 esse
3402 3064 3585 3122 dehet
3633 3068 3728 3121 Τι’-

2170 3145 2436 3216 ητοπίᾰω,
2463 3165 2632 3221 quem
2653 3149 2784 3205 vide

2246 3231 2558 3289 Simonides
2600 3237 2957 3311 Magnesia-r,
2986 3248 3154 3312 poeta
3192 3239 3414 3313 opicus,
3452 3242 3562 3314 qui
3610 3261 3730 3300 car-

2169 3318 2322 3373 mine
2348 3320 2567 3395 scripsit
2591 3341 2681 3377 res
2719 3334 2897 3398 gestas
2928 3325 3193 3381 Antiochi
3223 3322 3301 3380 M.
3333 3323 3578 3400 (Suidas
3595 3347 3640 3384 s.
3669 3347 3722 3383 v.

2170 3405 2301 3462 coll.
2333 3406 2579 3464 Meinek.
2613 3411 2686 3465 ad
2733 3412 2985 3485 Euphor.
3035 3431 3097 3486 p.
3151 3416 3275 3483 17);
3311 3432 3496 3487 porro
3550 3416 3727 3472 Simo-

2172 3494 2330 3546 nides
2356 3494 2638 3568 Carystius
2666 3518 2712 3556 s.
2738 3500 3077 3566 Eretrienm‘s¹
3115 3511 3313 3574 poeta,
3340 3503 3440 3574 qui
3460 3502 3538 3559 de
3561 3503 3718 3561 Grae-

2171 3597 2368 3632 corum
2399 3580 2458 3637 in
2484 3582 2688 3637 Aulide
2720 3595 3001 3640 conventu
3030 3584 3215 3658 deque
3259 3586 3557 3661 Iphigenia
3588 3590 3727 3645 scri-

2170 3667 2280 3740 psit
2325 3664 2563 3742 (Suidas
2579 3688 2624 3725 s.
2655 3689 2711 3725 v.
2743 3669 2785 3746 ),
2812 3670 2886 3726 ad
2900 3691 3020 3728 mos
3042 3673 3183 3726 nihil
3205 3674 3514 3746 pertinent.

2755 3795 3121 3825 σήμ-

1043 3954 1581 4016 GENEALOGIAE.

590 4159 797 4222 Neptuni
832 4160 882 4209 et
917 4161 1196 4223 Astypalaeoe
1221 4161 1446 4211 Phoenice
1473 4164 1600 4211 natae
1630 4161 1784 4211 filium
1811 4162 1955 4213 fuisse
1984 4168 2083 4212 Au-

530 4249 686 4287 coeum
704 4237 946 4298 samium,
972 4238 1058 4299 qui
1077 4239 1185 4299 post
1218 4238 1414 4302 Tiphyis
1430 4239 1617 4288 obitum
1640 4244 1767 4300 Argo
1798 4252 1972 4289 navem
1995 4254 2085 4302 gu·

532 4315 775 4376 bernavit,
800 4315 968 4366 eodem
988 4315 1134 4364 modo
1162 4318 1309 4380 atque
1340 4317 1619 4380 Apollonius
1637 4321 1801 4368 narrat
1821 4318 2088 4369 Simonides

532 4392 923 4455 Genealogiarum
941 4394 1160 4457 scriptor.

592 4557 857 4607 Simonides
872 4558 1156 4621 genealogus
1172 4558 1297 4608 Itoni
1313 4558 1434 4608 filias
1449 4557 1565 4608 dicit
1587 4559 1727 4609 fuisse
1743 4560 1862 4609 duas
1877 4597 1891 4622 ‚
1911 4563 2086 4610 Miner-

535 4646 646 4681 vam
664 4635 714 4683 et
744 4634 1005 4683 lodamam.
1045 4638 1143 4684 Has
1160 4636 1306 4684 armis
1332 4635 1592 4685 tractandis
1617 4649 1810 4700 operam
1835 4637 2004 4687 ‹lantoe
2026 4652 2088 4687 ex

533 4711 837 4760 aemulatione
857 4710 1103 4762 devenisse
1119 4710 1179 4760 ad
1206 4712 1395 4775 rixam,
1416 4713 1465 4762 in
1489 4726 1584 4777 qua
1612 4713 1807 4763 Iodama
1830 4728 1859 4765 a
1876 4716 2088 4765 Minerva

533 4787 689 4835 occisa
705 4789 841 4838 esset.
1619 4857 1655 4899 ι

1131 4954 1493 4981 *ψ-

2659 3962 3229 4027 MISCELLANEA.

2231 4160 2414 4212 Iolcum
2423 4163 2597 4226 Minyae
2609 4162 2905 4227 habitarunt,
2913 4080 3011 4214 5300.
3029 4163 3384 4216 Simonidemiu
3395 4164 3724 4217 abeamus.

2911 4258 2964 4307 4.

2603 4349 2652 4407 Ε
2690 4348 2913 4408 LlBRO
2956 4348 3290 4421 QUARTO.

2234 4462 2316 4514 llei
2331 4502 2346 4528 ,
2367 4466 2520 4528 patris
2541 4465 2718 4530 Aiacis,
2745 4480 2922 4517 nomen
2941 4467 3003 4517 ab
3026 4467 3230 4519 Hesiodo
3255 4468 3323 4517 ita
3339 4468 3593 4518 derivatur
3611 4488 3628 4519 ε

2295 4568 2444 4618 lleum
2457 4606 2472 4632 ,
2494 4584 2640 4633 quem
2666 4584 2780 4621 sane
2795 4572 2976 4621 amavit
2992 4586 3082 4622 rex
3096 4573 3233 4622 Jovis
3249 4572 3378 4623 tilius
3393 4574 3567 4636 Apollo
3579 4610 3596 4634 ,

2294 4647 2343 4695 et
2361 4646 2447 4708 ipsi
2467 4648 2557 4697 hoc
2585 4647 2753 4698 indidit
2770 4661 2946 4697 nomen
2963 4648 3236 4698 habendum
3249 4685 3263 4710 ‚
3283 4650 3397 4711 quia
3415 4651 3684 4713 nympham

2295 4722 2540 4776 inveniens
2566 4727 2818 4789 propitiam
2831 4762 2846 4787 ,
2869 4726 3056 4777 mixtus
3071 4730 3144 4777 est
3160 4728 3376 4790 jucundo
3392 4741 3562 4781 amore

2296 4801 2373 4851 die
2394 4802 2478 4852 illo
2491 4839 2505 4864 ,
2526 4804 2609 4853 ubi
2630 4817 2825 4853 murum
2843 4804 2965 4854 bene
2983 4807 3272 4855 constructa}
3289 4805 3425 4855 urbia

2296 4879 2540 4929 excelsum
2559 4881 2671 4930 fecit
2693 4882 2943 4944 Neptunus
2958 4883 3007 4932 et
3024 4881 3212 4944 Apollo.

2175 4985 2291 5033 Haeo
2303 4983 2498 5046 apponit
2517 4983 2783 5035 Simonides
2800 4984 2923 5035 libro
2944 4986 3136 5047 quarto.

1771 5202 2496 5239 ν--ι--ώΟ--ι--ῃ-
