3900 6042
577 443 691 493 ⁴00

576 574 697 618 tum
739 565 1049 638 ignorantia
1093 565 1301 617 exstitit
1337 573 1454 617 tum
1498 574 1746 618 veterum
1786 564 2125 635 scriptorum

579 654 899 708 auctoritas.
928 653 1147 706 Etenim
1168 651 1443 705 Strabone
1468 650 1582 723 (11,
1608 669 1666 723 p.
1694 668 1803 719 ,703
1827 669 1881 706 V.
1909 651 1979 707 fr.
2013 649 2122 721 30)

570 740 784 813 judice,
815 738 1055 794 Indicon
1082 749 1337 792 auctores
1362 738 1605 791 universi
1643 748 1772 790 sunt
1795 732 2129 812 ψευδολόγοι,

576 824 691 882 καθ’
711 822 1000 902 ὓπερὸολὴν
1021 822 1074 880 δὲ
1089 818 1376 900 Δηΐμαχος·
1404 821 1471 878 τὰ
1493 821 1547 878 δὲ
1567 820 1780 900 δεύτερα
1799 820 2130 897 λέγειΜεγα·

578 910 774 981 σθένης.
795 912 1066 984 Idemque
1079 912 1270 985 paullo
1281 923 1437 984 post:
1457 907 1811 987 Διαφερόντως
1830 908 1874 964 δ’
1890 912 2130 964 ἀπιστεῖν

579 998 716 1067 ἄξιον
736 997 997 1076 Δηῖμᾶχῳ
1019 1020 1076 1055 τε
1100 996 1189 1054 καὶ
1210 995 1552 1073 Μεγασθένιι.
1568 1003 1977 1072 Argumentum
1993 1014 2130 1051 vero

577 1092 859 1147 sententiae
884 1091 1049 1163 ponit
1076 1089 1225 1152 hoc:
1253 1078 1414 1145 Οὗτοι
1433 1083 1533 1164 γάρ
1556 1087 1704 1156 εἰσιν,
1732 1088 1932 1158 inquit,
1946 1086 1994 1140 οἱ
2017 1082 2133 1147 τοὺς

580 1175 911 1239 ἐνωτοκοίτας
935 1175 1024 1232 καὶ
1044 1173 1161 1240 τοὺς
1183 1174 1437 1248 ἀστόμους
1457 1171 1546 1229 καὶ
1567 1171 1775 1250 ἄρρινας
1792 1174 2131 1249 ἱστοροῦντες.

579 1267 795 1337 Quibus
820 1265 925 1319 alia
953 1263 1202 1334 ejusdem
1225 1264 1442 1337 generis
1470 1261 1712 1332 subjicit.
1754 1263 1949 1333 Neque
1975 1261 2134 1314 aliter

577 1355 742 1407 sensit
778 1352 1169 1406 Eratosthenes
1205 1349 1328 1426 (ap.
1381 1347 1648 1404 Strabon.
1698 1349 1739 1404 l.
1778 1347 1880 1421 1.).
1926 1347 2134 1401 Plinius

580 1458 808 1512 quoque
833 1438 970 1512 (VI,
1002 1456 1097 1506 21,
1135 1437 1199 1506 33
1222 1457 1276 1491 v.
1301 1438 1493 1510 supra)
1523 1437 1625 1490 ubi
1647 1435 2058 1508 Megasthenem
2080 1444 2134 1488 et

578 1529 915 1601 Dionysium
956 1527 1209 1580 nominat
1249 1536 1532 1593 auctoreS,
1578 1525 1674 1595 qui
1716 1525 1857 1577 vires
1883 1523 2133 1596 gentium

581 1616 900 1670 Indicarum
923 1613 1298 1686 prodiderint,
1325 1612 1483 1666 addit
1508 1627 1522 1668 ε
1546 1612 1672 1665 Non
1693 1623 1877 1664 tamen
1904 1621 1986 1662 est
2006 1609 2113 1661 dili
2125 1638 2133 1648 ·

577 1711 783 1778 gentici?
804 1707 962 1769 locus,
992 1704 1135 1756 adeo
1152 1703 1367 1755 diversa
1384 1713 1443 1755 et
1453 1701 1807 1755 incredibib'a
1827 1700 2131 1753 traduntur.

581 1797 654 1845 At
692 1790 889 1862 judicii
946 1791 1090 1844 hanc
1140 1789 1489 1842 severitatem
1531 1804 1872 1860 magnopere
1923 1796 2134 1857 tempe·

585 1888 817 1946 rassent‚
861 1880 907 1931 si
951 1878 1195 1938 licuisset
1255 1876 1384 1947 ipsis
1447 1875 1705 1928 historias
1769 1873 2137 1946 Megasthenis

582 1983 910 2038 comparare
929 1982 1057 2018 cum
1078 1965 1160 2030 iis,
1184 1980 1307 2034 quae
1328 1964 1387 2015 in
1402 1963 1659 2033 ipsorum
1680 1961 1956 2015 Indorum
1984 1960 2137 2014 libris

578 2053 804 2106 vetustis
832 2051 902 2104 de
924 2049 1120 2104 iisdem
1145 2049 1315 2103 rebus
1336 2058 1656 2102 narrantur.
1683 2046 1824 2102 Inde
1847 2048 1996 2101 enim
2021 2046 2137 2116 jam

580 2149 732 2212 patet
774 2137 845 2192 de
882 2136 1139 2210 gentibus
1184 2136 1300 2189 istis
1344 2145 1440 2189 aut
1472 2153 1606 2188 vere
1647 2134 1911 2189 fabulosis
1933 2145 2030 2187 aut
2061 2135 2136 2188 ita

582 2237 733 2281 certe
772 2225 1047 2279 Indorum
1087 2223 1222 2277 odio
1264 2223 1356 2277 vel
1397 2222 1648 2276 ludibrio
1689 2221 2028 2294 deturpatis,
2073 2232 2139 2276 ut

583 2331 614 2367 a
642 2313 906 2367 fabulosis
933 2330 1051 2365 non
1075 2309 1305 2365 differre
1340 2309 1507 2363 nobis
1531 2308 1832 2364 videantur
1865 2305 1928 2382 (“)
1953 2347 1969 2375 ,
1996 2309 2135 2362 nihil

645 2503 709 2563 (Ἴ
728 2500 1122 2549 schwanbeckius
1143 2512 1190 2562 p.
1214 2505 1269 2548 st
1297 2518 1310 2548 ε
1339 2517 1363 2541 α
1386 2497 1870 2548 commemorandum
1890 2501 1981 2557 oet,
2005 2498 2139 2546 Arios

584 2572 730 2622 ludos
763 2570 825 2619 ab
855 2569 1187 2631 antiquissimo
1216 2572 1433 2630 tempore
1466 2581 1496 2616 a
1522 2567 1743 2630 gentibus
1774 2566 2005 2627 indigenis
2036 2568 2138 2616 bar-

580 2643 804 2703 barisque
834 2640 1168 2688 circumsessos
1197 2651 1328 2696 esse,
1353 2651 1383 2685 a
1412 2637 1588 2699 quibus
1619 2649 1769 2696 quum
1804 2648 2002 2697 corpore
2033 2639 2137 2684 tum

581 2714 742 2761 animo
782 2713 928 2771 atque
969 2708 1126 2757 indole
1164 2707 1511 2770 discrepabant.
1576 2710 1734 2764 Quam
1773 2705 2138 2767 discrepantiam

580 2781 851 2830 acutissime
872 2779 938 2827 illi
972 2783 1021 2826 et
1039 2779 1355 2839 perceperunt
1382 2779 1432 2825 et
1463 2777 1811 2838 expresserunt.
1876 2779 1995 2825 Nam
2015 2777 2140 2824 sicut

580 2851 823 2912 republica
846 2849 1073 2898 ludorum
1105 2852 1154 2895 et
1185 2861 1268 2907 per
1299 2847 1425 2908 ipsos
1450 2846 1565 2895 deos
1585 2846 1775 2895 barbari
1809 2846 2135 2908 repudiantur,

580 2923 645 2970 ita
664 2920 906 2968 communi
938 2917 1160 2965 indorum
1184 2915 1460 2977 cogitationi
1484 2919 1672 2965 naturae
1702 2920 1752 2965 et
1783 2917 1959 2966 indolis
1978 2917 2137 2965 bumi-

581 2991 711 3039 lioris
736 3002 837 3037 esse
855 2992 904 3035 et
920 2987 1127 3035 bestialis
1151 2986 1309 3046 potius
1335 2998 1482 3046 quam
1506 2987 1730 3034 humanae
1764 2987 2004 3037 videntur.
2031 2989 2140 3036 Ani-

582 3071 775 3107 morum
800 3057 1045 3105 diversitas
1061 3055 1302 3105 difficilius
1323 3055 1621 3115 perspicitur,
1646 3055 1727 3104 sed
1755 3069 2011 3117 corporum
2040 3057 2137 3105 dis-

580 3126 937 3177 similitudinem
963 3126 1135 3171 acriter
1158 3122 1257 3170 lndi
1277 3122 1752 3184 animadverterunt,
1782 3125 1831 3172 in
1863 3125 2020 3187 majus
2052 3140 2136 3187 pe-

580 3201 754 3257 jusque
771 3195 1073 3251 extulerunt,
1093 3195 1142 3240 et
1166 3192 1476 3240 simulacrum
1506 3193 1696 3241 illarum
1725 3194 1939 3254 gentium
1964 3198 2140 3257 prat-ter

581 3266 779 3315 modum
814 3264 1027 3312 deforme
1061 3261 1346 3322 cogitatione
1379 3262 1469 3311 sihi
1506 3263 1762 3312 finxerunt.
1828 3267 1935 3321 Quo
1973 3265 2137 3313 funda·

583 3338 746 3384 mento
763 3372 776 3393 ,
798 3333 928 3395 quod
957 3333 1081 3381 fama
1096 3331 1396 3390 firmaverat,
1426 3332 1563 3394 potiti
1586 3338 1739 3394 poetae
1762 3333 1912 3394 ipsam
1937 3334 2140 3395 superla-

585 3406 765 3452 tionem
801 3404 975 3451 iterum
1013 3403 1251 3450 auxerunt
1286 3401 1551 3462 fabulisque
1586 3406 1959 3451 exornaverunt.
2024 3403 2140 3453 Aliae

581 3478 744 3534 gentes
766 3487 931 3534 errque
955 3472 1154 3532 indicae,
1174 3485 1326 3532 quum
1350 3473 1434 3518 aut
1455 3472 1768 3532 permixtione
1789 3473 2001 3522 tribuum
2020 3477 2140 3522 οταν.

580 3539 754 3603 essent,
771 3547 855 3591 aut
871 3541 1054 3590 indicos
1072 3556 1229 3590 mores
1242 3544 1289 3589 et
1306 3541 1546 3603 proecipue
1561 3540 1771 3590 tribuum
1791 3542 2138 3592 institutionem

582 3627 678 3661 non
716 3613 829 3661 satis
848 3616 1179 3674 sequerentur,
1211 3625 1467 3660 commune
1494 3611 1718 3660 Indorum
1746 3613 1910 3661 odium
1942 3614 2008 3661 ita
2033 3627 2138 3662 sus·

581 3679 840 3736 ceperunt,
868 3679 922 3722 ut
948 3674 1114 3722 eodem
1150 3675 1255 3721 loco
1291 3685 1402 3721 cum
1437 3672 1653 3722 barbaris
1675 3673 1979 3735 haberentur,
2010 3675 2139 3724 etad

578 3745 781 3793 similem
804 3743 1152 3792 deformitatem
1175 3742 1571 3792 describerentur.
1594 3746 1665 3791 lta
1688 3743 1735 3791 in
1754 3744 1898 3805 epicis
1915 3744 2138 3793 carmini-

581 3814 675 3863 bus
696 3813 876 3862 indiam
904 3816 1054 3863 totam
1089 3813 1448 3863 Brahmanicam
1475 3827 1505 3861 a
1534 3813 1756 3874 gentibus
1778 3815 2137 3863 circumsessam

581 3884 798 3933 videmus
818 3896 913 3933 non
946 3883 1069 3932 veris
1094 3883 1177 3932 sed
1204 3896 1262 3932 eo
1280 3882 1425 3931 modo
1445 3883 1591 3941 lictis»,
1615 3886 1667 3931 ut
1698 3881 1936 3931 interdum
1966 3883 2139 3934 fabulae

580 3969 723 4004 cansa
743 3954 940 4017 perspici
957 3956 1054 4014 jam
1076 3966 1171 4002 non
1191 3953 1352 4014 possit.

645 4046 668 4068 ιι
694 4029 890 4075 Formas
911 4024 1065 4073 multo
1084 4025 1232 4085 magis
1249 4024 1394 4072 miras
1418 4023 1655 4080 invenies,
1699 4023 1738 4073 si
1756 4022 1870 4072 deos
1891 4023 2137 4084 Indorum,

581 4097 878 4157 deorumque
918 4094 1176 4143 comitatus
1217 4094 1480 4154 respexeris
1520 4113 1532 4141 z
1573 4093 1696 4142 inter
1735 4107 1857 4153 quos
1901 4094 2141 4156 praecipne

584 4167 798 4215 cuveroe·
826 4169 875 4214 et
905 4164 1174 4222 Cdrticeioe
1193 4164 1450 4212 comitatus
1466 4162 1551 4211 tali
1574 4162 1718 4210 modo
1740 4162 2024 4212 describitur
2043 4166 2136 4224 (cf.

582 4236 768 4285 Mabab.
792 4238 886 4293 lx,
913 4240 1034 4284 2558
1068 4235 1231 4295 seq),
1256 4235 1312 4282 ut
1329 4232 1444 4281 nihil
1476 4231 1752 4292 fere,‘quod
1789 4232 1997 4281 humana
2019 4235 2137 4282 ima·

581 4306 819 4367 ginatione
839 4305 949 4366 fingi
969 4304 1143 4366 possit,
1168 4304 1399 4354 omissum
1419 4301 1657 4351 videatur.
1691 4306 1826 4359 Quos
1842 4307 2007 4352 tamen
2036 4305 2138 4353 lndi

581 4389 610 4422 a
630 4375 811 4436 populis
836 4374 1060 4423 fabulosis
1073 4373 1174 4434 jam
1191 4373 1307 4422 satis
1322 4372 1598 4433 disjungunt
1620 4392 1631 4420 :
1654 4368 1831 4433 quippe
1849 4386 1969 4435 quos
1987 4388 2142 4436 neque

582 4445 629 4492 iu
666 4445 783 4493 orbe
819 4447 1055 4493 terrarum
1095 4442 1257 4492 lndico
1293 4442 1507 4491 habitare
1525 4478 1538 4501 ,
1579 4455 1735 4503 neque
1774 4443 1985 4492 humana
2029 4458 2139 4493 cum

581 4518 719 4575 gente
737 4525 1044 4563 consuescere
1062 4512 1278 4561 credunt.
1343 4515 1476 4569 Quos
1493 4512 1636 4574 igitur
1654 4513 1808 4562 Graeci
1825 4527 1936 4562 cum
1955 4515 2141 4577 populis

583 4585 730 4634 indiae
754 4598 849 4633 non
875 4585 1093 4646 poterant
1125 4581 1428 4631 confundere.
1457 4602 1480 4624 κ

647 4674 671 4698 α
692 4653 926 4704 confundi
950 4656 1112 4701 autem
1138 4652 1321 4701 facilius
1340 4656 1558 4713 poterant
1572 4652 1731 4714 populi
1751 4665 1862 4701 eum
1885 4654 2138 4702 animanti·

583 4724 672 4772 bus
693 4723 799 4772 aliis
815 4760 828 4783 ,
849 4725 1006 4771 locum
1026 4723 1162 4784 quasi
1190 4721 1399 4770 medium
1427 4723 1549 4770 inter
1566 4721 1810 4769 daemones
1825 4724 1971 4783 atque
1992 4723 2139 4770 homi·

584 4806 667 4841 nes
695 4793 994 4852 tenentibus,
1022 4804 1231 4852 quorum
1254 4805 1493 4840 summam
1526 4791 1715 4852 copiam
1744 4790 1845 4840 ludi
1864 4792 1953 4840 sibi
1988 4794 2137 4840 linxe-

584 4867 720 4912 runt.
780 4862 1002 4912 Rdxasis
1059 4862 1186 4912 enim
1203 4898 1219 4923 ,
1262 4862 1487 4912 Picdlc'is
1529 4861 1730 4922 aliisque
1780 4860 1945 4912 eadem
1994 4866 2140 4924 atque

585 4931 768 4993 populis
796 4930 1020 4980 fabulosis
1042 4931 1230 4992 propria
1252 4944 1354 4979 osse
1370 4931 1614 4990 dicuntur,
1640 4936 1687 4979 et
1698 4930 1789 4978 hoc
1808 4930 1966 4978 solum
1989 4930 2136 4980 inter-

583 5003 655 5049 est
678 5001 799 5048 inter
824 5003 1081 5061 utrosque,
1114 5003 1167 5048 ut
1192 4999 1358 5048 eadem
1376 5037 1390 5060 ‚
1419 5014 1530 5061 quae
1555 5001 1742 5061 singula
1768 5000 1966 5049 attribui
1985 5001 2139 5049 soient

586 5069 798 5130 populis,
820 5069 868 5115 in
901 5071 1108 5120 Raxasas
1137 5072 1184 5117 et
1221 5069 1430 5129 PicAk'as
1463 5071 1614 5118 multa
1646 5071 1721 5118 vel
1760 5074 1932 5118 cuncta
1958 5071 2140 5119 soleant

585 5137 804 5185 conferri.
870 5140 920 5185 ln
947 5137 1219 5186 universum
1244 5140 1343 5186 tam
1364 5139 1466 5187 leve
1485 5142 1558 5187 est
1583 5140 1706 5186 inter
1726 5142 1956 5201 utrosque
1977 5140 2138 5189 discri-

587 5219 696 5254 men
711 5243 724 5266 ,
746 5209 798 5254 ut
820 5208 933 5255 certi
956 5207 1071 5254 fines
1090 5209 1375 5269 terminique
1393 5209 1515 5256 inter
1536 5209 1640 5258 illos
1663 5209 1743 5256 vix
1765 5212 1944 5270 possint
1960 5211 2132 5258 consti·

1842 431 1994 490 lul-:G
2007 431 2195 488 AsTfl
2209 431 2296 488 Ex
2310 430 2411 488 ES.

2219 562 2624 635 Megasthenem
2655 558 2969 626 tradidisse,
3000 577 3122 630 quae
3144 579 3176 612 a
3197 559 3686 612 Brachmanibusaon

2219 650 2497 722 acceperit
2535 648 2628 702 vel
2672 648 2928 720 accipere
2971 665 3091 700 non
3142 646 3408 719 potuerit.
3433 639 3623 702 ‘Vidisse
3648 665 3690 702 se

2217 754 2467 797 monstra
2508 742 2602 796 illa
2642 742 2701 795 in
2730 740 3053 814 fragmentis
3079 742 3284 794 nostris
3322 758 3566 812 nusquam
3593 741 3692 794 dixit

2219 841 2437 897 auctor,
2468 847 2572 884 nec
2611 829 2843 882 omnino
2866 828 3082 900 uspiam
3121 826 3326 882 dixisse
3361 827 3604 900 putandus
3621 840 3690 883 est.

2218 918 2360 971 Nam
2384 917 2568 970 virum
2595 914 2914 969 modestum
2946 923 3002 969 et
3030 915 3340 986 simplicem
3363 919 3684 987 agnosceren-

2221 1003 2438 1058 demur.
2460 1004 2623 1058 Certe
2651 1002 2940 1057 formicam
2971 1019 3174 1055 aurum
3202 1001 3557 1068 effodientem,
3577 1019 3693 1074 quam

2221 1092 2357 1145 item
2395 1081 2596 1146 sabulis
2625 1090 2827 1145 Strabo
2858 1100 3068 1145 temere
3109 1098 3360 1143 accenset
3389 1087 3468 1161 (v.
3513 1089 3572 1141 fr.
3598 1087 3690 1160 39]‚

2220 1179 2413 1234 videre
2443 1189 2695 1252 poterat3
2728 1189 2784 1233 at
2810 1197 2929 1232 non
2958 1177 3133 1244 vidit,
3171 1176 3347 1248 idque
3374 1178 3581 1249 ingenue
3597 1175 3694 1229 fate-

2223 1278 2342 1334 tur,
2376 1266 2567 1322 dicens
2590 1284 2647 1319 se
2676 1261 2835 1331 ἄκοὴν
2878 1261 3217 1342 ἀφηγέεσθαι.
3251 1265 3377 1333 Quo
3408 1258 3560 1336 'igitur
3579 1274 3696 1334 pacto

2224 1354 2345 1407 talis
2381 1355 2470 1406 vir
2521 1352 2728 1406 dixerit
2775 1369 2833 1406 se
2877 1349 3108 1418 vidisse,
3152 1368 3279 1423 quae
3328 1367 3482 1403 nemo
3515 1367 3696 1420 unquam

2221 1440 2414 1496 videre
2440 1439 2662 1513 potuit?
2687 1441 2883 1513 Itaque
2911 1437 3192 1493 mendacii
3217 1438 3442 1491 crimine
3468 1437 3694 1510 Megmthe·

2223 1547 2320 1583 nes
2344 1527 2716 1583 absolvendus
2738 1537 2836 1581 cst.
2860 1528 2970 1581 Sin·
2980 1528 3156 1598 ipsam
3177 1523 3540 1581 credulitatem
3557 1523 3695 1577 Graeco

2222 1615 2438 1668 homini
2472 1616 2612 1667 vitio
2637 1624 2858 1668 vertere
2885 1613 3055 1679 ausis,
3083 1612 3258 1665 etiam
3283 1610 3422 1664 hanc
3454 1610 3649 1682 culpam,
3667 1609 3695 1661 si

2225 1719 2334 1773 qua
2365 1712 2445 1756 est
2460 1743 2476 1768 ,
2495 1700 2805 1755 attenuabit
2828 1709 2882 1754 et
2904 1698 3385 1752 Brachmanorum
3400 1738 3415 1764 ,
3438 1714 3632 1770 quorum
3649 1714 3695 1748 ex

2225 1806 2325 1843 ore
2352 1790 2552 1842 Noster
2572 1785 2888 1859 pendebat,
2919 1786 3258 1850 auctoritas,
3300 1795 3354 1838 et
3376 1785 3628 1857 imaginum
3647 1784 3697 1834 si-

2224 1876 2751 1946 mulacrornmque,
2782 1892 2906 1946 quae
2941 1871 3089 1926 forte
3135 1882 3499 1945 spectaverat,
3527 1871 3640 1924 fraus
3660 1882 3698 1922 et

2226 1961 2440 2016 fallacia
2458 2002 2474 2029 ‚
2526 1972 2581 2015 et
2623 1979 2748 2032 quae
2799 1960 2991 2012 animo
3035 1959 3387 2012 inhaerebant
3434 1956 3700 2010 nan-atione

2226 2050 2468 2121 Scylacis
2483 2089 2499 2117 ‚
2524 2048 2787 2115 Hecataei,
2815 2044 3129 2119 Herodoti,
3152 2048 3418 2100 comitum
3439 2042 3695 2104 Alexandri3

2225 2212 2295 2259 tui
2327 2231 2339 2260 ε
2376 2213 2573 2260 Raxasae
2610 2211 2767 2269 enim,
2792 2212 2881 2260 etsi
2923 2209 3222 2259 formidolosi
3248 2210 3566 2270 describuntur,
3591 2211 3698 2256 tam

2228 2281 2424 2329 humani
2442 2294 2543 2329 esse
2564 2280 2843 2339 creduntur,
2866 2284 2915 2330 et
2936 2294 3089 2343 quum
3111 2281 3163 2329 in
3184 2284 3314 2329 terra
3339 2281 3530 2328 habitare
3547 2314 3560 2337 ‚
3578 2283 3654 2325 tum
3668 2277 3700 2322 ia

2228 2351 2395 2413 pugnis
2413 2350 2639 2399 ludorum
2664 2351 2891 2399 dimicare
2906 2387 2920 2410 ,
2941 2353 3008 2399 ita
3029 2354 3085 2398 ut
3103 2351 3257 2400 Indus
3272 2350 3482 2412 quilibet,
3502 2348 3595 2410 quid
3617 2348 3701 2394 inter

2227 2423 2447 2468 naturam
2467 2422 2666 2470 Raxasae
2696 2424 2843 2482 atque
2873 2420 3079 2469 bominis
3111 2420 3331 2480 intersit,
3350 2432 3465 2480 :egre
3492 2415 3699 2480 meildu-

2225 2489 2343 2538 nire.
2407 2490 2504 2537 Vix
2536 2490 2634 2537 ulla
2669 2489 2910 2538 invenitur
2943 2503 3017 2538 τω
3056 2491 3258 2539 Raxasis
3295 2488 3493 2551 propria,
3525 2499 3613 2547 qua
3635 2497 3700 2531 non

2227 2559 2404 2621 populo
2429 2572 2626 2622 quoque
2657 2560 2800 2609 alicui
2833 2560 3134 2610 attribuatur.
3209 2564 3374 2621 ltaque
3400 2557 3560 2607 etiam&
3577 2555 3623 2604 (la
3641 2554 3702 2602 illis

2228 2628 2354 2677 tama
2396 2628 2624 2690 quoedam
2655 2629 2716 2678 ad
2751 2633 2946 2680 Graecos
2982 2630 3283 2692 pervenisset
3315 2631 3448 2692 (quie
3474 2626 3627 2689 quidem
3653 2636 3702 2670 m

2227 2699 2368 2746 certis
2386 2712 2482 2746 non
2501 2702 2658 2760 potest
2677 2699 2867 2760 probari
2890 2699 3242 2760 argumentis),
3268 2698 3370 2747 ideo
3386 2701 3527 2746 tamen
3544 2697 3584 2743 in
3607 2692 3701 2740 muri·

2229 2767 2318 2816 bus
2345 2769 2629 2830 populorum
2653 2769 2814 2818 indica
2844 2769 3026 2817 ratione
3043 2768 3368 2817 describendis
3385 2767 3458 2815 vix
3478 2763 3699 2815 ernvisen

2292 2857 2315 2880 «ι
2337 2839 2563 2887 Gentium
2606 2839 2796 2887 illarum
2823 2833 2998 2888 famam
3034 2839 3083 2886 in
3117 2838 3413 2888 occidentem
3439 2835 3546 2886 etad
3567 2837 3703 2882 Grm

2229 2908 2383 2969 primo
2407 2909 2688 2957 translatam
2720 2922 2848 2968 csse,
2873 2922 2971 2957 non
3001 2912 3073 2958 est
3105 2909 3244 2971 quod
3279 2909 3509 2958 miremur.
3563 2902 3701 2953 Fabius

2227 2978 2355 3027 enim
2379 2991 2491 3027 cum
2510 2978 2679 3027 ardore
2712 2979 2922 3040 quodam
2956 2979 3144 3041 poetico
3183 2980 3312 3029 fictae
3346 2977 3546 3028 eximiam
3574 2973 3700 3023 habeat

2229 3048 2603 3096 increbrescendi
2635 3050 2939 3109 facultatem,
2970 3053 3018 3097 et
3036 3052 3177 3096 tanto
3206 3049 3458 3110 majorem,
3485 3048 3628 3107 quanto
3642 3053 3700 3087 au·

2228 3116 2396 3165 dacius
2414 3120 2524 3165 sunt
2545 3118 2684 3166 fictae.
2754 3122 2838 3166 Eae
2855 3131 3049 3180 quoque
3070 3118 3250 3167 fabulas
3265 3155 3277 3175 ,
3297 3117 3462 3179 quibus
3479 3114 3565 3164 indi
3581 3110 3702 3160 malias

2229 3187 2556 3248 colloquentes
2574 3188 2950 3249 descripserunt,
2974 3189 3038 3236 ita
3071 3201 3156 3249 per
3187 3192 3350 3237 totum
3383 3188 3469 3235 fere
3488 3186 3618 3233 om
3633 3185 3704 3228 ter·

2229 3270 2390 3306 rarum
2429 3263 2780 3320 manaverunt,
2827 3261 2882 3306 ut
2921 3257 3163 3320 quomodo
3205 3260 3298 3306 hoc
3341 3258 3504 3306 factum
3535 3254 3606 3310 sit,
3635 3261 3699 3297 m

2228 3328 2507 3378 sentiamus.
2574 3329 2688 3377 Aliae
2720 3329 2928 3388 sabaim,
2969 3331 3234 3389 antequam
3266 3329 3415 3391 ipsum
3445 3325 3700 3375 lndiaemmffl

2231 3399 2398 3446 notum
2423 3400 2525 3458 est,
2553 3401 2614 3446 ad
2641 3402 2834 3448 Graecos
2864 3399 3108 3447 translatae
3142 3402 3261 3448 sunt
3298 3420 3310 3448 ι
3341 3400 3456 3446 inter
3474 3394 3580 3457 qnod
3603 3401 3700 3453 gen&

2229 3467 2373 3516 etiam
2395 3468 2586 3516 Homeri
2619 3468 2841 3529 quiedam
2875 3468 3049 3516 sabulae
3081 3468 3389 3517 numerandae
3413 3466 3700 3521 videntum&

2229 3537 2422 3599 quidem
2443 3551 2517 3587 res
2535 3542 2646 3586 ante
2672 3538 2829 3586 vedas
2847 3539 3017 3587 melius
3035 3539 3251 3598 cognitas
3275 3536 3553 3600 probabiliter
3569 3531 3697 3581 tantum

2230 3608 2427 3668 conjici,
2448 3621 2603 3667 neque
2621 3609 2765 3656 certis
2779 3608 3071 3669 argumentis
3087 3608 3402 3657 demonstrari
3421 3608 3565 3668 potest.
3582 3602 3699 3658 ΒΨ·

2230 3676 2420 3738 longius
2463 3678 2600 3739 epica
2648 3682 2929 3727 Graecorum
2971 3679 3183 3726 carmina
3227 3692 3258 3726 a
3302 3677 3442 3740 prima
3480 3669 3699 3733 simplidffl

2228 3746 2437 3806 abeunt,
2476 3760 2534 3795 eo
2557 3747 2706 3807 magis
2739 3748 2923 3797 fabulas
2944 3747 3056 3795 istas
3079 3747 3291 3812 irrepere
3316 3740 3666 3794 animadvertimus
3688 3755 3695 3778 2

2229 3817 2437 3864 multum
2461 3817 2561 3877 jam
2589 3818 2750 3866 valent
2785 3817 2913 3879 apud
2946 3818 3105 3879 epicos
3126 3816 3397 3879 posterioris
3424 3813 3557 3862 &tatis
3573 3809 3695 3871 poeta&

2230 3886 2378 3935 Valde
2398 3890 2576 3935 erraret
2604 3887 2688 3948 qui
2709 3900 2770 3935 ex
2797 3888 2930 3936 ludia
2953 3890 3145 3948 putaret
3169 3900 3255 3936 eas
3280 3886 3428 3935 solum
3459 3880 3607 3931 fabulas
3629 3886 3696 3922 lm·

2230 3955 2440 4015 navisse,
2465 3956 2639 4018 quibus
2662 3960 2960 4005 memoratur
2981 3955 3114 4004 India
3137 3974 3149 4004 :
3171 3969 3287 4004 nam
3307 3955 3457 4004 fabula
3474 3947 3695 4012 procudunt,

2228 4025 2371 4074 etiam
2402 4026 2561 4086 locus,
2582 4039 2727 4087 quem
2750 4025 2911 4074 fabula
2932 4028 3138 4086 tractat,
3162 4026 3288 4074 solet
3305 4017 3544 4087 procedent
3597 4019 3698 4072 0⁰5³

2229 4095 2297 4142 rei
2339 4096 2432 4143 hoc
2466 4096 2529 4144 sit
2560 4098 2838 4157 exemplum
2885 4115 2896 4144 ι
2939 4096 3044 4145 lndi
3076 4097 3419 4156 septentriones
3456 4101 3590 4139 versus
3614 4085 3696 4133 ⁰¹⁸¹*

2232 4164 2510 4225 uimalajam
2533 4165 2750 4215 habitare
2769 4166 3088 4227 opinabantur
3129 4168 3454 4214 Utmracuros
3471 4159 3611 4224 [lidan
3623 4154 3695 4201 8⁰¹1

2231 4247 2342 4282 cum
2367 4239 2622 4285 Attacoris
2647 4238 2883 4286 Amometi
2939 4250 3082 4298 supra
3109 4250 3155 4298 p.
3184 4236 3326 4298 396],
3349 4234 3426 4297 qni
3445 4232 3516 4280 diu
3534 4229 3696 4298 samse

2229 4304 2472 4365 viverent,
2510 4306 2689 4354 morbis
2723 4306 2946 4367 curisque
2985 4308 3243 4366 vacarent,
3286 4303 3414 4352 omni
3446 4299 3694 4373 voluptates

2229 4375 2547 4424 amoenissima
2580 4376 2768 4436 regione
2804 4375 3121 4425 abundarent.
3186 4379 3307 4433 Quoe
3333 4374 3478 4423 fabula
3503 4372 3643 4418 mature
3661 4373 3692 4409 ¹³

2229 4444 2524 4494 occidentem
2556 4446 2782 4506 processit
2810 4444 3050 4506 simulque
3083 4446 3310 4506 processit
3337 4445 3460 4491 locus
3484 4436 3641 4490 famia·
3662 4432 3693 4476 ‘i

2231 4515 2293 4563 ita
2325 4518 2395 4564 est
2424 4515 2627 4573 factum,
2658 4518 2713 4562 ut
2733 4514 2795 4562 ab
2829 4514 3016 4564 Hesiodi
3050 4519 3266 4576 tempore
3292 4511 3437 4563 Graem‘
3463 4504 3690 4570 opinarensslf

2228 4586 2571 4645 septentriones
2596 4596 2762 4632 versus
2780 4582 2996 4632 habitare
3019 4584 3346 4645 Hyperboreos
3361 4620 3375 4642 ,
3396 4590 3569 4643 qnorum
3587 4575 3689 4633 ipim

2229 4665 2404 4701 nomen
2441 4653 2503 4700 ad
2534 4651 3134 4701 similitudinem‘nominis
3185 4652 3332 4702 ludici
3370 4656 3603 4711 expressum
3630 4639 3687 4684 5¹·

2230 4728 2328 4774 Cur
2363 4722 2464 4772 lndi
2499 4722 2737 4784 regionem
2773 4721 2898 4770 beati
2941 4723 3103 4784 populi
3133 4723 3465 4784 septentriones
3491 4726 3616 4764 versis
3635 4721 3686 4784 Ρῑξ·

2228 4794 2437 4852 suerint,
2477 4806 2622 4850 causa
2661 4795 2734 4841 est
2764 4795 2954 4853 aperta;
2990 4805 3078 4840 cur
3117 4793 3303 4851 Graeci,
3329 4805 3387 4840 ne
3412 4786 3686 4858 lev-mima&

2228 4861 2338 4911 dem
2365 4860 2632 4922 invenitur,
2653 4861 2750 4910 imo
2773 4862 2851 4909 hic
2881 4862 3296 4923 Hyperboreorum
3320 4862 3433 4910 situs
3450 4855 3522 4904 toti
3536 4851 3588 4899 illi
3605 4853 3686 4891 ω’

2228 4931 2349 4993 gini,
2378 4944 2525 4993 quam
2555 4931 2616 4980 de
2643 4931 2759 4981 orbe
2785 4935 3022 4980 terrarum
3056 4933 3210 4982 Graeci
3237 4932 3325 4981 sibi
3345 4921 3684 4980 utinmotu*

2229 5000 2373 5050 modo
2414 5015 2511 5050 non
2534 5002 2786 5063 convenit,
2823 5000 2907 5050 sed
2938 5003 3083 5051 etiam
3122 5005 3362 5065 repugnat.
3421 4997 3520 5047 Aliae
3543 4983 3683 5067 ὑμὴν

2228 5084 2380 5133 quum
2406 5071 2640 5132 quasdam
2675 5074 2953 5120 Graecorum
2990 5072 3233 5133 opiniones
3257 5065 3606 5140 attingerem-¹·
3623 5051 3683 5128 Ψ

2229 5143 2333 5189 loca
2365 5142 2607 5190 translatae
2643 5146 2769 5191 sunt.
2806 5162 2827 5184 υ
2857 5145 2925 5191 De
2955 5143 3150 5203 singulis
3180 5141 3361 5203 populis
3393 5135 3579 5186 fabulosis
3611 5119 3682 5166 *Ἰὼ

2229 5216 2329 5259 not.
2356 5210 2416 5258 ad
2437 5212 2491 5259 fr.
2522 5215 2596 5260 34.
2620 5212 2693 5261 Cf.
2725 5215 2824 5260 not.
2849 5214 2903 5260 fr.
2932 5217 3010 5260 39.
