3900 6042
551 483 657 532 181

545 602 703 659 πλέον
727 625 775 658 τι
796 610 908 666 ταῖς
937 602 1263 681 προγονικαῖς
1287 602 1492 679 ἀρεταῖς
1522 600 1939 678 ἐπερειδομένην·
1971 599 2094 679 ἔσχε

544 687 646 766 γὰρ
670 689 862 747 καὶτὸν
884 688 1084 766 πατέρα
1110 688 1199 745 καὶ
1226 686 1342 753 τοὺς
1364 694 1497 764 τρεῖς
1527 686 1775 766 ἀδελφοὺς
1791 687 2094 763 Ὀλυμπιο-

544 773 714 844 νίκας,
744 776 1060 852 Δαμάγητον
1076 818 1091 846 ,
1118 773 1321 853 Δωριέα
1337 818 1353 846 ,
1382 772 1742 845 Ἀκουσίλαον,
1769 774 1858 831 καὶ
1882 774 1934 842 ἐξ
1953 775 2097 832 ἀδελ-

546 867 645 941 φῆς
666 864 830 920 παῖδα
860 862 1065 923 Εὐκλέα
1092 862 1181 920 καὶ
1210 864 1368 932 αὐτῆς
1390 861 1498 919 υἱὸν
1528 861 1865 940 Πεισίρροθον
1891 860 1953 938 (s)
1970 885 1984 898 ·
2005 863 2095 920 καὶ

544 950 707 1017 δεῖξαι
747 950 837 1017 τάς
863 975 918 1010 τε
946 957 1037 1010 τοῦ
1081 951 1277 1029 πατρὸς
1325 950 1416 1008 καὶ
1456 952 1561 1007 τῶν
1589 951 1823 1029 ἀδελφῶν
1864 950 2092 1023 στήλας,

544 1035 634 1094 καὶ
661 1036 798 1095 οὕτω
824 1038 1121 1110 νικηθέντας
1142 1039 1259 1103 τοὺς
1284 1036 1661 1103 Ἑλλανοδίκας
1681 1039 2010 1116 ἐπιχωρῆσαι
2033 1036 2094 1115 (7)

542 1124 634 1180 καὶ
658 1125 933 1195 συνήθειαν
971 1126 1128 1201 νόμου
1159 1127 1403 1183 διαλῦσαι
1422 1168 1440 1199 ,
1468 1123 1558 1182 καὶ
1587 1127 1653 1202 τῇ
1695 1124 2094 1203 Καλλιπατείρα

542 1210 634 1281 τήν
659 1212 777 1270 θέαν
815 1214 1104 1293 ἐπιτρέψαι.
1140 1212 1247 1273 Καὶ
1273 1212 1340 1270 τὰ
1368 1211 1488 1292 περὶ
1514 1211 1609 1288 μὲν
1642 1214 1814 1270 αὐτῶν
1841 1218 2091 1271 τοσαῦτα.

626 1304 707 1357 Ex
751 1303 1156 1375 Olympionicis
1183 1303 1350 1357 etiam
1379 1320 1443 1357 ea
1486 1303 1661 1375 petita
1699 1320 1812 1356 esse
1840 1304 2095 1375 suspicor

544 1408 667 1460 quae
703 1409 853 1446 nunc
880 1392 1147 1465 leguntur
1186 1392 1244 1444 in
1273 1389 1515 1445 Pseudo·
1529 1391 1762 1447 Aristot.
1810 1391 1935 1445 Mir.
1975 1392 2094 1444 Au-

539 1479 700 1534 scult.
729 1498 782 1535 c.
813 1476 884 1532 52
928 1478 1155 1551 (collat.
1196 1477 1372 1532 schol.
1418 1477 1705 1549 Aristoph.
1748 1477 1898 1534 Plut.
1948 1473 2092 1545 586;

538 1563 715 1622 schol.
769 1564 1053 1620 Theocrit.
1102 1566 1203 1632 lv,
1249 1583 1315 1637 73
1369 1562 1539 1618 Suida
1600 1582 1654 1620 ν.
1716 1559 1968 1637 Κότινος)
2021 1562 2094 1618 de

540 1650 679 1713 oleis
704 1651 1039 1725 OlympiciS,
1068 1670 1100 1706 e
1124 1651 1328 1723 quibus
1362 1652 1643 1704 victorum
1671 1666 1896 1703 coronae
1923 1659 2093 1722 pete-

538 1736 764 1794 bantur.
802 1733 1101 1792 Probabile
1140 1748 1219 1791 est
1248 1738 1397 1791 enim
1445 1736 1799 1791 Aristotelem
1829 1754 2089 1808 quoque,

536 1824 695 1878 ‚sicuti
733 1826 1180 1892 Eratosthenem,
1226 1825 1504 1878 victorum
1534 1823 1800 1895 catalogis
1843 1823 2090 1894 disputa-

540 1912 749 1965 tionem
799 1911 873 1965 dc
916 1911 1138 1983 origine
1183 1921 1352 1982 atque
1403 1909 1773 1964 adornatione
1823 1909 2088 1963 ludorum

536 1999 878 2067 praemisisse.

1180 2090 1326 2166 [264
1365 2088 1448 2164 a.]
1995 2094 2010 2121 x

594 2174 971 2266 ⁸[Aristoteles
994 2193 1116 2248 Pol.
1148 2193 1310 2259 vm,
1332 2197 1392 2259 43
1423 2210 1441 2245 1
1473 2211 1485 2244 :
1515 2187 1608 2247 Ἔν
1627 2188 1728 2267 γὰρ
1755 2196 1860 2253 τοῖς
1891 2189 2089 2264 Ὀλυμ·

534 2276 788 2341 πιονίκαις
807 2275 897 2334 δύο
919 2300 993 2343 τις
1028 2274 1092 2334 ἂν
1121 2275 1155 2346 ἢ
1183 2280 1318 2356 τρεῖς
1356 2273 1493 2354 εὕροι
1515 2274 1630 2342 τοὺς
1661 2275 1846 2342 αὐτοὺς
1882 2299 2087 2346 νενικη-

537 2362 691 2429 κότας
725 2362 913 2443 ἄνδρας
946 2387 999 2421 τε
1041 2363 1130 2421 καὶ
1158 2365 1379 2439 παῖδας,
1423 2361 1511 2420 διὰ
1547 2362 1608 2420 τὸ
1635 2362 1774 2429 νέους
1803 2367 2088 2428 ἀσκοῦντας

536 2454 865 2530 ἀφαιρεῖσθαι
902 2449 997 2521 τὴν
1021 2449 1239 2526 δύναμιν
1269 2447 1370 2507 ὑπὸ
1409 2452 1511 2507 τῶν
1546 2448 1846 2527 ἀναγκαίων
1884 2472 2087 2525 γυμνα-

536 2537 717 2614 σιω...]

1066 2647 1544 2707 ΠΥΘιοΝικΑι.

1242 2769 1374 2827 265.

612 2893 892 2949 Plutarch.
913 2893 1105 2947 Solon.
1124 2911 1173 2948 c.
1200 2911 1221 2946 1
1240 2912 1265 2946 t
1295 2911 1308 2945 ι
1334 2888 1639 2954 Πεισθέντες
1653 2887 1755 2965 γὰρ
1770 2891 1857 2944 ὑπ’
1886 2887 2082 2947 ἐκείνου

537 2980 552 3049 (
569 2982 658 3033 τοῦ
683 2973 951 3054 Σόλωνος)
982 2974 1109 3053 πρὸς
1140 2974 1226 3032 τὸν
1254 2974 1484 3049 πόλεμον
1514 2975 1742 3049 (contra
1774 2974 2082 3048 Cirrhaeos)

531 3061 784 3141 ὥρμησαν
808 3066 854 3120 οἱ
882 3061 1276 3141 Ἀμφικτύονες,
1303 3063 1374 3126 ὣς
1396 3058 1548 3118 ἄλλοι
1569 3083 1625 3117 τε
1651 3065 1971 3138 μαρτυροῦσι
1995 3060 2085 3116 καὶ

533 3149 889 3228 Ἀριστοτέλης
920 3150 972 3205 ἐν
992 3152 1056 3226 τῇ
1077 3151 1179 3205 τῶν
1202 3150 1523 3208 Πυθιονικῶν
1551 3149 1855 3227 ἀναγραφῇ,
1881 3145 2083 3206 Σόλωνι

534 3237 629 3306 τὴν
659 3235 874 3314 γνώμην
895 3233 1181 3301 ἅνατιθείςῖ
1207 3236 1291 3293 Οὐ
1319 3233 1493 3309 μέντοι
1522 3232 1810 3311 στρατηγὸς
1843 3233 1929 3291 ἐπὶ
1949 3236 2076 3292 ’τοῦ-

532 3365 673 3412 vocat
699 3366 964 3412 Pausan.et
985 3363 1122 3412 Vrat.
1145 3366 1201 3411 A.
1221 3362 1377 3421 Vulgo
1391 3360 1821 3423 Ἀριστοπάς.-(6)
1849 3361 2086 3410 Haecindo

529 3434 592 3481 ab
626 3433 739 3495 ἔσχε
764 3431 872 3481 dedi
896 3445 924 3480 e
952 3434 1087 3481 vrat.
1115 3440 1169 3481 Α.
1193 3431 1284 3481 Sed
1317 3432 1364 3487 ἐξ
1386 3432 1579 3493 ἀδελφῆς
1601 3431 1859 3479 obscurum
1892 3430 1940 3478 in
1975 3431 2080 3479 coil.

529 3506 619 3553 est.
648 3531 707 3545 --
726 3503 793 3561 (7)
822 3505 890 3550 lta
914 3501 1125 3551 correxit
1145 3501 1375 3563 nemius,
1422 3502 1579 3561 Vulgo
1608 3502 1920 3565 ἐπιχειρῆσαι.
1948 3504 2083 3551 Vrat.

528 3581 565 3622 Α
589 3589 601 3621 :
622 3577 944 3635 συγχωρῆσαι.
977 3591 1000 3613 ι»
1029 3574 1241 3621 Bet-:ctum

528 3722 742 3771 «licentes
772 3722 873 3783 lege
903 3721 1104 3770 vetitum
1141 3734 1270 3783 esse,
1309 3734 1371 3770 ne
1405 3720 1630 3770 mulieres
1663 3721 1910 3782 gymnicos
1944 3721 2083 3769 lucios

527 3800 822 3860 spectarent,
843 3800 953 3847 tum
977 3811 1093 3846 vcro
1116 3798 1257 3847 illam
1270 3797 1476 3859 dixisse,
1501 3810 1598 3846 non
1633 3810 1686 3847 se
1727 3797 1930 3847 similem
1967 3798 2081 3846 reli·

526 3875 753 3936 quisesse
774 3873 1076 3936 mulieribus,
1101 3874 1185 3924 sed
1220 3874 1377 3935 maius
1406 3873 1552 3936 quid,
1575 3874 1728 3935 gentis
1761 3888 1863 3923 sum
1884 3875 2078 3924 virtuti-

528 3952 619 4001 bus
637 3951 871 4000 innixam.
893 3950 1109 4000 Habebat
1131 3951 1260 4000 enim
1290 3954 1339 3999 et
1369 3952 1554 4012 patrem
1578 3951 1628 3999 et
1648 3951 1815 3999 fratres
1831 3954 1955 4012 tres,
1985 3954 2080 4000 Da-

525 4033 794 4092 inagetnm,
825 4030 1087 4092 Dorieum,
1106 4029 1402 4085 Aeculanum,
1422 4029 1802 4092 olympionicas,
1827 4032 1877 4079 et
1906 4030 2082 4078 sororis

525 4110 640 4158 item
672 4108 826 4157 tilium
852 4108 1113 4168 ΕυοΙειιιιι,
1155 4110 1206 4156 et
1239 4119 1382 4156 suum
1417 4109 1565 4170 ipsius
1605 4108 1972 4158 Pisirrhotbum.
2012 4112 2081 4157 Ac

524 4187 813 4234 monstrasse
836 4197 943 4234 eam
966 4184 1113 4246 patris
1131 4184 1430 4246 fratrumque
1464 4185 1641 4244 stelas,
1661 4186 1810 4245 atque
1840 4184 1906 4232 ita
1927 4184 2080 4232 victos

527 4261 860 4310 Hellanodicas
878 4260 1098 4320 cessisse,
1127 4274 1186 4309 ac
1215 4259 1371 4309 soluta
1394 4260 1510 4321 tegis
1527 4260 1875 4309 consuetudine
1896 4260 2047 4321 pertni
2061 4285 2076 4295 -

522 4338 638 4386 sisse
657 4337 949 4399 Callipatirae
961 4374 975 4397 ,
1002 4339 1055 4386 ut
1072 4336 1335 4417 spectatrix
1356 4336 1483 4385 ludis
1504 4335 1768 4386 interesset.

1191 4432 1315 4497 [264
1335 4431 1413 4497 a.]

583 4531 603 4592 s
627 4533 753 4580 inter
769 4529 1125 4591 Olympionicas
1142 4529 1263 4578 duos
1286 4531 1442 4579 tresve
1459 4527 1522 4577 aa
1558 4541 1805 4577 summum
1837 4530 2047 4589 reperias
2060 4564 2074 4588 ,

520 4608 605 4670 qui
619 4607 708 4655 viri
727 4609 777 4655 et
790 4606 931 4655 iidem
945 4605 1270 4655 adolescentes
1280 4606 1456 4654 suerint
1470 4604 1667 4654 victoria
1683 4603 1840 4665 potiti,
1860 4606 2074 4665 propter·

520 4700 577 4734 ea
603 4685 733 4747 quod
761 4684 1003 4745 juniores,
1027 4683 1145 4732 dum
1171 4697 1223 4731 se
1247 4682 1523 4733 necessariis
1546 4682 1967 4731 exercitationibus
1988 4682 2073 4731 ‹le-

519 4763 671 4822 ‹lnnt,
702 4761 825 4808 vires
841 4757 1178 4820 exhauriant]

1042 4874 1551 4934 PYTHlONlCAE.

1237 4994 1357 5043 265.

582 5090 769 5140 Solonis
804 5074 1093 5139 anctoritate
1128 5089 1246 5139 moti
1283 5088 1651 5149 Amphictyones
1687 5088 1866 5137 bellum
1904 5090 2072 5137 contra

521 5166 761 5215 Cirrliaeos
777 5170 1114 5228 susceperunt,
1138 5165 1268 5227 quod
1289 5164 1432 5212 etalii
1452 5166 1705 5226 testantur,
1726 5167 1775 5213 et
1798 5164 2073 5214 Aristoteles

1622 472 1748 532 Am
1763 472 2117 532 sToTEus
2173 473 2663 534 FRAGMENTA.

2186 625 2271 659 τον
2301 602 2582 681 ἀπεδείχθη
2612 601 2699 658 τὸν
2733 600 2962 675 πόλεμον
2981 644 2999 672 ,
3020 605 3088 667 ὡς
3128 601 3300 679 λέγειν
3321 602 3478 673 φησὶν
3496 600 3758 679 Ἕρμιπ-

2186 710 2279 753 πος
2314 688 2520 758 Εὐάνθη
2548 686 2633 745 τὸν
2655 687 2882 763 Σάμιον.
3209 688 3214 694 ’

2864 783 2977 839 265
3008 803 3061 839 a.

2265 914 2570 986 Hesychius
2601 934 2618 967 τ
2657 911 2894 976 Βουθὸς
2933 910 3328 991 πέριφοιτᾶ·
3367 913 3627 993 παροιμία
3665 916 3760 973 ἐπὶ

2185 1001 2287 1077 τῷν
2304 999 2504 1069 εὐηθῶν
2519 998 2610 1056 καὶ
2632 996 2978 1078 παχυφρόνων
2997 996 3322 1077 (παχυρίνων
3339 1003 3616 1078 Herod),
3639 1001 3754 1060 &ab

2187 1085 2382 1147 Βούθου
2409 1087 2547 1151 τινὸς
2580 1087 2945 1164 μετενεχθεῖσα
2979 1091 3073 1143 τοῦ
3111 1084 3287 1145 Πύθια
3314 1086 3664 1160 νικήσαντος,
3693 1089 3755 1148 ὃν

2185 1168 2470 1249 ἀναγράφει
2491 1171 2582 1228 καὶ
2610 1171 2964 1252 Ἀριστοτέλης
2990 1171 3318 1242 νενικηκότα.
3349 1176 3437 1233 Cf.
3467 1178 3758 1233 Zenobius

2184 1251 2268 1323 11,
2297 1256 2393 1328 66,
2431 1257 2664 1333 Suidas,
2690 1260 3000 1317 Herodian.
3023 1260 3099 1318 Π.
3146 1282 3264 1333 μον.
3300 1258 3411 1327 λε’ξ.
3443 1282 3504 1335 p.
3533 1270 3635 1331 42,
3682 1266 3756 1333 8,

2184 1344 2281 1414 qui
2310 1344 2598 1400 Cratinum
2625 1345 2682 1401 ἐν
2709 1344 2939 1424 Χείρωσι
2971 1348 3318 1403 mentionem
3346 1352 3644 1422 proverbii
3675 1352 3759 1406 fe·

2184 1446 2317 1485 cisse
2336 1432 2511 1489 aiunt.

2851 1520 2964 1577 265
3009 1522 3068 1579 b.

2260 1636 2451 1692 Schol.
2485 1640 2648 1695 Pind.
2681 1641 2765 1696 01.
2786 1643 2873 1708 11,
2908 1641 2981 1712 87
3016 1661 3029 1695 ι
3060 1638 3217 1699 Κατὰ
3245 1639 3301 1697 δὲ
3346 1639 3445 1710 τὴν
3475 1647 3569 1699 τοῦ
3607 1643 3753 1720 Ἀρι-

2182 1721 2448 1785 στοτέλους
2477 1723 2707 1799 (supple
2726 1722 3063 1804 ἀναγραφὴν)
3094 1727 3413 1797 Πυθιονίκης
3438 1728 3594 1803 μόνος
3621 1729 3752 1798 Θή·

2183 1829 2283 1885 ρων
2325 1810 2738 1888 ἀναγέγραπται.
2772 1816 2879 1869 Alii
2910 1817 3078 1869 etiam
3126 1816 3358 1901 fratrem
3386 1818 3508 1888 ejus
3537 1820 3750 1873 Xeno·

2181 1908 2388 1952 cratein
2415 1900 2626 1972 Pythiis
2653 1901 2844 1955 vicisse
2871 1900 3090 1955 dicunt.

2891 2146 3022 2202 266.

2256 2270 2447 2327 Schol.
2465 2271 2641 2344 Soph.
2670 2270 2821 2327 ossd.
2844 2272 2906 2327 C.
2944 2292 3049 2341 70¹
3088 2291 3105 2330 :
3132 2269 3493 2349 Ἀριστοτέλης
3518 2274 3611 2331 καὶ
3636 2279 3748 2341 τοῖς

2176 2351 2419 2422 νικήσασι
2454 2352 2520 2410 τὰ
2557 2353 2901 2425 Παναθήναια
2949 2356 3128 2414 ἐλαίου
3159 2362 3252 2414 τοῦ
3293 2360 3356 2416 ἐκ
3396 2362 3503 2416 τῶν
3550 2361 3751 2438 μορίων

2177 2439 2444 2517 γινομένου
2469 2439 2700 2499 δίδοσθαῖ
2726 2464 2875 2522 φησι.
2907 2442 3040 2499 Haec
3068 2465 3204 2499 num
3233 2447 3294 2500 in
3330 2448 3750 2521 Olympionicis

2178 2529 2266 2584 vel
2289 2530 2631 2603 Pythionicis
2656 2532 2744 2586 vel
2777 2532 2837 2585 in
2875 2527 3063 2596 Νίκαις
3084 2533 3457 2597 Διονυσιακαῖς
3484 2535 3615 2591 data
3641 2557 3750 2593 oc-

2179 2616 2399 2670 casione
2451 2617 2614 2672 allata
2671 2618 2815 2687 sint,
2862 2636 2934 2672 an
2985 2620 3153 2674 etiam
3195 2621 3748 2678 Panathenaicorum
3814 2609 3826 2619 ²

2178 2703 2457 2757 victorum
2501 2704 2822 2778 catalog-um
2851 2706 3176 2761 Aristoteles
3219 2711 3646 2780 composuerit,
3689 2712 3750 2764 in

2178 2788 2370 2845 medio
2400 2792 2680 2864 relinquo.

2692 2934 3209 2993 ΔΙΔΑΣΚΑΛΙΑΙ.

2894 3082 3030 3152 267.

2253 3213 2444 3267 schol.
2477 3213 2763 3286 Aristoph.
2795 3215 2899 3267 Av.
2931 3212 3038 3267 281
3074 3230 3088 3270 :
3123 3209 3224 3282 Εἴη
3250 3210 3316 3268 ἃν
3334 3204 3427 3270 οὖν
3449 3213 3539 3271 τὸν
3570 3215 3746 3273 ἔποπα

2175 3296 2583 3367 ἐσκευοποιηκὼς
2610 3300 2715 3374 (sc.
2741 3301 2770 3354 ὁ
2793 3298 3098 3374 Φιλοκλῆς)
3131 3301 3198 3377 τῇ
3234 3300 3547 3359 Πανδιονίδι
3566 3326 3745 3383 τετρα·

2174 3382 2321 3460 λογίᾳ
2338 3430 2353 3455 ,
2372 3382 2436 3453 ἢν
2461 3383 2552 3441 καὶ
2589 3384 2943 3463 Ἀριστοτέλης
2970 3385 3025 3441 ἐν
3053 3385 3168 3450 ταῖς
3190 3387 3586 3456 Διδασκαλίαις
3607 3393 3738 3446 ἅνα-

2175 3469 2380 3549 γράφει.
2409 3465 2569 3529 Ἐστι
2599 3471 2653 3528 δὲ
2682 3475 2710 3528 δ
2738 3472 3009 3540 Φιλοκλῆς
3034 3470 3330 3551 τραγῳδίας
3365 3474 3594 3546 ποιητὴς
3611 3520 3627 3548 ,
3651 3476 3741 3533 καὶ

2177 3555 2522 3622 Φιλοπείθους
2551 3556 2656 3623 υἱὸς
2672 3556 2724 3624 ἐξ
2754 3557 3022 3635 Αἰσχύλου
3056 3558 3305 3638 ἀδελφῆς.

2169 3720 2220 3770 in
2245 3723 2630 3783 Pythionicarum
2656 3736 2853 3772 recensu
2869 3759 2884 3783 ,
2913 3724 3137 3773 Solonem
3168 3728 3425 3775 auctorem
3459 3727 3614 3787 buius
3633 3741 3740 3777 sen·

2167 3801 2329 3848 tentiae
2349 3799 2541 3849 faciens.
2563 3803 2670 3850 Non
2688 3802 2870 3863 tamen,
2907 3802 3041 3863 qnod
3062 3803 3334 3852 Euanthem
3366 3805 3621 3867 scripsisse
3655 3809 3741 3856 Sa·

2170 3876 2325 3924 mium
2353 3875 2639 3938 Hermippus
2668 3877 2764 3938 ait,
2787 3877 2888 3926 dux
2911 3878 3024 3926 huic
3042 3878 3169 3928 bello
3187 3880 3449 3941 praesectus
3469 3884 3545 3930 est
3570 3882 3738 3931 Solon.

2223 3988 2234 3995 ·
2859 3975 2962 4024 2⁸5
2982 3985 3040 4024 a.

2232 4069 2441 4118 Bulbus
2458 4067 2776 4118 obambulat.
2809 4072 2914 4119 Hoc
2936 4070 3246 4132 proverbium
3273 4076 3545 4133 usurpatur
3566 4074 3632 4122 de
3645 4076 3737 4123 ⁸10-

2166 4143 2274 4193 lidis
2290 4158 2349 4193 ac
2364 4143 2683 4206 simplicibus,
2705 4144 2768 4193 ab
2788 4145 2977 4194 athleta
3003 4145 3217 4207 quodam
3244 4147 3426 4208 Bouto,
3455 4148 3544 4208 qui
3563 4150 3735 4210 Pythia

2167 4220 2365 4282 vicerat,
2385 4221 2434 4269 et
2445 4232 2595 4283 quem
2608 4220 2885 4271 Aristoteles
2915 4234 3110 4284 quoque
3130 4222 3254 4271 inter
3273 4223 3490 4272 victores
3504 4229 3735 4274 recenset.

2849 4319 2954 4369 26⁵
2980 4313 3035 4368 b.

2226 4411 2502 4460 Secundum
2541 4413 2804 4462 Aristotelis
2851 4414 3242 4476 Pythionicarum
3293 4429 3551 4465 remensum
3609 4431 3733 4467 unus

2163 4489 2352 4539 Theron
2370 4490 2553 4552 pythiis
2573 4491 2705 4541 vicit.

2875 4575 2998 4625 266.

2224 4668 2501 4719 Aristoteles
2516 4670 2664 4719 etiam
2692 4670 2774 4732 iis,
2798 4672 2881 4732 qui
2914 4671 3249 4721 Panatlienaeis
3268 4674 3526 4734 vicissent,
3561 4676 3725 4724 oleum

2161 4760 2222 4796 ex
2235 4747 2354 4796 oleis
2373 4748 2518 4797 sacris
2540 4749 2823 4810 proveniens
2854 4749 2960 4798 dari
2989 4749 3154 4799 tradit.

2682 4868 3184 4928 DlDASCALIAE.

2871 4994 2996 5043 267.

2223 5087 2561 5137 Pandionidem
2585 5089 2883 5150 tetralogiam
2910 5089 3135 5139 Philoclis
3163 5094 3320 5153 poetae
3343 5090 3515 5153 tragici
3544 5090 3726 5141 Aristo-

2159 5167 2278 5216 teles
2294 5181 2488 5230 quoque
2509 5168 2559 5217 in
2587 5167 2866 5218 Didascaliis
2887 5172 3119 5218 recenset.
