3900 6042
750 620 829 634 .„
933 458 1819 597 CRATERUS
1923 456 2680 652 MACEDO.

260 984 535 1058 Phlegon
554 984 712 1057 (Μὶν.
734 982 830 1059 32)
853 1001 922 1038 ex
940 984 1170 1040 Cratero
1189 984 1456 1059 Antigoni
1476 942 1762 1058 (Gonatae)
1853 992 2292 1057 apponerentur,
2331 985 2551 1057 reliqua
2578 983 2823 1056 denique
2858 1002 2926 1039 ex
2959 982 3072 1039 fide
3107 986 3410 1040 historico-

158 1073 349 1146 regis
388 1071 563 1127 statre
596 1071 851 1125 mirabile
897 1070 1188 1143 quoddam
1229 1071 1393 1125 affert
1438 1069 1510 1126 de
1536 1072 1767 1126 bomine

160 1160 291 1231 qui
322 1160 446 1212 vitae
468 1176 615 1214 anno
638 1159 876 1231 septimo
906 1176 1075 1212 canus
1097 1175 1291 1226 senex,
1316 1159 1526 1213 relictis
1552 1159 1762 1226 liberis,

164 1245 355 1300 ‘viem
380 1264 704 1319 supremum
728 1245 933 1300 obierit
961 1245 976 1309 ί
998 1245 1067 1300 fr.
1109 1244 1177 1300 18
1198 1248 1235 1309 ).
1272 1245 1568 1315 Cujusnam
1596 1264 1769 1319 gene-

161 1334 262 1386 ris
296 1334 574 1404 scriptum
599 1332 711 1385 hoc
746 1349 779 1386 a
806 1331 1114 1405 Phlegonte
1157 1316 1445 1385 laudatum
1471 1332 1668 1399 suerit,
1699 1349 1767 1385 ex

162 1420 373 1474 unico
393 1420 489 1473 illo
510 1420 822 1492 fragmento
846 1437 964 1472 non
986 1420 1115 1473 satis
1135 1418 1337 1491 liquet.
1366 1419 1562 1491 Neque
1585 1418 1768 1472 aliun-

165 1506 261 1561 de
292 1504 374 1561 de
410 1507 641 1561 Cratero
669 1508 945 1579 scriptore
983 1508 1081 1579 qui
1111 1506 1379 1579 Antigoni
1412 1508 1561 1579 regis
1596 1505 1768 1560 frater

168 1593 402 1659 suerit,
439 1592 707 1647 traditum
743 1592 958 1665 aliquid
999 1593 1338 1665 accepimus.
1373 1592 1469 1646 Sin
1511 1591 1767 1646 Niebuh-

168 1682 353 1735 rium
373 1681 388 1753 (
409 1683 502 1736 ΚΖ.
534 1678 818 1750 Sclettften
844 1699 901 1753 p.
932 1678 1076 1754 225)
1101 1680 1322 1748 audias,
1350 1679 1520 1733 stater
1543 1679 1635 1733 ille
1660 1684 1766 1733 An·

170 1770 380 1842 tigoni
409 1768 561 1823 idem
589 1778 672 1823 est
705 1768 995 1836 Craterus,
1040 1767 1199 1839 cujus
1240 1763 1377 1841 Περὶ
1417 1763 1767 1843 ψηφισμάτων

174 1856 381 1910 libros
404 1856 494 1910 vel
524 1852 905 1933 Ψηφισμᾶτων
933 1850 1241 1929 συναγωγὴν
1270 1856 1466 1927 saepius
1489 1871 1770 1926 gramma-

173 1944 294 1998 tici
340 1944 604 1998 excitant.
657 1945 781 1999 Hoc
829 1961 1007 2016 quum
1045 1960 1230 2015 neque
1271 1940 1540 1996 affirmari
1583 1959 1768 2014 neque

172 2031 395 2102 negari
419 2031 623 2102 possit,
652 2031 711 2083 in
734 2028 923 2084 medio
949 2047 1054 2084 nos
1092 2029 1481 2101 relinquimus.
1509 2028 1666 2101 Opus
1692 2029 1767 2082 il-

176 2116 305 2170 lud
340 2114 472 2192 Περὶ
499 2113 849 2194 ψηφισμάτων
872 2117 1001 2170 satis
1028 2116 1279 2188 amplum
1302 2114 1427 2169 fuit.
1453 2114 1597 2169 Nam
1621 2132 1768 2188 prae-

176 2213 285 2258 ter
318 2203 528 2258 librum
556 2205 813 2273 tertium,
848 2204 948 2275 qui
970 2205 1030 2256 in
1057 2202 1194 2257 belli
1221 2201 1426 2275 Medici
1455 2202 1545 2257 vel
1578 2202 1638 2256 in
1669 2203 1767 2257 Ci-

174 2292 387 2345 monis
412 2290 765 2363 temporibus
793 2289 1143 2356 versabatur,
1173 2289 1389 2345 laudari
1417 2288 1673 2344 videmus
1695 2291 1767 2343 li-

176 2378 373 2434 brum
386 2396 602 2433 nonum
617 2418 632 2446 ,
653 2396 722 2433 ex
740 2396 864 2451 quo
879 2396 1007 2450 quae
1025 2378 1339 2432 afferuntur
1361 2376 1434 2431 ad
1456 2379 1767 2450 posteriora

180 2476 459 2539 tempora
508 2466 644 2520 belli
695 2465 1152 2539 Peloponnesiaci
1200 2466 1500 2537 pertinent.
1554 2465 1768 2536 Quodsi

178 2556 375 2628 igitur
388 2564 587 2608 auctor
599 2552 796 2609 eadem
822 2552 1081 2608 ubertate
1100 2552 1174 2607 ad
1186 2570 1343 2607 suam
1360 2570 1535 2625 usque
1553 2562 1768 2607 aetatem

179 2641 506 2696 scribendo
527 2658 856 2715 progressus
890 2650 999 2709 est,
1031 2637 1348 2713 pergrande
1380 2657 1523 2712 opus
1563 2640 1767 2694 condi-

185 2729 349 2784 disse
368 2729 559 2784 debet.
588 2728 962 2802 psephismata
980 2727 1097 2781 haec
1120 2727 1319 2800 populi
1347 2727 1767 2782 Atheniensium

184 2827 382 2875 erant.
412 2818 541 2871 Non
569 2818 757 2871 omnia
778 2825 967 2870 tamen
998 2832 1184 2887 neque
1214 2815 1625 2888 qualiacunque
1662 2815 1767 2870 de-

186 2915 356 2959 creta
385 2905 645 2959 Craterus
679 2904 994 2978 collegisse,
1026 2901 1127 2956 sed
1155 2901 1436 2956 delectum
1477 2902 1768 2957 instituisse

186 3009 405 3047 eornm
432 2991 717 3065 putandus
744 3000 856 3059 est,
883 3008 1008 3063 quae
1031 2989 1103 3043 ad
1129 2989 1422 3045 historiam
1445 2987 1769 3061 reipublicae

186 3079 655 3147 Atheniensium,
702 3079 818 3132 sive
868 3077 1408 3133 administrationem
1455 3076 1602 3150 ejus,
1653 3078 1768 3132 sive

186 3165 357 3220 bella
372 3174 426 3219 et
444 3163 676 3234 foedera,
699 3165 816 3219 sive
833 3163 1116 3218 clarorum
1133 3162 1243 3218 fata
1261 3164 1518 3218 virorum
1533 3174 1764 3238 spectes,

187 3253 476 3307 momenti
500 3252 734 3323 alicujus
760 3268 874 3306 esse
900 3258 1185 3324 poterant.
1215 3251 1346 3305 Haec
1371 3250 1571 3306 ordine
1600 3251 1770 3307 chro-

187 3340 470 3413 nologico
510 3349 799 3394 auctorem
828 3338 1193 3410 disposuisse,
1235 3346 1292 3391 et
1336 3336 1615 3393 addidisse
1643 3356 1768 3410 quae

188 3424 581 3500 intelligentiae
596 3444 796 3480 eorum
816 3426 1180 3493 inservirent,
1198 3434 1398 3497 sponte
1416 3425 1764 3499 intelligitur.

190 3516 401 3585 Neque
424 3532 559 3568 vero
585 3515 643 3567 in
660 3513 751 3568 his
773 3514 1037 3569 Craterus
1062 3530 1119 3566 se
1144 3513 1439 3566 continuit.
1466 3513 1608 3566 Nam
1630 3512 1767 3566 Plu-

193 3599 437 3655 tarchus
467 3600 729 3671 (Aristid.
761 3619 812 3655 c.
837 3599 940 3673 αδ)
959 3608 1257 3673 postquam
1280 3616 1351 3653 ex
1376 3598 1605 3653 Cratero
1622 3616 1770 3652 non-

192 3688 360 3744 nulla
378 3690 636 3762 apposuit
660 3688 732 3743 de
757 3687 1019 3741 Aristidis
1040 3684 1510 3740 condemnatione
1530 3684 1769 3758 satisque

193 3775 529 3848 postremis,
559 3772 719 3829 addit
745 3793 759 3827 :
791 3769 1008 3830 Τούτων
1033 3770 1081 3826 δ’
1109 3766 1254 3827 οὐδὲν
1281 3767 1534 3847 ἔγγραφον
1562 3770 1590 3823 ὁ
1619 3767 1767 3842 Κρά-

196 3880 355 3937 rupo<
382 3859 662 3936 τεκμήριον
702 3856 986 3937 παρέσχεν,
1014 3855 1131 3915 οὔτε
1162 3854 1307 3926 δίκην
1345 3854 1461 3913 οὔτε
1489 3852 1764 3934 ψήφισμα,

197 3944 398 4023 καίπερ
421 3944 610 4012 εἰωθὼς
632 3947 870 4010 ἐπιεικῶς
894 3943 1108 4025 γράφειν
1141 3943 1208 4000 τὰ
1229 3948 1443 4000 τοιαῦτα
1473 3942 1561 3999 καὶ
1589 3964 1734 4019 παρα
1749 3975 1766 3985 -

198 4031 438 4091 τίθεσθαι
477 4030 591 4098 τοὺς
618 4034 964 4112 ἱστοροῦντας.
1000 4032 1220 4105 Quibus
1249 4033 1436 4086 verbis
1459 4050 1636 4105 quum
1660 4031 1767 4085 du-

203 4122 372 4177 bium
394 4141 511 4176 non
528 4124 598 4176 sit
620 4121 857 4177 indicari
876 4120 1031 4176 illam
1053 4122 1227 4193 ipsam
1244 4115 1618 4195 Ψηφισμάτων
1643 4138 1766 4178 συν-

205 4204 442 4284 αγωγὴν,
471 4228 540 4265 ex
572 4229 683 4282 qua
728 4209 881 4265 idem
916 4209 1249 4266 Plutarchus
1284 4209 1340 4264 in
1375 4212 1621 4266 Cimonis
1648 4212 1770 4265 Vita

203 4292 500 4373 ἀντίγραφα
528 4296 792 4363 συνθηκῶν
828 4308 1235 4353 commemorat
1272 4318 1286 4351 ε
1314 4317 1383 4353 eo
1412 4297 1766 4363 deducimur,

202 4394 275 4437 ut
296 4383 587 4437 Craterum
610 4392 913 4439 statuamus
940 4387 1263 4439 continuam
1286 4385 1575 4438 historiam
1596 4385 1773 4439 Athe-

204 4469 484 4524 niensium
504 4472 520 4544 (
536 4489 652 4524 non
664 4471 733 4525 ab
753 4473 1147 4544 antiquissimis
1167 4471 1297 4526 inde
1310 4472 1527 4538 seculh,
1542 4472 1769 4544 opinor,

204 4555 311 4613 sed
338 4555 472 4611 inde
503 4576 536 4612 a
560 4557 916 4613 Medicorum
943 4558 1060 4614 fere
1081 4559 1365 4614 bellorum
1392 4554 1769 4630 temporibus)

208 4646 287 4698 ita
316 4645 692 4713 contexuisse,
719 4655 783 4699 ut
809 4641 876 4700 τὰ
905 4642 1219 4723 ψηφίσματα
1254 4648 1410 4718 quasi
1433 4645 1773 4700 fundamen-

209 4742 333 4785 tum
360 4733 545 4804 operis
568 4734 1003 4801 constituerent,
1035 4734 1107 4788 ab
1138 4735 1314 4805 iisque
1344 4734 1628 4805 inscriptio
1656 4732 1774 4801 ejus

210 4828 585 4889 repeteretur,
605 4817 809 4874 deinde
829 4837 966 4874 vero
988 4820 1155 4874 etiam
1178 4821 1284 4875 alia
1301 4829 1665 4874 monumenta
1675 4837 1775 4892 pu·

210 4905 390 4972 blica,
423 4923 546 4977 quae
568 4904 907 4962 illustrandae
938 4908 1178 4961 historiae
1202 4917 1377 4962 essent
1394 4947 1410 4975 ‚
1434 4908 1775 4962 verbotenus

1849 1089 2013 1140 rum,
2049 1090 2193 1144 quos
2217 1073 2550 1127 nominatim
2588 1072 2960 1145 utplurimum
2996 1082 3193 1127 auctor
3224 1074 3411 1127 intro·-

1853 1158 2097 1214 ducebat
2111 1201 2128 1231 ,
2179 1160 2594 1232 supplerentur.
2646 1190 2724 1200 —
2778 1161 3139 1232 Quantopere
3192 1160 3410 1232 jactura

1852 1245 2127 1316 ejusmodi
2158 1248 2344 1320 operis
2370 1245 2616 1301 dolenda
2643 1247 2742 1314 sit,
2768 1264 2885 1300 non
2909 1256 2988 1301 est
3015 1245 3174 1319 quod
3202 1247 3405 1304 dicam.

1850 1333 2052 1388 Nullus
2087 1352 2225 1388 vero
2254 1332 2456 1387 dubito
2488 1333 2626 1405 quin
2655 1332 2806 1386 haud
2832 1350 3010 1406 pauca
3044 1333 3117 1388 de
3151 1351 3220 1388 eo
3250 1353 3406 1391 com·
3459 1350 3478 1357 ·

1852 1430 2013 1493 perta
2029 1420 2381 1489 haberemus,
2399 1422 2442 1474 si
2458 1420 2751 1474 rhetorum
2771 1431 3239 1475 commentatores
3260 1440 3412 1494 quae-

1855 1525 2078 1582 cunque
2109 1525 2178 1561 ex
2217 1507 2450 1562 Cratero
2481 1508 2815 1574 hauserunt,
2846 1507 3012 1560 etiam
3038 1509 3266 1565 nomine
3295 1509 3413 1579 ejus

1854 1596 2118 1668 insignire
2160 1595 2481 1651 voluissent.
2525 1596 2670 1649 Nam
2710 1594 3152 1666 frequentissime
3189 1596 3313 1650 illos
3339 1597 3412 1651 ad

1854 1681 2070 1740 Crateri
2107 1682 2395 1736 thesauros
2435 1682 2718 1737 accessisse
2766 1681 3164 1748 consultantes,
3210 1683 3299 1736 vel
3345 1702 3416 1738 ex

1854 1771 2303 1842 Harpocratione
2336 1768 2441 1843 (fr.
2473 1767 2540 1842 8)
2573 1768 2830 1841 colligas,
2859 1770 2987 1841 qui,
3009 1769 3176 1824 allato
3201 1771 3413 1825 Demo-

1852 1858 2058 1913 sthenis
2079 1858 2207 1912 loco
2234 1857 2306 1913 de
2325 1858 2490 1931 pictis
2510 1859 2569 1910 in
2586 1857 2792 1912 Poecile
2815 1857 3204 1912 Plataeensibus
3229 1859 3414 1913 Mara-

1855 1944 2271 2012 thonomachis,
2300 1943 2588 2017 subjungit
2608 1943 2726 1998 haec
2756 1962 2770 1996 ι
2796 1939 2983 2005 Οὐδεὶς
3009 1944 3161 1998 τοῦτο
3180 1939 3410 2021 εἴρηκεν,

1854 2029 1969 2088 οὐδὲ
2003 2029 2264 2111 Κράτερος
2280 2032 2333 2088 ἐν
2354 2033 2419 2107 τῇ
2446 2032 2548 2087 τῶν
2574 2027 2953 2108 Ψηφισμάτων
2980 2033 3277 2108 συναγωγῇ.

1934 2122 2198 2177 Ceterum
2216 2120 2289 2176 ad
2313 2121 2482 2174 talem
2499 2129 3000 2189 monumentorum
3023 2118 3415 2174 collectionem

1855 2217 2011 2263 tanto
2049 2207 2320 2280 maiorem
2344 2207 2546 2279 judicii
2584 2208 2934 2261 severitatem
2970 2216 3026 2259 et
3059 2223 3295 2263 acumen
3321 2207 3413 2260 hi-

1854 2298 2092 2351 storicus
2124 2295 2327 2350 afferre
2363 2293 2561 2360 debet,
2598 2304 2811 2365 quanto
2840 2292 3056 2348 facilius
3088 2292 3321 2361 accidit,
3352 2304 3415 2347 ut

1854 2383 1985 2438 falsa
2011 2394 2065 2438 et
2085 2381 2433 2456 supposititia
2460 2398 2566 2453 pro
2589 2382 2735 2435 veris
2753 2391 2808 2435 et
2835 2381 3089 2453 genuinis
3115 2379 3415 2434 venditen-

1856 2479 1967 2527 tur.
1999 2470 2086 2524 Ab
2128 2487 2197 2527 eo
2234 2479 2421 2523 autem
2453 2467 2707 2541 periculo
2749 2485 2862 2521 non
2907 2468 3035 2521 satis
3062 2467 3164 2521 sibi
3211 2467 3415 2522 cavisse

1856 2557 2116 2615 Craterus
2162 2556 2407 2613 videtur.
2457 2556 2597 2609 Nam
2637 2550 2925 2630 ἀντίγραφα
2973 2553 3067 2609 illa
3110 2556 3406 2627 συνθηκῶν,

1855 2662 1994 2718 quas
2024 2645 2256 2700 Cimone
2282 2652 2513 2697 auctore
2557 2642 2916 2697 Athenienses
2956 2658 3085 2693 cum
3122 2642 3416 2696 Persarum

1853 2750 1987 2805 rege
2014 2731 2285 2805 pepigisse
2330 2730 2597 2785 dicuntur
2626 2724 2727 2805 (sr.
2756 2746 2786 2796 7
2815 2724 2870 2802 ),
2912 2728 3134 2782 nonnisi
3170 2746 3202 2782 e
3223 2730 3413 2801 spurio

1854 2830 2221 2874 monumento
2265 2818 2505 2873 describi
2551 2824 2833 2889 poterant.
2877 2816 3099 2870 Revera
3150 2817 3415 2871 exstitisse

1855 2898 2232 2953 adulterinum
2262 2897 2534 2969 ejusmodi
2564 2895 2969 2950 documentum
2991 2912 3023 2949 e
3045 2893 3413 2968 Theopompo

1856 2995 2091 3042 constat.
2143 2987 2331 3056 Quare
2371 2983 2511 3038 nihil
2540 2983 2719 3056 cogit,
2754 2999 2857 3036 cur
2892 2999 3022 3035 cum
3061 2980 3415 3037 Dahlmanno

1858 3073 2278 3147 (Fonchungen
2298 3069 2475 3144 aufd.
2505 3071 2730 3126 Gebiete
2741 3070 2800 3123 d.
2821 3067 3145 3123 Geschichce
3164 3069 3213 3140 1,
3226 3086 3281 3141 p.
3304 3074 3411 3141 90)

1855 3178 2174 3216 censeamus
2211 3161 2537 3226 Craterum,
2565 3158 2676 3213 seri
2709 3157 2809 3210 aevi
2837 3155 3158 3223 hominem,
3190 3154 3416 3209 decreta

1854 3267 1954 3304 sua
1977 3268 2007 3304 e
2033 3249 2328 3304 rhetorum
2350 3258 2406 3301 et
2428 3247 2829 3301 historicorum
2855 3243 3074 3316 scriptis
3101 3242 3410 3315 collegisse.

1854 3335 2025 3407 Quod
2065 3332 2270 3389 deinde
2306 3352 2371 3388 ea
2402 3335 2597 3388 attinet
2623 3350 2749 3404 qupe
2779 3349 2893 3385 non
2919 3348 2987 3385 ex
3014 3341 3416 3383 monumento·-

1854 3441 1984 3477 rum
2020 3420 2133 3477 fide
2156 3420 2255 3476 sed
2289 3438 2358 3475 ex
2391 3420 2723 3475 auctoritate
2757 3418 3156 3471 historicorum
3192 3417 3412 3485 attulit,

1855 3511 2022 3564 etiam
2045 3510 2101 3562 in
2122 3508 2208 3563 his
2223 3526 2339 3563 non
2364 3507 2592 3581 optimis
2614 3522 2831 3578 semper
2848 3524 2905 3559 se
2924 3503 3156 3559 testibus
3173 3502 3409 3558 addixit.

1856 3596 1924 3650 Id
1947 3595 2106 3668 quod
2133 3597 2456 3650 narratione
2483 3595 2580 3649 illa
2602 3594 2675 3649 de
2707 3592 2962 3648 Aristidis
2988 3600 3170 3646 morte
3203 3591 3304 3663 (fr.
3338 3591 3372 3645 6
3394 3590 3411 3665 )

1854 3684 1982 3736 satis
1997 3682 2421 3755 comprobatur.

2134 3819 2661 3880 ΨΗΦΙΣΜΑΤΩΝ
2708 3792 3129 3877 ΣΥΝΑΜΓΗ.

2332 3954 2377 4007 r.
2411 3952 2636 4007 Lumo
2675 3952 2966 4010 uzano,

2612 4106 2661 4144 1.

1936 4206 2246 4279 Stephanus
2259 4206 2390 4276 Byz.
2423 4220 2438 4255 ε
2461 4197 2702 4277 Καρήνη,
2718 4193 2864 4257 πόλις
2891 4191 3118 4258 Μυσίας.
3138 4191 3415 4269 Ἡρόδοτος

1858 4290 2075 4370 ἑὸδόμῃ.
2112 4291 2189 4351 Τὸ
2219 4288 2413 4349 ἐθνικὸν
2447 4285 2773 4367 Καρηναῖος,
2801 4285 2871 4349 ὥς
2903 4280 3168 4359 Κράτερος
3189 4281 3239 4358 γ’
3282 4278 3415 4359 Περὶ

1860 4378 2213 4460 ψηφισμάτων
2231 4400 2287 4429 ···
2313 4378 2546 4455 Γρυνεῖς,
2569 4370 2875 4444 nutantes,
2908 4370 3217 4446 Καρηναῐοι.
3256 4393 3279 4417 n
3299 4371 3415 4425 He—

1808 4448 1821 4469 ⁸
1858 4470 2097 4525 rodotus
2123 4470 2258 4537 vll,
2285 4475 2357 4533 42
2389 4462 2620 4542 Καρίνην
2665 4462 2802 4535 (sic;
2833 4478 2949 4513 non
2978 4454 3261 4534 Καρήνην)
3293 4474 3413 4511 me—

1858 4568 2043 4612 morat
2085 4558 2141 4609 in
2185 4553 2558 4627 descriptione
2585 4550 2824 4617 itineris,
2865 4565 2984 4619 quo
3025 4546 3245 4600 Xerxes
3286 4560 3414 4595 cum

1859 4646 2109 4700 exercitu
2142 4640 2410 4699 Sardibus
2429 4636 2692 4711 Abydum
2722 4633 2920 4689 tendit.
2946 4633 3159 4690 Crateri
3184 4647 3415 4704 quoque

1861 4734 2017 4786 locus
2070 4730 2144 4785 ad
2188 4740 2444 4800 tempora
2505 4724 2640 4779 belli
2680 4721 2886 4776 Medici
2926 4719 3280 4793 pertinuerit.
3322 4715 3405 4770 cf.

1860 4828 2044 4873 tamen
2065 4827 2183 4870 not.
2208 4816 2278 4870 ad
2305 4816 2373 4872 sr.
2399 4832 2452 4870 α.
2481 4811 2648 4885 Apud
2675 4810 2915 4865 Plinium
2935 4808 3005 4863 H.
3034 4807 3103 4860 N.
3128 4809 3191 4871 V,
3216 4803 3271 4870 3,
3301 4822 3408 4856 122

1866 4907 2084 4961 Carene
2113 4911 2432 4959 recensetur
2459 4902 2605 4955 inter
2627 4896 2795 4951 urbes
2818 4912 2942 4967 quae
2965 4892 3367 4948 interciderint.

1310 5073 1511 5133 DECR
1524 5072 1715 5131 ETOR
1726 5073 1836 5132 ΠΜ
1880 5073 1979 5131 CO
1991 5071 2322 5130 LLECTlO.

278 5284 464 5330 Carene
479 5315 493 5339 ,
511 5280 625 5329 urbs
647 5280 829 5340 Mys-iar.
853 5280 1042 5330 Gentile
1060 5283 1337 5342 Careuaeus,
1356 5283 1409 5330 ut
1429 5284 1654 5331 Craterus
1685 5279 1807 5330 libro
1828 5279 1970 5331 tertio
1990 5281 2059 5329 Dc
2080 5278 2281 5328 decretis
2304 5298 2314 5327 :
2339 5297 2360 5319 «
2376 5281 2644 5340 Gry-nenses
2666 5280 2861 5328 Pitana-i
2879 5314 2893 5338 ,
2918 5277 3154 5327 Carenaei.
3182 5296 3203 5319 υ
