<?xml version="1.0" encoding="UTF-8"?>
<!DOCTYPE html PUBLIC "-//W3C//DTD XHTML 1.0 Transitional//EN"
    "http://www.w3.org/TR/xhtml1/DTD/xhtml1-transitional.dtd">
<html xmlns="http://www.w3.org/1999/xhtml" xml:lang="en" lang="en">
 <head>
  <title>
</title>
<meta http-equiv="Content-Type" content="text/html;charset=utf-8" />
  <meta name='ocr-system' content='tesseract 3.04.00' />
  <meta name='ocr-capabilities' content='ocr_page ocr_carea ocr_par ocr_line ocrx_word'/>
</head>
<body>
  <div class='ocr_page' id='page_1' title='image "./fragmentahistor03unkngoog_0570.png"; bbox 0 0 3900 6042; ppageno 0'>
   <div class='ocr_carea' id='block_1_1' title="bbox 1640 468 2130 529">
    <p class='ocr_par' dir='ltr' id='par_1_1' title="bbox 1640 468 2130 529">
     <span class='ocr_line' id='line_1_1' title="bbox 1640 468 2130 529; baseline 0.002 -3"><span class='ocrx_word' id='word_1_1' title='bbox 1640 468 2130 529; x_wconf 72' lang='lat' dir='ltr'><strong>FRAGMENTA.</strong></span> 
     </span>
    </p>
   </div>
   <div class='ocr_carea' id='block_1_2' title="bbox 3321 483 3432 533">
    <p class='ocr_par' dir='ltr' id='par_1_2' title="bbox 3321 483 3432 533">
     <span class='ocr_line' id='line_1_2' title="bbox 3321 483 3432 533; baseline 0.018 -2"><span class='ocrx_word' id='word_1_2' title='bbox 3321 483 3432 533; x_wconf 75' lang='lat'>515</span> 
     </span>
    </p>
   </div>
   <div class='ocr_carea' id='block_1_3' title="bbox 232 584 3446 664">
    <p class='ocr_par' dir='ltr' id='par_1_3' title="bbox 232 584 3446 664">
     <span class='ocr_line' id='line_1_3' title="bbox 232 584 3446 664; baseline 0.002 -20"><span class='ocrx_word' id='word_1_3' title='bbox 232 609 435 664; x_wconf 85' lang='lat' dir='ltr'>regum</span> <span class='ocrx_word' id='word_1_4' title='bbox 458 590 757 645; x_wconf 83' lang='lat' dir='ltr'>laterculos</span> <span class='ocrx_word' id='word_1_5' title='bbox 781 591 837 642; x_wconf 90' lang='lat' dir='ltr'>in</span> <span class='ocrx_word' id='word_1_6' title='bbox 868 584 1224 645; x_wconf 74' lang='grc' dir='ltr'>Πεντάὸιὸλον</span> <span class='ocrx_word' id='word_1_7' title='bbox 1251 606 1403 642; x_wconf 89' lang='lat' dir='ltr'>suam</span> <span class='ocrx_word' id='word_1_8' title='bbox 1424 628 1439 654; x_wconf 91' lang='lat'>,</span> <span class='ocrx_word' id='word_1_9' title='bbox 1467 607 1609 660; x_wconf 90' lang='lat' dir='ltr'>opus</span> <span class='ocrx_word' id='word_1_10' title='bbox 1644 609 1794 644; x_wconf 89' lang='lat' dir='ltr'>nunc</span> <span class='ocrx_word' id='word_1_11' title='bbox 1898 592 2347 664; x_wconf 85' lang='lat' dir='ltr'>thonianioperis</span> <span class='ocrx_word' id='word_1_12' title='bbox 2370 593 2691 646; x_wconf 79' lang='lat' dir='ltr'>recensione</span> <span class='ocrx_word' id='word_1_13' title='bbox 2720 592 3056 664; x_wconf 86' lang='lat' dir='ltr'>deprompta</span> <span class='ocrx_word' id='word_1_14' title='bbox 3087 610 3198 645; x_wconf 72' lang='lat' dir='ltr'>esse</span> <span class='ocrx_word' id='word_1_15' title='bbox 3219 593 3446 650; x_wconf 79' lang='lat' dir='ltr'>debent.</span> 
     </span>
    </p>
   </div>
   <div class='ocr_carea' id='block_1_4' title="bbox 226 675 1804 5012">
    <p class='ocr_par' dir='ltr' id='par_1_4' title="bbox 227 675 1804 2486">
     <span class='ocr_line' id='line_1_4' title="bbox 231 675 1801 750; baseline -0.001 -19"><span class='ocrx_word' id='word_1_16' title='bbox 231 677 633 750; x_wconf 82' lang='lat' dir='ltr'>deperditum,</span> <span class='ocrx_word' id='word_1_17' title='bbox 656 687 965 749; x_wconf 83' lang='lat' dir='ltr'>receperat.</span> <span class='ocrx_word' id='word_1_18' title='bbox 993 677 1138 731; x_wconf 85' lang='lat' dir='ltr'>Hinc</span> <span class='ocrx_word' id='word_1_19' title='bbox 1167 675 1457 747; x_wconf 73' lang='lat' dir='ltr'>dynastias</span> <span class='ocrx_word' id='word_1_20' title='bbox 1479 678 1801 731; x_wconf 81' lang='lat' dir='ltr'><strong>mortalium</strong></span> 
     </span>
     <span class='ocr_line' id='line_1_5' title="bbox 228 762 1801 837; baseline 0 -20"><span class='ocrx_word' id='word_1_21' title='bbox 228 764 371 819; x_wconf 86' lang='lat' dir='ltr'>inde</span> <span class='ocrx_word' id='word_1_22' title='bbox 399 783 433 820; x_wconf 91' lang='lat' dir='ltr'>a</span> <span class='ocrx_word' id='word_1_23' title='bbox 458 766 624 819; x_wconf 83' lang='lat' dir='ltr'>Mene</span> <span class='ocrx_word' id='word_1_24' title='bbox 645 782 776 837; x_wconf 86' lang='lat' dir='ltr'>rege</span> <span class='ocrx_word' id='word_1_25' title='bbox 803 762 1093 835; x_wconf 79' lang='lat' dir='ltr'>Syncellus</span> <span class='ocrx_word' id='word_1_26' title='bbox 1114 763 1175 816; x_wconf 89' lang='lat' dir='ltr'>in</span> <span class='ocrx_word' id='word_1_27' title='bbox 1199 762 1475 817; x_wconf 88' lang='lat' dir='ltr'>Chronica</span> <span class='ocrx_word' id='word_1_28' title='bbox 1511 781 1607 817; x_wconf 88' lang='lat' dir='ltr'>sua</span> <span class='ocrx_word' id='word_1_29' title='bbox 1648 774 1801 817; x_wconf 87' lang='lat' dir='ltr'>tran-</span> 
     </span>
     <span class='ocr_line' id='line_1_6' title="bbox 227 848 1799 925; baseline -0.003 -19"><span class='ocrx_word' id='word_1_30' title='bbox 227 853 493 925; x_wconf 77' lang='lat' dir='ltr'>scripsit3</span> <span class='ocrx_word' id='word_1_31' title='bbox 518 851 691 924; x_wconf 90' lang='lat' dir='ltr'>idque</span> <span class='ocrx_word' id='word_1_32' title='bbox 714 850 904 905; x_wconf 86' lang='lat' dir='ltr'>fecisse</span> <span class='ocrx_word' id='word_1_33' title='bbox 925 848 1209 923; x_wconf 88' lang='lat' dir='ltr'>putandus</span> <span class='ocrx_word' id='word_1_34' title='bbox 1226 858 1306 903; x_wconf 89' lang='lat' dir='ltr'>est</span> <span class='ocrx_word' id='word_1_35' title='bbox 1334 848 1531 904; x_wconf 89' lang='lat' dir='ltr'>eadem</span> <span class='ocrx_word' id='word_1_36' title='bbox 1559 868 1687 903; x_wconf 91' lang='lat' dir='ltr'>cum</span> <span class='ocrx_word' id='word_1_37' title='bbox 1709 849 1799 903; x_wconf 88' lang='lat' dir='ltr'>di-</span> 
     </span>
     <span class='ocr_line' id='line_1_7' title="bbox 231 935 1804 1012; baseline -0.001 -20"><span class='ocrx_word' id='word_1_38' title='bbox 231 939 499 1012; x_wconf 82' lang='lat' dir='ltr'>ligentia,</span> <span class='ocrx_word' id='word_1_39' title='bbox 525 957 697 1012; x_wconf 85' lang='lat' dir='ltr'>quam</span> <span class='ocrx_word' id='word_1_40' title='bbox 750 939 809 991; x_wconf 89' lang='lat' dir='ltr'>in</span> <span class='ocrx_word' id='word_1_41' title='bbox 839 936 1063 991; x_wconf 85' lang='lat' dir='ltr'>Eusebii</span> <span class='ocrx_word' id='word_1_42' title='bbox 1104 936 1384 991; x_wconf 88' lang='lat' dir='ltr'>laterculis</span> <span class='ocrx_word' id='word_1_43' title='bbox 1424 935 1804 991; x_wconf 81' lang='lat' dir='ltr'>exscribendis</span> 
     </span>
     <span class='ocr_line' id='line_1_8' title="bbox 231 1021 1804 1095; baseline -0.003 -15"><span class='ocrx_word' id='word_1_44' title='bbox 231 1025 521 1083; x_wconf 81' lang='lat' dir='ltr'><strong>adhibuit.</strong></span> <span class='ocrx_word' id='word_1_45' title='bbox 552 1026 849 1081; x_wconf 85' lang='lat' dir='ltr'>Africanus</span> <span class='ocrx_word' id='word_1_46' title='bbox 883 1042 1019 1079; x_wconf 82' lang='lat' dir='ltr'>vero</span> <span class='ocrx_word' id='word_1_47' title='bbox 1064 1042 1201 1078; x_wconf 88' lang='lat' dir='ltr'>num</span> <span class='ocrx_word' id='word_1_48' title='bbox 1233 1024 1407 1095; x_wconf 88' lang='lat' dir='ltr'>ipsius</span> <span class='ocrx_word' id='word_1_49' title='bbox 1453 1021 1804 1082; x_wconf 85' lang='lat' dir='ltr'>Manethonis</span> 
     </span>
     <span class='ocr_line' id='line_1_9' title="bbox 232 1109 1801 1185; baseline 0 -21"><span class='ocrx_word' id='word_1_50' title='bbox 232 1131 385 1185; x_wconf 90' lang='lat' dir='ltr'>opus</span> <span class='ocrx_word' id='word_1_51' title='bbox 406 1123 535 1168; x_wconf 86' lang='lat' dir='ltr'>ante</span> <span class='ocrx_word' id='word_1_52' title='bbox 554 1112 751 1167; x_wconf 89' lang='lat' dir='ltr'>oculos</span> <span class='ocrx_word' id='word_1_53' title='bbox 767 1110 1048 1177; x_wconf 86' lang='lat' dir='ltr'>habuerit,</span> <span class='ocrx_word' id='word_1_54' title='bbox 1062 1128 1136 1164; x_wconf 91' lang='lat' dir='ltr'>an</span> <span class='ocrx_word' id='word_1_55' title='bbox 1152 1127 1256 1183; x_wconf 90' lang='lat' dir='ltr'>per</span> <span class='ocrx_word' id='word_1_56' title='bbox 1279 1109 1565 1164; x_wconf 84' lang='lat' dir='ltr'>traducem</span> <span class='ocrx_word' id='word_1_57' title='bbox 1588 1128 1684 1164; x_wconf 88' lang='lat' dir='ltr'>sua</span> <span class='ocrx_word' id='word_1_58' title='bbox 1708 1129 1801 1164; x_wconf 90' lang='lat' dir='ltr'>ac-</span> 
     </span>
     <span class='ocr_line' id='line_1_10' title="bbox 234 1196 1796 1271; baseline -0.001 -19"><span class='ocrx_word' id='word_1_59' title='bbox 234 1200 485 1271; x_wconf 85' lang='lat' dir='ltr'>ceperit,</span> <span class='ocrx_word' id='word_1_60' title='bbox 512 1216 633 1251; x_wconf 88' lang='lat' dir='ltr'>uon</span> <span class='ocrx_word' id='word_1_61' title='bbox 660 1197 939 1264; x_wconf 88' lang='lat' dir='ltr'>disceruo;</span> <span class='ocrx_word' id='word_1_62' title='bbox 962 1214 1301 1268; x_wconf 86' lang='lat' dir='ltr'>quamquam</span> <span class='ocrx_word' id='word_1_63' title='bbox 1325 1196 1435 1251; x_wconf 89' lang='lat' dir='ltr'>hoc</span> <span class='ocrx_word' id='word_1_64' title='bbox 1458 1198 1637 1250; x_wconf 90' lang='lat' dir='ltr'>multo</span> <span class='ocrx_word' id='word_1_65' title='bbox 1657 1216 1796 1270; x_wconf 89' lang='lat' dir='ltr'>pro·</span> 
     </span>
     <span class='ocr_line' id='line_1_11' title="bbox 232 1283 1798 1355; baseline -0.001 -17"><span class='ocrx_word' id='word_1_66' title='bbox 232 1284 484 1339; x_wconf 82' lang='lat' dir='ltr'>habilius</span> <span class='ocrx_word' id='word_1_67' title='bbox 506 1303 620 1339; x_wconf 86' lang='lat' dir='ltr'>esse</span> <span class='ocrx_word' id='word_1_68' title='bbox 654 1283 899 1338; x_wconf 73' lang='lat' dir='ltr'>videtur.</span> <span class='ocrx_word' id='word_1_69' title='bbox 924 1284 1005 1338; x_wconf 88' lang='lat' dir='ltr'>Ut</span> <span class='ocrx_word' id='word_1_70' title='bbox 1029 1293 1094 1337; x_wconf 87' lang='lat' dir='ltr'>ut</span> <span class='ocrx_word' id='word_1_71' title='bbox 1120 1292 1234 1349; x_wconf 88' lang='lat' dir='ltr'>est,</span> <span class='ocrx_word' id='word_1_72' title='bbox 1257 1299 1383 1354; x_wconf 79' lang='lat' dir='ltr'>quae</span> <span class='ocrx_word' id='word_1_73' title='bbox 1405 1285 1621 1355; x_wconf 87' lang='lat' dir='ltr'>accepit</span> <span class='ocrx_word' id='word_1_74' title='bbox 1646 1283 1798 1338; x_wconf 84' lang='lat' dir='ltr'>Afri-</span> 
     </span>
     <span class='ocr_line' id='line_1_12' title="bbox 229 1368 1798 1443; baseline -0.001 -17"><span class='ocrx_word' id='word_1_75' title='bbox 229 1390 440 1440; x_wconf 77' lang='lat' dir='ltr'>canus,</span> <span class='ocrx_word' id='word_1_76' title='bbox 470 1389 535 1426; x_wconf 87' lang='lat' dir='ltr'>ea</span> <span class='ocrx_word' id='word_1_77' title='bbox 557 1369 800 1425; x_wconf 86' lang='lat' dir='ltr'>fideliter</span> <span class='ocrx_word' id='word_1_78' title='bbox 836 1368 1170 1425; x_wconf 80' lang='lat' dir='ltr'>reddiderit.</span> <span class='ocrx_word' id='word_1_79' title='bbox 1222 1370 1364 1422; x_wconf 85' lang='lat' dir='ltr'>Nam</span> <span class='ocrx_word' id='word_1_80' title='bbox 1401 1369 1497 1423; x_wconf 90' lang='lat' dir='ltr'>ubi</span> <span class='ocrx_word' id='word_1_81' title='bbox 1537 1371 1798 1443; x_wconf 77' lang='lat' dir='ltr'>AEgyptia</span> 
     </span>
     <span class='ocr_line' id='line_1_13' title="bbox 230 1455 1795 1531; baseline -0.001 -19"><span class='ocrx_word' id='word_1_82' title='bbox 230 1460 388 1514; x_wconf 84' lang='lat' dir='ltr'>Man.</span> <span class='ocrx_word' id='word_1_83' title='bbox 422 1458 792 1531; x_wconf 84' lang='lat' dir='ltr'>chronologia</span> <span class='ocrx_word' id='word_1_84' title='bbox 818 1476 947 1512; x_wconf 90' lang='lat' dir='ltr'>cum</span> <span class='ocrx_word' id='word_1_85' title='bbox 975 1455 1209 1511; x_wconf 85' lang='lat' dir='ltr'>Judaica</span> <span class='ocrx_word' id='word_1_86' title='bbox 1245 1456 1534 1511; x_wconf 87' lang='lat' dir='ltr'>conciliari</span> <span class='ocrx_word' id='word_1_87' title='bbox 1570 1458 1795 1529; x_wconf 88' lang='lat' dir='ltr'>nequit,</span> 
     </span>
     <span class='ocr_line' id='line_1_14' title="bbox 232 1543 1791 1616; baseline 0 -18"><span class='ocrx_word' id='word_1_88' title='bbox 232 1546 319 1599; x_wconf 90' lang='lat' dir='ltr'>ibi</span> <span class='ocrx_word' id='word_1_89' title='bbox 341 1564 607 1601; x_wconf 89' lang='lat' dir='ltr'>numeros</span> <span class='ocrx_word' id='word_1_90' title='bbox 626 1565 744 1601; x_wconf 89' lang='lat' dir='ltr'>uon</span> <span class='ocrx_word' id='word_1_91' title='bbox 774 1545 847 1600; x_wconf 90' lang='lat' dir='ltr'>ad</span> <span class='ocrx_word' id='word_1_92' title='bbox 868 1563 994 1600; x_wconf 90' lang='lat' dir='ltr'>suas</span> <span class='ocrx_word' id='word_1_93' title='bbox 1007 1544 1178 1616; x_wconf 89' lang='lat' dir='ltr'>ipsius</span> <span class='ocrx_word' id='word_1_94' title='bbox 1199 1544 1443 1597; x_wconf 88' lang='lat' dir='ltr'>rationes</span> <span class='ocrx_word' id='word_1_95' title='bbox 1467 1543 1791 1616; x_wconf 82' lang='lat' dir='ltr'>detorquet,</span> 
     </span>
     <span class='ocr_line' id='line_1_15' title="bbox 230 1628 1792 1704; baseline 0.001 -18"><span class='ocrx_word' id='word_1_96' title='bbox 230 1632 337 1686; x_wconf 85' lang='lat' dir='ltr'>sed</span> <span class='ocrx_word' id='word_1_97' title='bbox 377 1633 683 1688; x_wconf 80' lang='lat' dir='ltr'>dissensum</span> <span class='ocrx_word' id='word_1_98' title='bbox 728 1632 935 1688; x_wconf 82' lang='lat' dir='ltr'>fatetur</span> <span class='ocrx_word' id='word_1_99' title='bbox 959 1632 1202 1704; x_wconf 89' lang='lat' dir='ltr'>ingenue</span> <span class='ocrx_word' id='word_1_100' title='bbox 1244 1628 1350 1703; x_wconf 91' lang='lat' dir='ltr'>(V.</span> <span class='ocrx_word' id='word_1_101' title='bbox 1382 1641 1500 1686; x_wconf 89' lang='lat' dir='ltr'>not.</span> <span class='ocrx_word' id='word_1_102' title='bbox 1537 1630 1609 1685; x_wconf 88' lang='lat' dir='ltr'>ad</span> <span class='ocrx_word' id='word_1_103' title='bbox 1657 1630 1792 1703; x_wconf 79' lang='lat' dir='ltr'>dyn.</span> 
     </span>
     <span class='ocr_line' id='line_1_16' title="bbox 232 1716 1800 1792; baseline -0.002 -18"><span class='ocrx_word' id='word_1_104' title='bbox 232 1720 717 1789; x_wconf 76' lang='lat' dir='ltr'>xvl11313oeckh.</span> <span class='ocrx_word' id='word_1_105' title='bbox 752 1738 811 1792; x_wconf 88' lang='lat' dir='ltr'>p.</span> <span class='ocrx_word' id='word_1_106' title='bbox 849 1716 1253 1787; x_wconf 75' lang='lat' dir='ltr'>115313unsen.</span> <span class='ocrx_word' id='word_1_107' title='bbox 1283 1719 1340 1784; x_wconf 90' lang='lat'>1,</span> <span class='ocrx_word' id='word_1_108' title='bbox 1369 1735 1429 1790; x_wconf 88' lang='lat' dir='ltr'>p.</span> <span class='ocrx_word' id='word_1_109' title='bbox 1459 1716 1623 1791; x_wconf 70' lang='lat'>245).</span> <span class='ocrx_word' id='word_1_110' title='bbox 1656 1717 1800 1772; x_wconf 86' lang='lat' dir='ltr'>Afri-</span> 
     </span>
     <span class='ocr_line' id='line_1_17' title="bbox 232 1802 1796 1879; baseline -0.001 -20"><span class='ocrx_word' id='word_1_111' title='bbox 232 1825 411 1860; x_wconf 81' lang='lat' dir='ltr'>canus</span> <span class='ocrx_word' id='word_1_112' title='bbox 455 1817 642 1862; x_wconf 88' lang='lat' dir='ltr'>autem</span> <span class='ocrx_word' id='word_1_113' title='bbox 670 1824 702 1862; x_wconf 89' lang='lat' dir='ltr'>a</span> <span class='ocrx_word' id='word_1_114' title='bbox 727 1806 975 1879; x_wconf 84' lang='lat' dir='ltr'>Josepbo</span> <span class='ocrx_word' id='word_1_115' title='bbox 1010 1804 1250 1858; x_wconf 89' lang='lat' dir='ltr'>multum</span> <span class='ocrx_word' id='word_1_116' title='bbox 1286 1802 1584 1877; x_wconf 82' lang='lat' dir='ltr'>discrepat.</span> <span class='ocrx_word' id='word_1_117' title='bbox 1616 1806 1796 1877; x_wconf 82' lang='lat' dir='ltr'>Igitur</span> 
     </span>
     <span class='ocr_line' id='line_1_18' title="bbox 229 1891 1797 1964; baseline 0 -19"><span class='ocrx_word' id='word_1_118' title='bbox 229 1892 343 1946; x_wconf 85' lang='lat' dir='ltr'>alia</span> <span class='ocrx_word' id='word_1_119' title='bbox 366 1892 786 1947; x_wconf 81' lang='lat' dir='ltr'>Manethoniani</span> <span class='ocrx_word' id='word_1_120' title='bbox 807 1892 992 1964; x_wconf 88' lang='lat' dir='ltr'>operis</span> <span class='ocrx_word' id='word_1_121' title='bbox 1003 1891 1329 1945; x_wconf 87' lang='lat' dir='ltr'>recensione</span> <span class='ocrx_word' id='word_1_122' title='bbox 1346 1907 1476 1943; x_wconf 85' lang='lat' dir='ltr'>usus</span> <span class='ocrx_word' id='word_1_123' title='bbox 1494 1901 1593 1946; x_wconf 88' lang='lat' dir='ltr'>est.</span> <span class='ocrx_word' id='word_1_124' title='bbox 1617 1891 1797 1945; x_wconf 89' lang='lat' dir='ltr'>Porro</span> 
     </span>
     <span class='ocr_line' id='line_1_19' title="bbox 228 1975 1792 2052; baseline 0.002 -22"><span class='ocrx_word' id='word_1_125' title='bbox 228 1979 276 2031; x_wconf 88' lang='lat' dir='ltr'>si</span> <span class='ocrx_word' id='word_1_126' title='bbox 311 1990 463 2034; x_wconf 89' lang='lat' dir='ltr'>recte</span> <span class='ocrx_word' id='word_1_127' title='bbox 502 1980 713 2035; x_wconf 88' lang='lat' dir='ltr'>habent</span> <span class='ocrx_word' id='word_1_128' title='bbox 755 1978 930 2034; x_wconf 76' lang='lat' dir='ltr'>verba</span> <span class='ocrx_word' id='word_1_129' title='bbox 973 1978 1216 2051; x_wconf 78' lang='lat' dir='ltr'>Syncelli</span> <span class='ocrx_word' id='word_1_130' title='bbox 1248 1995 1307 2049; x_wconf 87' lang='lat' dir='ltr'>p.</span> <span class='ocrx_word' id='word_1_131' title='bbox 1355 1975 1426 2041; x_wconf 69' lang='lat'>54</span> <span class='ocrx_word' id='word_1_132' title='bbox 1463 1975 1548 2050; x_wconf 82' lang='lat' dir='ltr'>(v.</span> <span class='ocrx_word' id='word_1_133' title='bbox 1579 1976 1650 2034; x_wconf 83' lang='lat' dir='ltr'>fr.</span> <span class='ocrx_word' id='word_1_134' title='bbox 1678 1976 1743 2052; x_wconf 88' lang='lat'>8)</span> <span class='ocrx_word' id='word_1_135' title='bbox 1780 1998 1792 2033; x_wconf 90' lang='lat'>:</span> 
     </span>
     <span class='ocr_line' id='line_1_20' title="bbox 230 2059 1795 2143; baseline 0 -22"><span class='ocrx_word' id='word_1_136' title='bbox 230 2062 410 2138; x_wconf 76' lang='grc' dir='ltr'>Ὁμοῦ</span> <span class='ocrx_word' id='word_1_137' title='bbox 436 2063 649 2140; x_wconf 84' lang='grc' dir='ltr'><strong>πρώτης</strong></span> <span class='ocrx_word' id='word_1_138' title='bbox 684 2063 776 2122; x_wconf 81' lang='grc' dir='ltr'>καὶ</span> <span class='ocrx_word' id='word_1_139' title='bbox 804 2062 1044 2142; x_wconf 79' lang='grc' dir='ltr'>δευτέρας</span> <span class='ocrx_word' id='word_1_140' title='bbox 1089 2059 1390 2126; x_wconf 80' lang='grc' dir='ltr'>δυναστείας</span> <span class='ocrx_word' id='word_1_141' title='bbox 1417 2059 1508 2133; x_wconf 66' lang='grc' dir='ltr'>ἔτι]</span> <span class='ocrx_word' id='word_1_142' title='bbox 1528 2062 1636 2143; x_wconf 73' lang='grc' dir='ltr'>φνε’</span> <span class='ocrx_word' id='word_1_143' title='bbox 1659 2064 1795 2141; x_wconf 68' lang='lat' dir='ltr'>(sss)</span> 
     </span>
     <span class='ocr_line' id='line_1_21' title="bbox 230 2147 1798 2230; baseline 0.001 -24"><span class='ocrx_word' id='word_1_144' title='bbox 230 2148 402 2208; x_wconf 73' lang='grc' dir='ltr'>κατὰ</span> <span class='ocrx_word' id='word_1_145' title='bbox 427 2150 541 2223; x_wconf 72' lang='grc' dir='ltr'>’τὴ-ν</span> <span class='ocrx_word' id='word_1_146' title='bbox 571 2150 882 2230; x_wconf 76' lang='grc' dir='ltr'>δευτέραν</span> <span class='ocrx_word' id='word_1_147' title='bbox 916 2149 1170 2208; x_wconf 71' lang='grc' dir='ltr'>ἔκδοσιν</span> <span class='ocrx_word' id='word_1_148' title='bbox 1201 2147 1635 2227; x_wconf 78' lang='grc' dir='ltr'>Ἀφρικανοῦ,</span> <span class='ocrx_word' id='word_1_149' title='bbox 1673 2152 1798 2207; x_wconf 76' lang='lat' dir='ltr'>duae</span> 
     </span>
     <span class='ocr_line' id='line_1_22' title="bbox 236 2233 1798 2307; baseline 0.002 -16"><span class='ocrx_word' id='word_1_150' title='bbox 236 2239 468 2294; x_wconf 80' lang='lat' dir='ltr'>fuissent</span> <span class='ocrx_word' id='word_1_151' title='bbox 512 2240 787 2296; x_wconf 84' lang='lat' dir='ltr'>editiones</span> <span class='ocrx_word' id='word_1_152' title='bbox 829 2258 951 2295; x_wconf 89' lang='lat' dir='ltr'>nou</span> <span class='ocrx_word' id='word_1_153' title='bbox 978 2241 1071 2306; x_wconf 73' lang='grc' dir='ltr'>τῆς</span> <span class='ocrx_word' id='word_1_154' title='bbox 1120 2233 1484 2295; x_wconf 59' lang='lat' dir='ltr'>nevi-aemon</span> <span class='ocrx_word' id='word_1_155' title='bbox 1500 2281 1516 2307; x_wconf 94' lang='lat'>‚</span> <span class='ocrx_word' id='word_1_156' title='bbox 1561 2239 1661 2294; x_wconf 87' lang='lat' dir='ltr'>sed</span> <span class='ocrx_word' id='word_1_157' title='bbox 1705 2241 1798 2307; x_wconf 71' lang='grc' dir='ltr'>τῆς</span> 
     </span>
     <span class='ocr_line' id='line_1_23' title="bbox 230 2325 1788 2403; baseline 0 -24"><span class='ocrx_word' id='word_1_158' title='bbox 230 2325 538 2403; x_wconf 72' lang='grc' dir='ltr'>ἀναγραφῆς</span> <span class='ocrx_word' id='word_1_159' title='bbox 568 2346 767 2402; x_wconf 84' lang='lat' dir='ltr'>regum</span> <span class='ocrx_word' id='word_1_160' title='bbox 802 2328 1233 2401; x_wconf 79' lang='lat' dir='ltr'>AEgyptiorum,</span> <span class='ocrx_word' id='word_1_161' title='bbox 1262 2335 1320 2379; x_wconf 87' lang='lat' dir='ltr'>et</span> <span class='ocrx_word' id='word_1_162' title='bbox 1341 2325 1569 2380; x_wconf 80' lang='lat' dir='ltr'>sortasse</span> <span class='ocrx_word' id='word_1_163' title='bbox 1586 2343 1658 2380; x_wconf 91' lang='lat' dir='ltr'>ne</span> <span class='ocrx_word' id='word_1_164' title='bbox 1685 2326 1788 2379; x_wconf 90' lang='lat' dir='ltr'>ho-</span> 
     </span>
     <span class='ocr_line' id='line_1_24' title="bbox 230 2414 929 2486; baseline 0.009 -21"><span class='ocrx_word' id='word_1_165' title='bbox 230 2431 364 2466; x_wconf 83' lang='lat' dir='ltr'>rum</span> <span class='ocrx_word' id='word_1_166' title='bbox 397 2414 626 2486; x_wconf 85' lang='lat' dir='ltr'>quidem</span> <span class='ocrx_word' id='word_1_167' title='bbox 655 2416 929 2471; x_wconf 87' lang='lat' dir='ltr'>omnium.</span> 
     </span>
    </p>

    <p class='ocr_par' dir='ltr' id='par_1_5' title="bbox 226 2499 1796 5012">
     <span class='ocr_line' id='line_1_25' title="bbox 313 2499 1793 2558; baseline 0.001 -4"><span class='ocrx_word' id='word_1_168' title='bbox 313 2502 446 2555; x_wconf 87' lang='lat' dir='ltr'>Post</span> <span class='ocrx_word' id='word_1_169' title='bbox 464 2502 789 2558; x_wconf 79' lang='lat' dir='ltr'>Africanum</span> <span class='ocrx_word' id='word_1_170' title='bbox 824 2503 1091 2557; x_wconf 76' lang='lat' dir='ltr'>Eusebius</span> <span class='ocrx_word' id='word_1_171' title='bbox 1119 2502 1180 2555; x_wconf 88' lang='lat' dir='ltr'>iu</span> <span class='ocrx_word' id='word_1_172' title='bbox 1206 2499 1617 2556; x_wconf 89' lang='lat' dir='ltr'>Chronicorum</span> <span class='ocrx_word' id='word_1_173' title='bbox 1646 2500 1793 2555; x_wconf 89' lang='lat' dir='ltr'>libro</span> 
     </span>
     <span class='ocr_line' id='line_1_26' title="bbox 233 2587 1793 2661; baseline 0.001 -21"><span class='ocrx_word' id='word_1_174' title='bbox 233 2588 425 2659; x_wconf 90' lang='lat' dir='ltr'>primo</span> <span class='ocrx_word' id='word_1_175' title='bbox 451 2589 728 2661; x_wconf 77' lang='lat' dir='ltr'>dynastias</span> <span class='ocrx_word' id='word_1_176' title='bbox 740 2591 1019 2645; x_wconf 82' lang='lat' dir='ltr'>recensuit</span> <span class='ocrx_word' id='word_1_177' title='bbox 1040 2605 1233 2643; x_wconf 89' lang='lat' dir='ltr'>omnes</span> <span class='ocrx_word' id='word_1_178' title='bbox 1251 2597 1373 2641; x_wconf 90' lang='lat' dir='ltr'>tum</span> <span class='ocrx_word' id='word_1_179' title='bbox 1392 2587 1793 2641; x_wconf 78' lang='lat' dir='ltr'>immortalium</span> 
     </span>
     <span class='ocr_line' id='line_1_27' title="bbox 230 2672 1796 2747; baseline -0.001 -19"><span class='ocrx_word' id='word_1_180' title='bbox 230 2692 433 2747; x_wconf 83' lang='lat' dir='ltr'>regum</span> <span class='ocrx_word' id='word_1_181' title='bbox 483 2686 599 2731; x_wconf 88' lang='lat' dir='ltr'>tum</span> <span class='ocrx_word' id='word_1_182' title='bbox 644 2677 994 2734; x_wconf 80' lang='lat' dir='ltr'>mortalium.</span> <span class='ocrx_word' id='word_1_183' title='bbox 1020 2674 1181 2732; x_wconf 84' lang='lat' dir='ltr'>Idem</span> <span class='ocrx_word' id='word_1_184' title='bbox 1209 2675 1268 2727; x_wconf 91' lang='lat' dir='ltr'>in</span> <span class='ocrx_word' id='word_1_185' title='bbox 1305 2672 1536 2731; x_wconf 86' lang='lat' dir='ltr'>Canone</span> <span class='ocrx_word' id='word_1_186' title='bbox 1575 2674 1689 2727; x_wconf 84' lang='lat' dir='ltr'>sive</span> <span class='ocrx_word' id='word_1_187' title='bbox 1736 2675 1796 2727; x_wconf 91' lang='lat' dir='ltr'>in</span> 
     </span>
     <span class='ocr_line' id='line_1_28' title="bbox 230 2760 1796 2834; baseline -0.004 -13"><span class='ocrx_word' id='word_1_188' title='bbox 230 2762 654 2821; x_wconf 80' lang='lat' dir='ltr'>chronicorum</span> <span class='ocrx_word' id='word_1_189' title='bbox 674 2764 823 2818; x_wconf 89' lang='lat' dir='ltr'>libro</span> <span class='ocrx_word' id='word_1_190' title='bbox 850 2761 1098 2818; x_wconf 88' lang='lat' dir='ltr'>secundo</span> <span class='ocrx_word' id='word_1_191' title='bbox 1118 2760 1307 2817; x_wconf 89' lang='lat' dir='ltr'>denuo</span> <span class='ocrx_word' id='word_1_192' title='bbox 1329 2771 1618 2815; x_wconf 80' lang='lat' dir='ltr'>enumerat</span> <span class='ocrx_word' id='word_1_193' title='bbox 1641 2778 1796 2834; x_wconf 81' lang='lat' dir='ltr'>reges</span> 
     </span>
     <span class='ocr_line' id='line_1_29' title="bbox 229 2847 1790 2923; baseline -0.003 -18"><span class='ocrx_word' id='word_1_194' title='bbox 229 2851 498 2907; x_wconf 83' lang='lat' dir='ltr'>mortales</span> <span class='ocrx_word' id='word_1_195' title='bbox 526 2852 659 2907; x_wconf 91' lang='lat' dir='ltr'>inde</span> <span class='ocrx_word' id='word_1_196' title='bbox 686 2851 757 2906; x_wconf 88' lang='lat' dir='ltr'>ab</span> <span class='ocrx_word' id='word_1_197' title='bbox 794 2851 1046 2923; x_wconf 83' lang='lat' dir='ltr'>dynastia</span> <span class='ocrx_word' id='word_1_198' title='bbox 1068 2851 1233 2917; x_wconf 84' lang='lat' dir='ltr'>XVI,</span> <span class='ocrx_word' id='word_1_199' title='bbox 1269 2847 1427 2919; x_wconf 88' lang='lat' dir='ltr'>cujus</span> <span class='ocrx_word' id='word_1_200' title='bbox 1470 2865 1648 2902; x_wconf 90' lang='lat' dir='ltr'>annus</span> <span class='ocrx_word' id='word_1_201' title='bbox 1673 2849 1790 2920; x_wconf 87' lang='lat' dir='ltr'>pri·</span> 
     </span>
     <span class='ocr_line' id='line_1_30' title="bbox 228 2936 1793 3008; baseline -0.003 -14"><span class='ocrx_word' id='word_1_202' title='bbox 228 2940 582 2994; x_wconf 76' lang='lat' dir='ltr'>musinirum</span> <span class='ocrx_word' id='word_1_203' title='bbox 607 2940 667 2993; x_wconf 91' lang='lat' dir='ltr'>in</span> <span class='ocrx_word' id='word_1_204' title='bbox 687 2937 925 2993; x_wconf 89' lang='lat' dir='ltr'>modum</span> <span class='ocrx_word' id='word_1_205' title='bbox 965 2936 1165 2992; x_wconf 85' lang='lat' dir='ltr'>incidit</span> <span class='ocrx_word' id='word_1_206' title='bbox 1191 2936 1252 2990; x_wconf 88' lang='lat' dir='ltr'>in</span> <span class='ocrx_word' id='word_1_207' title='bbox 1287 2953 1496 2990; x_wconf 87' lang='lat' dir='ltr'>annum</span> <span class='ocrx_word' id='word_1_208' title='bbox 1541 2936 1793 3008; x_wconf 87' lang='lat' dir='ltr'>primum</span> 
     </span>
     <span class='ocr_line' id='line_1_31' title="bbox 232 3022 1789 3094; baseline -0.003 -13"><span class='ocrx_word' id='word_1_209' title='bbox 232 3026 558 3082; x_wconf 77' lang='lat' dir='ltr'>Abrahami.</span> <span class='ocrx_word' id='word_1_210' title='bbox 582 3027 699 3081; x_wconf 84' lang='lat' dir='ltr'>Nos</span> <span class='ocrx_word' id='word_1_211' title='bbox 746 3024 1057 3080; x_wconf 82' lang='lat' dir='ltr'>Eusebiaua</span> <span class='ocrx_word' id='word_1_212' title='bbox 1089 3023 1206 3079; x_wconf 81' lang='lat' dir='ltr'>haec</span> <span class='ocrx_word' id='word_1_213' title='bbox 1253 3024 1516 3078; x_wconf 80' lang='lat' dir='ltr'>novimus</span> <span class='ocrx_word' id='word_1_214' title='bbox 1545 3040 1612 3077; x_wconf 82' lang='lat' dir='ltr'>ex</span> <span class='ocrx_word' id='word_1_215' title='bbox 1654 3022 1789 3094; x_wconf 79' lang='lat' dir='ltr'>Syn·</span> 
     </span>
     <span class='ocr_line' id='line_1_32' title="bbox 230 3112 1792 3182; baseline -0.001 -16"><span class='ocrx_word' id='word_1_216' title='bbox 230 3113 412 3182; x_wconf 87' lang='lat' dir='ltr'>cello,</span> <span class='ocrx_word' id='word_1_217' title='bbox 438 3132 509 3169; x_wconf 79' lang='lat' dir='ltr'>ex</span> <span class='ocrx_word' id='word_1_218' title='bbox 535 3114 790 3168; x_wconf 84' lang='lat' dir='ltr'>versione</span> <span class='ocrx_word' id='word_1_219' title='bbox 817 3112 1042 3167; x_wconf 88' lang='lat' dir='ltr'>Eusebii</span> <span class='ocrx_word' id='word_1_220' title='bbox 1070 3112 1428 3178; x_wconf 83' lang='lat' dir='ltr'>Anneniaca,</span> <span class='ocrx_word' id='word_1_221' title='bbox 1476 3128 1545 3164; x_wconf 84' lang='lat' dir='ltr'>ex</span> <span class='ocrx_word' id='word_1_222' title='bbox 1584 3113 1792 3165; x_wconf 86' lang='lat' dir='ltr'>Hiero-</span> 
     </span>
     <span class='ocr_line' id='line_1_33' title="bbox 228 3194 1787 3273; baseline -0.003 -19"><span class='ocrx_word' id='word_1_223' title='bbox 228 3218 428 3272; x_wconf 77' lang='lat' dir='ltr'>nymo.</span> <span class='ocrx_word' id='word_1_224' title='bbox 454 3201 565 3271; x_wconf 86' lang='lat' dir='ltr'>Qui</span> <span class='ocrx_word' id='word_1_225' title='bbox 592 3199 822 3273; x_wconf 85' lang='lat' dir='ltr'>quidem</span> <span class='ocrx_word' id='word_1_226' title='bbox 861 3215 1081 3266; x_wconf 87' lang='lat' dir='ltr'>omnes,</span> <span class='ocrx_word' id='word_1_227' title='bbox 1104 3198 1147 3251; x_wconf 87' lang='lat' dir='ltr'>si</span> <span class='ocrx_word' id='word_1_228' title='bbox 1171 3196 1383 3251; x_wconf 83' lang='lat' dir='ltr'>leviora</span> <span class='ocrx_word' id='word_1_229' title='bbox 1408 3194 1665 3267; x_wconf 79' lang='lat' dir='ltr'>quaedam</span> <span class='ocrx_word' id='word_1_230' title='bbox 1692 3213 1787 3250; x_wconf 81' lang='lat' dir='ltr'>ex-</span> 
     </span>
     <span class='ocr_line' id='line_1_34' title="bbox 230 3279 1791 3360; baseline -0.003 -20"><span class='ocrx_word' id='word_1_231' title='bbox 230 3288 478 3359; x_wconf 82' lang='lat' dir='ltr'>ceperis,</span> <span class='ocrx_word' id='word_1_232' title='bbox 506 3287 717 3360; x_wconf 87' lang='lat' dir='ltr'>optime</span> <span class='ocrx_word' id='word_1_233' title='bbox 738 3287 886 3339; x_wconf 88' lang='lat' dir='ltr'>inter</span> <span class='ocrx_word' id='word_1_234' title='bbox 908 3302 966 3339; x_wconf 89' lang='lat' dir='ltr'>se</span> <span class='ocrx_word' id='word_1_235' title='bbox 991 3284 1347 3340; x_wconf 86' lang='lat' dir='ltr'>consentiunt</span> <span class='ocrx_word' id='word_1_236' title='bbox 1364 3322 1380 3352; x_wconf 90' lang='lat'>,</span> <span class='ocrx_word' id='word_1_237' title='bbox 1410 3281 1553 3337; x_wconf 88' lang='lat' dir='ltr'>adeo</span> <span class='ocrx_word' id='word_1_238' title='bbox 1593 3292 1657 3335; x_wconf 88' lang='lat' dir='ltr'>ut</span> <span class='ocrx_word' id='word_1_239' title='bbox 1686 3279 1791 3335; x_wconf 91' lang='lat' dir='ltr'>du·</span> 
     </span>
     <span class='ocr_line' id='line_1_35' title="bbox 230 3368 1792 3446; baseline -0.003 -18"><span class='ocrx_word' id='word_1_240' title='bbox 230 3373 395 3428; x_wconf 86' lang='lat' dir='ltr'>bium</span> <span class='ocrx_word' id='word_1_241' title='bbox 420 3392 539 3429; x_wconf 88' lang='lat' dir='ltr'>nou</span> <span class='ocrx_word' id='word_1_242' title='bbox 574 3374 677 3443; x_wconf 86' lang='lat' dir='ltr'>sit,</span> <span class='ocrx_word' id='word_1_243' title='bbox 720 3374 861 3446; x_wconf 88' lang='lat' dir='ltr'>quin</span> <span class='ocrx_word' id='word_1_244' title='bbox 884 3370 1200 3427; x_wconf 83' lang='lat' dir='ltr'>Eusebiana</span> <span class='ocrx_word' id='word_1_245' title='bbox 1240 3370 1370 3425; x_wconf 88' lang='lat' dir='ltr'>talia</span> <span class='ocrx_word' id='word_1_246' title='bbox 1397 3379 1548 3424; x_wconf 90' lang='lat' dir='ltr'>certe</span> <span class='ocrx_word' id='word_1_247' title='bbox 1586 3368 1792 3423; x_wconf 87' lang='lat' dir='ltr'>habea-</span> 
     </span>
     <span class='ocr_line' id='line_1_36' title="bbox 229 3458 1791 3533; baseline -0.004 -18"><span class='ocrx_word' id='word_1_248' title='bbox 229 3479 361 3515; x_wconf 80' lang='lat' dir='ltr'>mus</span> <span class='ocrx_word' id='word_1_249' title='bbox 388 3461 575 3533; x_wconf 84' lang='lat' dir='ltr'>qualia</span> <span class='ocrx_word' id='word_1_250' title='bbox 601 3469 763 3515; x_wconf 87' lang='lat' dir='ltr'>erant</span> <span class='ocrx_word' id='word_1_251' title='bbox 782 3459 969 3514; x_wconf 89' lang='lat' dir='ltr'>seculo</span> <span class='ocrx_word' id='word_1_252' title='bbox 996 3459 1218 3532; x_wconf 90' lang='lat' dir='ltr'>quinto.</span> <span class='ocrx_word' id='word_1_253' title='bbox 1252 3459 1337 3512; x_wconf 89' lang='lat' dir='ltr'>Ne</span> <span class='ocrx_word' id='word_1_254' title='bbox 1365 3458 1539 3530; x_wconf 87' lang='lat' dir='ltr'>ipsam</span> <span class='ocrx_word' id='word_1_255' title='bbox 1564 3474 1791 3511; x_wconf 88' lang='lat' dir='ltr'>manum</span> 
     </span>
     <span class='ocr_line' id='line_1_37' title="bbox 230 3545 1786 3620; baseline -0.003 -18"><span class='ocrx_word' id='word_1_256' title='bbox 230 3548 457 3603; x_wconf 86' lang='lat' dir='ltr'>Eusebii</span> <span class='ocrx_word' id='word_1_257' title='bbox 486 3549 547 3602; x_wconf 89' lang='lat' dir='ltr'>in</span> <span class='ocrx_word' id='word_1_258' title='bbox 575 3547 836 3602; x_wconf 87' lang='lat' dir='ltr'>omuibus</span> <span class='ocrx_word' id='word_1_259' title='bbox 878 3545 1288 3620; x_wconf 81' lang='lat' dir='ltr'>agnoscendam</span> <span class='ocrx_word' id='word_1_260' title='bbox 1334 3562 1448 3598; x_wconf 87' lang='lat' dir='ltr'>esse</span> <span class='ocrx_word' id='word_1_261' title='bbox 1499 3562 1606 3616; x_wconf 88' lang='lat' dir='ltr'>pro</span> <span class='ocrx_word' id='word_1_262' title='bbox 1632 3553 1786 3598; x_wconf 88' lang='lat' dir='ltr'>certo</span> 
     </span>
     <span class='ocr_line' id='line_1_38' title="bbox 228 3631 1790 3704; baseline -0.003 -15"><span class='ocrx_word' id='word_1_263' title='bbox 228 3652 526 3704; x_wconf 79' lang='lat' dir='ltr'>asseveres,</span> <span class='ocrx_word' id='word_1_264' title='bbox 550 3634 695 3690; x_wconf 87' lang='lat' dir='ltr'>illud</span> <span class='ocrx_word' id='word_1_265' title='bbox 711 3634 937 3689; x_wconf 79' lang='lat' dir='ltr'>videtur</span> <span class='ocrx_word' id='word_1_266' title='bbox 959 3634 1210 3703; x_wconf 85' lang='lat' dir='ltr'>obstare,</span> <span class='ocrx_word' id='word_1_267' title='bbox 1235 3631 1392 3704; x_wconf 90' lang='lat' dir='ltr'>quod</span> <span class='ocrx_word' id='word_1_268' title='bbox 1419 3632 1712 3703; x_wconf 91' lang='lat' dir='ltr'>complura</span> <span class='ocrx_word' id='word_1_269' title='bbox 1733 3632 1790 3685; x_wconf 92' lang='lat' dir='ltr'>in</span> 
     </span>
     <span class='ocr_line' id='line_1_39' title="bbox 231 3718 1788 3795; baseline -0.001 -21"><span class='ocrx_word' id='word_1_270' title='bbox 231 3722 300 3775; x_wconf 89' lang='lat' dir='ltr'>iis</span> <span class='ocrx_word' id='word_1_271' title='bbox 319 3721 579 3795; x_wconf 83' lang='lat' dir='ltr'>leguntur</span> <span class='ocrx_word' id='word_1_272' title='bbox 605 3729 797 3793; x_wconf 85' lang='lat' dir='ltr'>aperte</span> <span class='ocrx_word' id='word_1_273' title='bbox 833 3730 1135 3793; x_wconf 89' lang='lat' dir='ltr'>corrupta,</span> <span class='ocrx_word' id='word_1_274' title='bbox 1165 3719 1337 3774; x_wconf 68' lang='lat' dir='ltr'>veluti</span> <span class='ocrx_word' id='word_1_275' title='bbox 1369 3718 1499 3773; x_wconf 89' lang='lat' dir='ltr'>anni</span> <span class='ocrx_word' id='word_1_276' title='bbox 1529 3719 1612 3771; x_wconf 89' lang='lat' dir='ltr'>illi</span> <span class='ocrx_word' id='word_1_277' title='bbox 1657 3736 1788 3773; x_wconf 90' lang='lat' dir='ltr'>cen·</span> 
     </span>
     <span class='ocr_line' id='line_1_40' title="bbox 232 3805 1790 3880; baseline -0.001 -19"><span class='ocrx_word' id='word_1_278' title='bbox 232 3819 357 3862; x_wconf 85' lang='lat' dir='ltr'>tum</span> <span class='ocrx_word' id='word_1_279' title='bbox 373 3847 389 3875; x_wconf 91' lang='lat'>‚</span> <span class='ocrx_word' id='word_1_280' title='bbox 416 3809 515 3880; x_wconf 84' lang='lat' dir='ltr'>qui</span> <span class='ocrx_word' id='word_1_281' title='bbox 542 3808 867 3863; x_wconf 88' lang='lat' dir='ltr'>tribuuntur</span> <span class='ocrx_word' id='word_1_282' title='bbox 902 3807 1168 3880; x_wconf 82' lang='lat' dir='ltr'>dynastiis</span> <span class='ocrx_word' id='word_1_283' title='bbox 1204 3806 1343 3860; x_wconf 88' lang='lat' dir='ltr'>VIII</span> <span class='ocrx_word' id='word_1_284' title='bbox 1371 3816 1428 3859; x_wconf 92' lang='lat' dir='ltr'>et</span> <span class='ocrx_word' id='word_1_285' title='bbox 1452 3805 1556 3873; x_wconf 88' lang='lat' dir='ltr'>IX,</span> <span class='ocrx_word' id='word_1_286' title='bbox 1586 3816 1642 3859; x_wconf 91' lang='lat' dir='ltr'>et</span> <span class='ocrx_word' id='word_1_287' title='bbox 1668 3815 1790 3860; x_wconf 87' lang='lat' dir='ltr'>tur·</span> 
     </span>
     <span class='ocr_line' id='line_1_41' title="bbox 226 3894 1789 3968; baseline -0.002 -17"><span class='ocrx_word' id='word_1_288' title='bbox 226 3896 379 3951; x_wconf 79' lang='lat' dir='ltr'>batae</span> <span class='ocrx_word' id='word_1_289' title='bbox 412 3897 657 3951; x_wconf 89' lang='lat' dir='ltr'>rationes</span> <span class='ocrx_word' id='word_1_290' title='bbox 700 3894 1078 3968; x_wconf 79' lang='lat' dir='ltr'>dynastiarum</span> <span class='ocrx_word' id='word_1_291' title='bbox 1121 3895 1197 3948; x_wconf 86' lang='lat' dir='ltr'>lv</span> <span class='ocrx_word' id='word_1_292' title='bbox 1225 3904 1282 3947; x_wconf 90' lang='lat' dir='ltr'>et</span> <span class='ocrx_word' id='word_1_293' title='bbox 1319 3895 1382 3948; x_wconf 89' lang='lat' dir='ltr'>V.</span> <span class='ocrx_word' id='word_1_294' title='bbox 1435 3894 1789 3964; x_wconf 86' lang='lat' dir='ltr'>Quamquam</span> 
     </span>
     <span class='ocr_line' id='line_1_42' title="bbox 228 3979 1785 4056; baseline -0.001 -19"><span class='ocrx_word' id='word_1_295' title='bbox 228 3980 359 4037; x_wconf 84' lang='lat' dir='ltr'>fieri</span> <span class='ocrx_word' id='word_1_296' title='bbox 389 3984 576 4056; x_wconf 88' lang='lat' dir='ltr'>potuit</span> <span class='ocrx_word' id='word_1_297' title='bbox 606 3992 670 4036; x_wconf 91' lang='lat' dir='ltr'>ut</span> <span class='ocrx_word' id='word_1_298' title='bbox 709 3981 979 4037; x_wconf 86' lang='lat' dir='ltr'>Eusebius</span> <span class='ocrx_word' id='word_1_299' title='bbox 999 3980 1117 4051; x_wconf 75' lang='lat' dir='ltr'>jain</span> <span class='ocrx_word' id='word_1_300' title='bbox 1145 3979 1365 4035; x_wconf 88' lang='lat' dir='ltr'>turbata</span> <span class='ocrx_word' id='word_1_301' title='bbox 1391 3980 1667 4052; x_wconf 89' lang='lat' dir='ltr'>repererit</span> <span class='ocrx_word' id='word_1_302' title='bbox 1691 3999 1785 4035; x_wconf 88' lang='lat' dir='ltr'>ne·</span> 
     </span>
     <span class='ocr_line' id='line_1_43' title="bbox 230 4065 1788 4158; baseline -0.003 -35"><span class='ocrx_word' id='word_1_303' title='bbox 230 4070 427 4141; x_wconf 87' lang='lat' dir='ltr'>quein</span> <span class='ocrx_word' id='word_1_304' title='bbox 440 4068 695 4123; x_wconf 88' lang='lat' dir='ltr'>ordinem</span> <span class='ocrx_word' id='word_1_305' title='bbox 715 4086 780 4122; x_wconf 89' lang='lat' dir='ltr'>ea</span> <span class='ocrx_word' id='word_1_306' title='bbox 797 4068 1055 4158; x_wconf 48' lang='lat' dir='ltr'>re‘digere</span> <span class='ocrx_word' id='word_1_307' title='bbox 1073 4084 1257 4139; x_wconf 80' lang='lat' dir='ltr'>operae</span> <span class='ocrx_word' id='word_1_308' title='bbox 1275 4067 1522 4138; x_wconf 89' lang='lat' dir='ltr'>pretium</span> <span class='ocrx_word' id='word_1_309' title='bbox 1542 4065 1788 4135; x_wconf 87' lang='lat' dir='ltr'>duxerit,</span> 
     </span>
     <span class='ocr_line' id='line_1_44' title="bbox 232 4154 1790 4229; baseline -0.002 -20"><span class='ocrx_word' id='word_1_310' title='bbox 232 4158 355 4228; x_wconf 84' lang='lat' dir='ltr'>ipse</span> <span class='ocrx_word' id='word_1_311' title='bbox 369 4155 611 4229; x_wconf 85' lang='lat' dir='ltr'>denique</span> <span class='ocrx_word' id='word_1_312' title='bbox 635 4156 956 4211; x_wconf 77' lang='lat' dir='ltr'>festinanter</span> <span class='ocrx_word' id='word_1_313' title='bbox 974 4172 1279 4226; x_wconf 84' lang='lat' dir='ltr'>excerpens</span> <span class='ocrx_word' id='word_1_314' title='bbox 1291 4154 1565 4208; x_wconf 90' lang='lat' dir='ltr'>nonnulla</span> <span class='ocrx_word' id='word_1_315' title='bbox 1584 4170 1790 4224; x_wconf 84' lang='lat' dir='ltr'>pecca—</span> 
     </span>
     <span class='ocr_line' id='line_1_45' title="bbox 227 4240 1789 4316; baseline -0.001 -22"><span class='ocrx_word' id='word_1_316' title='bbox 227 4244 399 4298; x_wconf 71' lang='lat' dir='ltr'>verit.</span> <span class='ocrx_word' id='word_1_317' title='bbox 432 4241 613 4316; x_wconf 91' lang='lat' dir='ltr'>quue</span> <span class='ocrx_word' id='word_1_318' title='bbox 641 4253 794 4298; x_wconf 85' lang='lat' dir='ltr'>tanto</span> <span class='ocrx_word' id='word_1_319' title='bbox 816 4242 1030 4297; x_wconf 87' lang='lat' dir='ltr'>facilius</span> <span class='ocrx_word' id='word_1_320' title='bbox 1047 4240 1265 4297; x_wconf 88' lang='lat' dir='ltr'>admitti</span> <span class='ocrx_word' id='word_1_321' title='bbox 1293 4250 1497 4313; x_wconf 87' lang='lat' dir='ltr'>potest,</span> <span class='ocrx_word' id='word_1_322' title='bbox 1522 4240 1789 4311; x_wconf 89' lang='lat' dir='ltr'>quoniam</span> 
     </span>
     <span class='ocr_line' id='line_1_46' title="bbox 230 4326 1787 4402; baseline -0.003 -19"><span class='ocrx_word' id='word_1_323' title='bbox 230 4330 414 4385; x_wconf 77' lang='lat' dir='ltr'>turbae</span> <span class='ocrx_word' id='word_1_324' title='bbox 462 4332 576 4385; x_wconf 67' lang='lat' dir='ltr'>istie</span> <span class='ocrx_word' id='word_1_325' title='bbox 603 4348 797 4384; x_wconf 87' lang='lat' dir='ltr'>omnes</span> <span class='ocrx_word' id='word_1_326' title='bbox 820 4331 1106 4402; x_wconf 87' lang='lat' dir='ltr'>pertinent</span> <span class='ocrx_word' id='word_1_327' title='bbox 1138 4328 1211 4382; x_wconf 91' lang='lat' dir='ltr'>ad</span> <span class='ocrx_word' id='word_1_328' title='bbox 1236 4328 1456 4400; x_wconf 86' lang='lat' dir='ltr'>priores</span> <span class='ocrx_word' id='word_1_329' title='bbox 1483 4326 1787 4399; x_wconf 83' lang='lat' dir='ltr'>dynastias,</span> 
     </span>
     <span class='ocr_line' id='line_1_47' title="bbox 228 4413 1791 4490; baseline -0.004 -17"><span class='ocrx_word' id='word_1_330' title='bbox 228 4435 374 4490; x_wconf 81' lang='lat' dir='ltr'>quas</span> <span class='ocrx_word' id='word_1_331' title='bbox 423 4417 693 4474; x_wconf 85' lang='lat' dir='ltr'>Eusebius</span> <span class='ocrx_word' id='word_1_332' title='bbox 734 4435 889 4473; x_wconf 88' lang='lat' dir='ltr'>suam</span> <span class='ocrx_word' id='word_1_333' title='bbox 939 4416 1366 4489; x_wconf 84' lang='lat' dir='ltr'>chronologiam</span> <span class='ocrx_word' id='word_1_334' title='bbox 1412 4414 1482 4468; x_wconf 90' lang='lat' dir='ltr'>ab</span> <span class='ocrx_word' id='word_1_335' title='bbox 1528 4413 1791 4486; x_wconf 61' lang='lat' dir='ltr'>dynastia!</span> 
     </span>
     <span class='ocr_line' id='line_1_48' title="bbox 228 4501 1788 4577; baseline -0.001 -18"><span class='ocrx_word' id='word_1_336' title='bbox 228 4505 369 4559; x_wconf 82' lang='lat' dir='ltr'>xvl</span> <span class='ocrx_word' id='word_1_337' title='bbox 397 4504 625 4559; x_wconf 87' lang='lat' dir='ltr'>demum</span> <span class='ocrx_word' id='word_1_338' title='bbox 646 4504 996 4577; x_wconf 87' lang='lat' dir='ltr'>temporibus</span> <span class='ocrx_word' id='word_1_339' title='bbox 1013 4502 1314 4558; x_wconf 84' lang='lat' dir='ltr'>exordiens</span> <span class='ocrx_word' id='word_1_340' title='bbox 1344 4502 1527 4555; x_wconf 88' lang='lat' dir='ltr'>minus</span> <span class='ocrx_word' id='word_1_341' title='bbox 1553 4501 1788 4557; x_wconf 83' lang='lat' dir='ltr'>curavit.</span> 
     </span>
     <span class='ocr_line' id='line_1_49' title="bbox 232 4587 1791 4663; baseline -0.004 -15"><span class='ocrx_word' id='word_1_342' title='bbox 232 4624 307 4635; x_wconf 90' lang='lat'>--</span> <span class='ocrx_word' id='word_1_343' title='bbox 344 4592 523 4648; x_wconf 80' lang='lat' dir='ltr'>Missis</span> <span class='ocrx_word' id='word_1_344' title='bbox 548 4592 700 4649; x_wconf 85' lang='lat' dir='ltr'>hisce</span> <span class='ocrx_word' id='word_1_345' title='bbox 723 4592 1078 4663; x_wconf 88' lang='lat' dir='ltr'>corruptelis,</span> <span class='ocrx_word' id='word_1_346' title='bbox 1118 4592 1163 4645; x_wconf 89' lang='lat' dir='ltr'>si</span> <span class='ocrx_word' id='word_1_347' title='bbox 1185 4589 1457 4661; x_wconf 85' lang='lat' dir='ltr'>reliquam</span> <span class='ocrx_word' id='word_1_348' title='bbox 1492 4587 1791 4643; x_wconf 87' lang='lat' dir='ltr'>laterculo-</span> 
     </span>
     <span class='ocr_line' id='line_1_50' title="bbox 230 4676 1789 4749; baseline -0.002 -16"><span class='ocrx_word' id='word_1_349' title='bbox 230 4696 363 4733; x_wconf 85' lang='lat' dir='ltr'>rum</span> <span class='ocrx_word' id='word_1_350' title='bbox 422 4679 696 4734; x_wconf 86' lang='lat' dir='ltr'>rationem</span> <span class='ocrx_word' id='word_1_351' title='bbox 736 4678 1178 4745; x_wconf 87' lang='lat' dir='ltr'>consideramus,</span> <span class='ocrx_word' id='word_1_352' title='bbox 1223 4692 1568 4749; x_wconf 81' lang='lat' dir='ltr'>magnopere</span> <span class='ocrx_word' id='word_1_353' title='bbox 1622 4676 1789 4730; x_wconf 83' lang='lat' dir='ltr'>Euse-</span> 
     </span>
     <span class='ocr_line' id='line_1_51' title="bbox 227 4762 1789 4835; baseline -0.003 -17"><span class='ocrx_word' id='word_1_354' title='bbox 227 4765 391 4818; x_wconf 85' lang='lat' dir='ltr'>bium</span> <span class='ocrx_word' id='word_1_355' title='bbox 422 4764 493 4819; x_wconf 84' lang='lat' dir='ltr'>ab</span> <span class='ocrx_word' id='word_1_356' title='bbox 522 4764 792 4820; x_wconf 81' lang='lat' dir='ltr'>Africano</span> <span class='ocrx_word' id='word_1_357' title='bbox 831 4764 1120 4819; x_wconf 86' lang='lat' dir='ltr'>dissentire</span> <span class='ocrx_word' id='word_1_358' title='bbox 1147 4773 1399 4835; x_wconf 88' lang='lat' dir='ltr'>apparet.</span> <span class='ocrx_word' id='word_1_359' title='bbox 1444 4762 1613 4816; x_wconf 75' lang='lat' dir='ltr'>Novit</span> <span class='ocrx_word' id='word_1_360' title='bbox 1657 4762 1789 4833; x_wconf 89' lang='lat' dir='ltr'>qui-</span> 
     </span>
     <span class='ocr_line' id='line_1_52' title="bbox 230 4847 1790 4924; baseline -0.003 -20"><span class='ocrx_word' id='word_1_361' title='bbox 230 4851 369 4907; x_wconf 86' lang='lat' dir='ltr'>dem</span> <span class='ocrx_word' id='word_1_362' title='bbox 424 4869 568 4924; x_wconf 84' lang='lat' dir='ltr'>opus</span> <span class='ocrx_word' id='word_1_363' title='bbox 610 4851 890 4918; x_wconf 84' lang='lat' dir='ltr'>Africani,</span> <span class='ocrx_word' id='word_1_364' title='bbox 946 4853 1007 4905; x_wconf 88' lang='lat' dir='ltr'>in</span> <span class='ocrx_word' id='word_1_365' title='bbox 1032 4850 1317 4904; x_wconf 88' lang='lat' dir='ltr'>nonnullis</span> <span class='ocrx_word' id='word_1_366' title='bbox 1354 4847 1581 4903; x_wconf 84' lang='lat' dir='ltr'>sortasse</span> <span class='ocrx_word' id='word_1_367' title='bbox 1625 4848 1790 4901; x_wconf 84' lang='lat' dir='ltr'>etiam</span> 
     </span>
     <span class='ocr_line' id='line_1_53' title="bbox 230 4934 1791 5012; baseline -0.003 -21"><span class='ocrx_word' id='word_1_368' title='bbox 230 4936 495 4991; x_wconf 87' lang='lat' dir='ltr'>adhibuit</span> <span class='ocrx_word' id='word_1_369' title='bbox 520 4934 617 5012; x_wconf 74' lang='lat'>(’),</span> <span class='ocrx_word' id='word_1_370' title='bbox 642 4938 885 5010; x_wconf 87' lang='lat' dir='ltr'>plurima</span> <span class='ocrx_word' id='word_1_371' title='bbox 904 4955 1042 4991; x_wconf 79' lang='lat' dir='ltr'>vero</span> <span class='ocrx_word' id='word_1_372' title='bbox 1067 4954 1135 4990; x_wconf 80' lang='lat' dir='ltr'>ex</span> <span class='ocrx_word' id='word_1_373' title='bbox 1161 4935 1377 4990; x_wconf 85' lang='lat' dir='ltr'>diversa</span> <span class='ocrx_word' id='word_1_374' title='bbox 1404 4934 1574 5007; x_wconf 86' lang='lat' dir='ltr'>plane</span> <span class='ocrx_word' id='word_1_375' title='bbox 1601 4934 1791 4988; x_wconf 82' lang='lat' dir='ltr'>Mane-</span> 
     </span>
    </p>
   </div>
   <div class='ocr_carea' id='block_1_5' title="bbox 231 5052 1792 5321">
    <p class='ocr_par' dir='ltr' id='par_1_6' title="bbox 231 5052 1792 5321">
     <span class='ocr_line' id='line_1_54' title="bbox 296 5052 1792 5115; baseline -0.001 -13"><span class='ocrx_word' id='word_1_376' title='bbox 296 5052 362 5115; x_wconf 67' lang='lat' dir='ltr'>c&#39;)</span> <span class='ocrx_word' id='word_1_377' title='bbox 380 5052 556 5102; x_wconf 73' lang='lat' dir='ltr'>Mirum</span> <span class='ocrx_word' id='word_1_378' title='bbox 570 5056 702 5103; x_wconf 77' lang='lat' dir='ltr'>certe</span> <span class='ocrx_word' id='word_1_379' title='bbox 724 5058 797 5102; x_wconf 80' lang='lat' dir='ltr'>est</span> <span class='ocrx_word' id='word_1_380' title='bbox 817 5053 1079 5103; x_wconf 80' lang='lat' dir='ltr'>Eusebium</span> <span class='ocrx_word' id='word_1_381' title='bbox 1093 5052 1154 5102; x_wconf 88' lang='lat' dir='ltr'>de</span> <span class='ocrx_word' id='word_1_382' title='bbox 1166 5053 1615 5102; x_wconf 72' lang='lat' dir='ltr'>summisannorum</span> <span class='ocrx_word' id='word_1_383' title='bbox 1630 5086 1646 5111; x_wconf 91' lang='lat'>,</span> <span class='ocrx_word' id='word_1_384' title='bbox 1668 5063 1792 5112; x_wconf 79' lang='lat' dir='ltr'>quos</span> 
     </span>
     <span class='ocr_line' id='line_1_55' title="bbox 232 5118 1790 5185; baseline -0.003 -14"><span class='ocrx_word' id='word_1_385' title='bbox 232 5122 395 5185; x_wconf 83' lang='lat' dir='ltr'>primo</span> <span class='ocrx_word' id='word_1_386' title='bbox 431 5128 481 5172; x_wconf 88' lang='lat' dir='ltr'>et</span> <span class='ocrx_word' id='word_1_387' title='bbox 505 5122 719 5173; x_wconf 85' lang='lat' dir='ltr'>secundo</span> <span class='ocrx_word' id='word_1_388' title='bbox 764 5124 889 5172; x_wconf 84' lang='lat' dir='ltr'>libro</span> <span class='ocrx_word' id='word_1_389' title='bbox 926 5123 1150 5173; x_wconf 60' lang='lat' dir='ltr'>manetho</span> <span class='ocrx_word' id='word_1_390' title='bbox 1180 5121 1474 5172; x_wconf 72' lang='lat' dir='ltr'>recensuisse</span> <span class='ocrx_word' id='word_1_391' title='bbox 1490 5118 1790 5182; x_wconf 70' lang='lat' dir='ltr'>perhibetur,</span> 
     </span>
     <span class='ocr_line' id='line_1_56' title="bbox 231 5189 1789 5254; baseline -0.002 -15"><span class='ocrx_word' id='word_1_392' title='bbox 231 5204 351 5239; x_wconf 89' lang='lat' dir='ltr'>cum</span> <span class='ocrx_word' id='word_1_393' title='bbox 389 5190 610 5240; x_wconf 76' lang='lat' dir='ltr'>Africano</span> <span class='ocrx_word' id='word_1_394' title='bbox 633 5193 929 5253; x_wconf 83' lang='lat' dir='ltr'>consentire,</span> <span class='ocrx_word' id='word_1_395' title='bbox 962 5204 1114 5254; x_wconf 87' lang='lat' dir='ltr'>quum</span> <span class='ocrx_word' id='word_1_396' title='bbox 1161 5191 1221 5241; x_wconf 79' lang='lat' dir='ltr'>de</span> <span class='ocrx_word' id='word_1_397' title='bbox 1258 5190 1454 5253; x_wconf 85' lang='lat' dir='ltr'>singulis</span> <span class='ocrx_word' id='word_1_398' title='bbox 1475 5189 1703 5251; x_wconf 78' lang='lat' dir='ltr'>dynastiis</span> <span class='ocrx_word' id='word_1_399' title='bbox 1722 5189 1789 5237; x_wconf 87' lang='lat' dir='ltr'>di·</span> 
     </span>
     <span class='ocr_line' id='line_1_57' title="bbox 234 5261 739 5321; baseline 0.002 -12"><span class='ocrx_word' id='word_1_400' title='bbox 234 5272 375 5309; x_wconf 78' lang='lat' dir='ltr'>versa</span> <span class='ocrx_word' id='word_1_401' title='bbox 394 5261 532 5321; x_wconf 82' lang='lat' dir='ltr'>plane</span> <span class='ocrx_word' id='word_1_402' title='bbox 550 5261 739 5310; x_wconf 84' lang='lat' dir='ltr'>babeat.</span> 
     </span>
    </p>
   </div>
   <div class='ocr_carea' id='block_1_6' title="bbox 1883 676 3448 2746">
    <p class='ocr_par' dir='ltr' id='par_1_7' title="bbox 1883 676 3448 2746">
     <span class='ocr_line' id='line_1_58' title="bbox 1892 676 3445 749; baseline 0.001 -18"><span class='ocrx_word' id='word_1_403' title='bbox 1892 676 2214 749; x_wconf 84' lang='lat' dir='ltr'>Syncellum</span> <span class='ocrx_word' id='word_1_404' title='bbox 2255 697 2383 733; x_wconf 87' lang='lat' dir='ltr'>sane</span> <span class='ocrx_word' id='word_1_405' title='bbox 2410 679 2454 732; x_wconf 87' lang='lat' dir='ltr'>si</span> <span class='ocrx_word' id='word_1_406' title='bbox 2491 678 2683 732; x_wconf 89' lang='lat' dir='ltr'>audias</span> <span class='ocrx_word' id='word_1_407' title='bbox 2701 720 2717 749; x_wconf 89' lang='lat'><strong>‚</strong></span> <span class='ocrx_word' id='word_1_408' title='bbox 2746 679 3015 732; x_wconf 79' lang='lat' dir='ltr'>Eusebius</span> <span class='ocrx_word' id='word_1_409' title='bbox 3041 680 3260 733; x_wconf 89' lang='lat' dir='ltr'>nonnisi</span> <span class='ocrx_word' id='word_1_410' title='bbox 3297 681 3445 735; x_wconf 85' lang='lat' dir='ltr'>Asri-</span> 
     </span>
     <span class='ocr_line' id='line_1_59' title="bbox 1894 766 3446 840; baseline 0.003 -22"><span class='ocrx_word' id='word_1_411' title='bbox 1894 785 2096 819; x_wconf 83' lang='lat' dir='ltr'>canum</span> <span class='ocrx_word' id='word_1_412' title='bbox 2131 767 2205 820; x_wconf 93' lang='lat' dir='ltr'>ob</span> <span class='ocrx_word' id='word_1_413' title='bbox 2235 767 2429 820; x_wconf 87' lang='lat' dir='ltr'>oculos</span> <span class='ocrx_word' id='word_1_414' title='bbox 2450 766 2756 833; x_wconf 87' lang='lat' dir='ltr'>habuisset,</span> <span class='ocrx_word' id='word_1_415' title='bbox 2803 767 2872 820; x_wconf 89' lang='lat' dir='ltr'>ab</span> <span class='ocrx_word' id='word_1_416' title='bbox 2906 783 3087 837; x_wconf 89' lang='lat' dir='ltr'>eoque</span> <span class='ocrx_word' id='word_1_417' title='bbox 3109 766 3308 822; x_wconf 88' lang='lat' dir='ltr'>tradita</span> <span class='ocrx_word' id='word_1_418' title='bbox 3341 787 3446 840; x_wconf 86' lang='lat' dir='ltr'>pro</span> 
     </span>
     <span class='ocr_line' id='line_1_60' title="bbox 1893 850 3442 924; baseline 0.003 -22"><span class='ocrx_word' id='word_1_419' title='bbox 1893 850 2074 911; x_wconf 89' lang='lat' dir='ltr'>lubito</span> <span class='ocrx_word' id='word_1_420' title='bbox 2119 862 2324 906; x_wconf 87' lang='lat' dir='ltr'>temere</span> <span class='ocrx_word' id='word_1_421' title='bbox 2352 862 2637 907; x_wconf 87' lang='lat' dir='ltr'>mutasset.</span> <span class='ocrx_word' id='word_1_422' title='bbox 2665 854 2799 921; x_wconf 82' lang='lat' dir='ltr'>Quae</span> <span class='ocrx_word' id='word_1_423' title='bbox 2835 870 3007 924; x_wconf 80' lang='lat' dir='ltr'>prava</span> <span class='ocrx_word' id='word_1_424' title='bbox 3041 853 3295 907; x_wconf 79' lang='lat' dir='ltr'>levissimi</span> <span class='ocrx_word' id='word_1_425' title='bbox 3337 854 3442 906; x_wconf 77' lang='lat' dir='ltr'>hu-</span> 
     </span>
     <span class='ocr_line' id='line_1_61' title="bbox 1892 938 3448 1012; baseline 0.003 -22"><span class='ocrx_word' id='word_1_426' title='bbox 1892 939 2053 993; x_wconf 87' lang='lat' dir='ltr'>minis</span> <span class='ocrx_word' id='word_1_427' title='bbox 2080 942 2351 994; x_wconf 89' lang='lat' dir='ltr'>sententia</span> <span class='ocrx_word' id='word_1_428' title='bbox 2394 950 2507 1007; x_wconf 90' lang='lat' dir='ltr'>est,</span> <span class='ocrx_word' id='word_1_429' title='bbox 2537 940 2618 993; x_wconf 90' lang='lat' dir='ltr'>uti</span> <span class='ocrx_word' id='word_1_430' title='bbox 2642 940 2906 1012; x_wconf 77' lang='lat' dir='ltr'>praeclare</span> <span class='ocrx_word' id='word_1_431' title='bbox 2950 938 3116 993; x_wconf 92' lang='lat' dir='ltr'>docet</span> <span class='ocrx_word' id='word_1_432' title='bbox 3154 940 3448 995; x_wconf 81' lang='lat' dir='ltr'>Boeckhius</span> 
     </span>
     <span class='ocr_line' id='line_1_62' title="bbox 1890 1026 3444 1099; baseline 0.001 -19"><span class='ocrx_word' id='word_1_433' title='bbox 1890 1042 1947 1096; x_wconf 89' lang='lat' dir='ltr'>p.</span> <span class='ocrx_word' id='word_1_434' title='bbox 2004 1026 2110 1079; x_wconf 87' lang='lat'>116</span> <span class='ocrx_word' id='word_1_435' title='bbox 2152 1045 2232 1098; x_wconf 90' lang='lat' dir='ltr'>sq.</span> <span class='ocrx_word' id='word_1_436' title='bbox 2268 1027 2438 1081; x_wconf 89' lang='lat' dir='ltr'>Haud</span> <span class='ocrx_word' id='word_1_437' title='bbox 2470 1026 2702 1099; x_wconf 88' lang='lat' dir='ltr'>quidem</span> <span class='ocrx_word' id='word_1_438' title='bbox 2742 1044 3048 1099; x_wconf 82' lang='lat' dir='ltr'>pernegare</span> <span class='ocrx_word' id='word_1_439' title='bbox 3088 1028 3230 1080; x_wconf 88' lang='lat' dir='ltr'>ausis</span> <span class='ocrx_word' id='word_1_440' title='bbox 3279 1029 3444 1081; x_wconf 86' lang='lat' dir='ltr'>Ense-</span> 
     </span>
     <span class='ocr_line' id='line_1_63' title="bbox 1892 1110 3444 1185; baseline 0.003 -21"><span class='ocrx_word' id='word_1_441' title='bbox 1892 1111 2048 1165; x_wconf 90' lang='lat' dir='ltr'>bium</span> <span class='ocrx_word' id='word_1_442' title='bbox 2072 1131 2104 1167; x_wconf 87' lang='lat' dir='ltr'>e</span> <span class='ocrx_word' id='word_1_443' title='bbox 2135 1132 2237 1167; x_wconf 91' lang='lat' dir='ltr'>suo</span> <span class='ocrx_word' id='word_1_444' title='bbox 2275 1132 2428 1185; x_wconf 89' lang='lat' dir='ltr'>penu</span> <span class='ocrx_word' id='word_1_445' title='bbox 2454 1124 2691 1167; x_wconf 87' lang='lat' dir='ltr'>mutasse</span> <span class='ocrx_word' id='word_1_446' title='bbox 2719 1114 2933 1183; x_wconf 85' lang='lat' dir='ltr'>aliqua,</span> <span class='ocrx_word' id='word_1_447' title='bbox 2961 1122 3025 1165; x_wconf 91' lang='lat' dir='ltr'>ut</span> <span class='ocrx_word' id='word_1_448' title='bbox 3049 1110 3286 1167; x_wconf 85' lang='lat' dir='ltr'>Judaica</span> <span class='ocrx_word' id='word_1_449' title='bbox 3318 1133 3444 1168; x_wconf 89' lang='lat' dir='ltr'>cum</span> 
     </span>
     <span class='ocr_line' id='line_1_64' title="bbox 1891 1200 3441 1272; baseline 0.001 -19"><span class='ocrx_word' id='word_1_450' title='bbox 1891 1200 2166 1272; x_wconf 81' lang='lat' dir='ltr'>AEgyptiis</span> <span class='ocrx_word' id='word_1_451' title='bbox 2207 1200 2536 1254; x_wconf 88' lang='lat' dir='ltr'>conciliaret</span> <span class='ocrx_word' id='word_1_452' title='bbox 2572 1206 2943 1271; x_wconf 67' lang='lat' dir='ltr'>(quamquam</span> <span class='ocrx_word' id='word_1_453' title='bbox 2971 1218 3043 1253; x_wconf 90' lang='lat' dir='ltr'>ne</span> <span class='ocrx_word' id='word_1_454' title='bbox 3083 1200 3191 1254; x_wconf 87' lang='lat' dir='ltr'>boc</span> <span class='ocrx_word' id='word_1_455' title='bbox 3215 1201 3441 1272; x_wconf 86' lang='lat' dir='ltr'>quidem</span> 
     </span>
     <span class='ocr_line' id='line_1_65' title="bbox 1890 1284 3440 1360; baseline 0.002 -21"><span class='ocrx_word' id='word_1_456' title='bbox 1890 1297 2048 1340; x_wconf 87' lang='lat' dir='ltr'>certo</span> <span class='ocrx_word' id='word_1_457' title='bbox 2077 1285 2446 1341; x_wconf 86' lang='lat' dir='ltr'>demonstrari</span> <span class='ocrx_word' id='word_1_458' title='bbox 2475 1284 2688 1360; x_wconf 90' lang='lat' dir='ltr'>potest)</span> <span class='ocrx_word' id='word_1_459' title='bbox 2722 1305 2735 1338; x_wconf 76' lang='grc' dir='ltr'><strong><em>ε</em></strong></span> <span class='ocrx_word' id='word_1_460' title='bbox 2776 1303 2974 1339; x_wconf 79' lang='lat' dir='ltr'>verum</span> <span class='ocrx_word' id='word_1_461' title='bbox 3019 1287 3063 1341; x_wconf 88' lang='lat' dir='ltr'>si</span> <span class='ocrx_word' id='word_1_462' title='bbox 3085 1306 3264 1340; x_wconf 91' lang='lat' dir='ltr'>unum</span> <span class='ocrx_word' id='word_1_463' title='bbox 3288 1288 3440 1342; x_wconf 83' lang='lat' dir='ltr'>Afri·</span> 
     </span>
     <span class='ocr_line' id='line_1_66' title="bbox 1889 1372 3445 1446; baseline 0.002 -21"><span class='ocrx_word' id='word_1_464' title='bbox 1889 1391 2092 1427; x_wconf 89' lang='lat' dir='ltr'>canum</span> <span class='ocrx_word' id='word_1_465' title='bbox 2133 1392 2244 1446; x_wconf 89' lang='lat' dir='ltr'>pro</span> <span class='ocrx_word' id='word_1_466' title='bbox 2287 1372 2440 1426; x_wconf 86' lang='lat' dir='ltr'>fonte</span> <span class='ocrx_word' id='word_1_467' title='bbox 2482 1373 2857 1439; x_wconf 88' lang='lat' dir='ltr'>adhibuisset,</span> <span class='ocrx_word' id='word_1_468' title='bbox 2905 1373 3056 1427; x_wconf 90' lang='lat' dir='ltr'>hunc</span> <span class='ocrx_word' id='word_1_469' title='bbox 3095 1384 3245 1428; x_wconf 90' lang='lat' dir='ltr'>certe</span> <span class='ocrx_word' id='word_1_470' title='bbox 3275 1376 3332 1428; x_wconf 91' lang='lat' dir='ltr'>in</span> <span class='ocrx_word' id='word_1_471' title='bbox 3382 1377 3445 1429; x_wconf 85' lang='lat' dir='ltr'>iis</span> 
     </span>
     <span class='ocr_line' id='line_1_67' title="bbox 1888 1457 3444 1530; baseline 0.003 -19"><span class='ocrx_word' id='word_1_472' title='bbox 1888 1457 2128 1513; x_wconf 85' lang='lat' dir='ltr'>reddere</span> <span class='ocrx_word' id='word_1_473' title='bbox 2158 1459 2402 1514; x_wconf 87' lang='lat' dir='ltr'>debebat</span> <span class='ocrx_word' id='word_1_474' title='bbox 2420 1499 2435 1526; x_wconf 91' lang='lat'>‚</span> <span class='ocrx_word' id='word_1_475' title='bbox 2460 1458 2668 1530; x_wconf 91' lang='lat' dir='ltr'>quibus</span> <span class='ocrx_word' id='word_1_476' title='bbox 2696 1477 2826 1513; x_wconf 87' lang='lat' dir='ltr'>curu</span> <span class='ocrx_word' id='word_1_477' title='bbox 2848 1458 3080 1513; x_wconf 86' lang='lat' dir='ltr'>Judaica</span> <span class='ocrx_word' id='word_1_478' title='bbox 3103 1461 3335 1519; x_wconf 83' lang='lat' dir='ltr'>historia</span> <span class='ocrx_word' id='word_1_479' title='bbox 3356 1465 3412 1515; x_wconf 89' lang='lat' dir='ltr'>ni</span> <span class='ocrx_word' id='word_1_480' title='bbox 3427 1496 3444 1504; x_wconf 88' lang='lat'><em>-</em></span> 
     </span>
     <span class='ocr_line' id='line_1_68' title="bbox 1886 1544 3444 1621; baseline 0.004 -24"><span class='ocrx_word' id='word_1_481' title='bbox 1886 1544 1966 1599; x_wconf 87' lang='lat' dir='ltr'>hil</span> <span class='ocrx_word' id='word_1_482' title='bbox 1991 1565 2287 1601; x_wconf 85' lang='lat' dir='ltr'>commune</span> <span class='ocrx_word' id='word_1_483' title='bbox 2340 1558 2439 1602; x_wconf 88' lang='lat' dir='ltr'>est.</span> <span class='ocrx_word' id='word_1_484' title='bbox 2489 1548 2598 1618; x_wconf 91' lang='lat' dir='ltr'>Qui</span> <span class='ocrx_word' id='word_1_485' title='bbox 2633 1547 2803 1619; x_wconf 83' lang='lat' dir='ltr'>igitur</span> <span class='ocrx_word' id='word_1_486' title='bbox 2842 1544 2906 1599; x_wconf 90' lang='lat' dir='ltr'>fit</span> <span class='ocrx_word' id='word_1_487' title='bbox 2955 1559 3018 1601; x_wconf 90' lang='lat' dir='ltr'>ut</span> <span class='ocrx_word' id='word_1_488' title='bbox 3068 1546 3139 1602; x_wconf 90' lang='lat' dir='ltr'>de</span> <span class='ocrx_word' id='word_1_489' title='bbox 3183 1549 3444 1621; x_wconf 80' lang='lat' dir='ltr'>dynastiis</span> 
     </span>
     <span class='ocr_line' id='line_1_69' title="bbox 1887 1633 3440 1706; baseline 0.003 -20"><span class='ocrx_word' id='word_1_490' title='bbox 1887 1635 2128 1690; x_wconf 89' lang='lat' dir='ltr'>I-XIV</span> <span class='ocrx_word' id='word_1_491' title='bbox 2159 1646 2268 1689; x_wconf 85' lang='lat' dir='ltr'>tam</span> <span class='ocrx_word' id='word_1_492' title='bbox 2297 1633 2515 1690; x_wconf 80' lang='lat' dir='ltr'>diversa</span> <span class='ocrx_word' id='word_1_493' title='bbox 2553 1633 2795 1706; x_wconf 72' lang='lat' dir='ltr'>prodat?</span> <span class='ocrx_word' id='word_1_494' title='bbox 2820 1633 2991 1704; x_wconf 88' lang='lat' dir='ltr'>Quod</span> <span class='ocrx_word' id='word_1_495' title='bbox 3031 1634 3237 1690; x_wconf 90' lang='lat' dir='ltr'>deinde</span> <span class='ocrx_word' id='word_1_496' title='bbox 3274 1638 3440 1691; x_wconf 88' lang='lat' dir='ltr'>Euse-</span> 
     </span>
     <span class='ocr_line' id='line_1_70' title="bbox 1885 1718 3441 1794; baseline 0.003 -21"><span class='ocrx_word' id='word_1_497' title='bbox 1885 1720 1984 1774; x_wconf 88' lang='lat' dir='ltr'>bio</span> <span class='ocrx_word' id='word_1_498' title='bbox 2012 1718 2304 1794; x_wconf 76' lang='lat' dir='ltr'>Syncellus</span> <span class='ocrx_word' id='word_1_499' title='bbox 2346 1722 2684 1793; x_wconf 85' lang='lat' dir='ltr'>exprobrat,</span> <span class='ocrx_word' id='word_1_500' title='bbox 2736 1722 2886 1775; x_wconf 84' lang='lat' dir='ltr'>aiens</span> <span class='ocrx_word' id='word_1_501' title='bbox 2925 1738 3054 1775; x_wconf 89' lang='lat' dir='ltr'>eum</span> <span class='ocrx_word' id='word_1_502' title='bbox 3082 1740 3150 1775; x_wconf 84' lang='lat' dir='ltr'>ex</span> <span class='ocrx_word' id='word_1_503' title='bbox 3192 1721 3441 1794; x_wconf 83' lang='lat' dir='ltr'>dynastia</span> 
     </span>
     <span class='ocr_line' id='line_1_71' title="bbox 1886 1808 3439 1881; baseline 0.002 -21"><span class='ocrx_word' id='word_1_504' title='bbox 1886 1808 1991 1861; x_wconf 85' lang='lat' dir='ltr'>XV</span> <span class='ocrx_word' id='word_1_505' title='bbox 2032 1809 2220 1863; x_wconf 81' lang='lat' dir='ltr'>secisse</span> <span class='ocrx_word' id='word_1_506' title='bbox 2250 1808 2560 1880; x_wconf 75' lang='lat' dir='ltr'>dynastiam</span> <span class='ocrx_word' id='word_1_507' title='bbox 2587 1809 2747 1862; x_wconf 83' lang='lat' dir='ltr'>XVII</span> <span class='ocrx_word' id='word_1_508' title='bbox 2766 1849 2782 1878; x_wconf 85' lang='lat'>,</span> <span class='ocrx_word' id='word_1_509' title='bbox 2814 1819 2876 1860; x_wconf 91' lang='lat' dir='ltr'>ut</span> <span class='ocrx_word' id='word_1_510' title='bbox 2919 1808 3150 1880; x_wconf 89' lang='lat' dir='ltr'>Josephi</span> <span class='ocrx_word' id='word_1_511' title='bbox 3176 1817 3233 1862; x_wconf 89' lang='lat' dir='ltr'>et</span> <span class='ocrx_word' id='word_1_512' title='bbox 3282 1812 3439 1881; x_wconf 82' lang='lat' dir='ltr'>Apo-</span> 
     </span>
     <span class='ocr_line' id='line_1_72' title="bbox 1886 1895 3440 1970; baseline 0.003 -23"><span class='ocrx_word' id='word_1_513' title='bbox 1886 1895 2015 1966; x_wconf 88' lang='lat' dir='ltr'>phis</span> <span class='ocrx_word' id='word_1_514' title='bbox 2034 1898 2179 1970; x_wconf 86' lang='lat' dir='ltr'>regis</span> <span class='ocrx_word' id='word_1_515' title='bbox 2207 1905 2464 1968; x_wconf 86' lang='lat' dir='ltr'>tempora</span> <span class='ocrx_word' id='word_1_516' title='bbox 2494 1897 2762 1968; x_wconf 89' lang='lat' dir='ltr'>componi</span> <span class='ocrx_word' id='word_1_517' title='bbox 2783 1907 3044 1968; x_wconf 85' lang='lat' dir='ltr'>possent:</span> <span class='ocrx_word' id='word_1_518' title='bbox 3078 1897 3292 1950; x_wconf 89' lang='lat' dir='ltr'>crimen</span> <span class='ocrx_word' id='word_1_519' title='bbox 3312 1896 3440 1961; x_wconf 87' lang='lat' dir='ltr'>hoc,</span> 
     </span>
     <span class='ocr_line' id='line_1_73' title="bbox 1886 1980 3440 2058; baseline 0.001 -24"><span class='ocrx_word' id='word_1_520' title='bbox 1886 1993 2153 2038; x_wconf 88' lang='lat' dir='ltr'>monente</span> <span class='ocrx_word' id='word_1_521' title='bbox 2191 1982 2460 2037; x_wconf 84' lang='lat' dir='ltr'>Boeckhio</span> <span class='ocrx_word' id='word_1_522' title='bbox 2496 1980 2596 2058; x_wconf 88' lang='lat' dir='ltr'>(p.</span> <span class='ocrx_word' id='word_1_523' title='bbox 2658 1982 2823 2053; x_wconf 86' lang='lat'>117),</span> <span class='ocrx_word' id='word_1_524' title='bbox 2881 2001 2950 2036; x_wconf 86' lang='lat' dir='ltr'>eo</span> <span class='ocrx_word' id='word_1_525' title='bbox 2993 1981 3249 2049; x_wconf 85' lang='lat' dir='ltr'>diluitur,</span> <span class='ocrx_word' id='word_1_526' title='bbox 3283 1984 3440 2054; x_wconf 89' lang='lat' dir='ltr'>quod</span> 
     </span>
     <span class='ocr_line' id='line_1_74' title="bbox 1888 2069 3438 2145; baseline 0 -23"><span class='ocrx_word' id='word_1_527' title='bbox 1888 2087 2016 2122; x_wconf 88' lang='lat' dir='ltr'>cum</span> <span class='ocrx_word' id='word_1_528' title='bbox 2036 2069 2274 2124; x_wconf 87' lang='lat' dir='ltr'>Eusebio</span> <span class='ocrx_word' id='word_1_529' title='bbox 2312 2071 2588 2124; x_wconf 87' lang='lat' dir='ltr'>consentit</span> <span class='ocrx_word' id='word_1_530' title='bbox 2627 2069 2917 2133; x_wconf 75' lang='lat' dir='ltr'>scholiasta</span> <span class='ocrx_word' id='word_1_531' title='bbox 2944 2069 3186 2123; x_wconf 90' lang='lat' dir='ltr'>Platonis</span> <span class='ocrx_word' id='word_1_532' title='bbox 3215 2069 3294 2145; x_wconf 91' lang='lat' dir='ltr'>(p.</span> <span class='ocrx_word' id='word_1_533' title='bbox 3327 2076 3438 2133; x_wconf 72' lang='lat'>424</span> 
     </span>
     <span class='ocr_line' id='line_1_75' title="bbox 1887 2154 3440 2228; baseline 0.001 -19"><span class='ocrx_word' id='word_1_534' title='bbox 1887 2155 1980 2213; x_wconf 90' lang='lat' dir='ltr'>ed.</span> <span class='ocrx_word' id='word_1_535' title='bbox 2020 2155 2323 2224; x_wconf 80' lang='lat' dir='ltr'>Bekker.),</span> <span class='ocrx_word' id='word_1_536' title='bbox 2359 2174 2529 2228; x_wconf 84' lang='lat' dir='ltr'>quern</span> <span class='ocrx_word' id='word_1_537' title='bbox 2562 2173 2658 2209; x_wconf 89' lang='lat' dir='ltr'>sua</span> <span class='ocrx_word' id='word_1_538' title='bbox 2704 2172 2774 2209; x_wconf 79' lang='lat' dir='ltr'>ex</span> <span class='ocrx_word' id='word_1_539' title='bbox 2818 2154 3057 2209; x_wconf 88' lang='lat' dir='ltr'>Eusebio</span> <span class='ocrx_word' id='word_1_540' title='bbox 3093 2156 3291 2227; x_wconf 88' lang='lat' dir='ltr'>petisse</span> <span class='ocrx_word' id='word_1_541' title='bbox 3322 2169 3440 2211; x_wconf 87' lang='lat' dir='ltr'>tum</span> 
     </span>
     <span class='ocr_line' id='line_1_76' title="bbox 1884 2244 3438 2316; baseline 0 -17"><span class='ocrx_word' id='word_1_542' title='bbox 1884 2261 1990 2316; x_wconf 86' lang='lat' dir='ltr'>per</span> <span class='ocrx_word' id='word_1_543' title='bbox 2007 2262 2065 2299; x_wconf 90' lang='lat' dir='ltr'>se</span> <span class='ocrx_word' id='word_1_544' title='bbox 2088 2262 2289 2316; x_wconf 87' lang='lat' dir='ltr'>parum</span> <span class='ocrx_word' id='word_1_545' title='bbox 2320 2244 2617 2316; x_wconf 89' lang='lat' dir='ltr'>probabile</span> <span class='ocrx_word' id='word_1_546' title='bbox 2644 2253 2752 2311; x_wconf 88' lang='lat' dir='ltr'>est,</span> <span class='ocrx_word' id='word_1_547' title='bbox 2774 2253 2898 2296; x_wconf 71' lang='lat' dir='ltr'>‘tum</span> <span class='ocrx_word' id='word_1_548' title='bbox 2923 2252 3254 2314; x_wconf 87' lang='lat' dir='ltr'>propterea,</span> <span class='ocrx_word' id='word_1_549' title='bbox 3283 2245 3438 2315; x_wconf 84' lang='lat' dir='ltr'>quod</span> 
     </span>
     <span class='ocr_line' id='line_1_77' title="bbox 1884 2329 3439 2404; baseline 0 -19"><span class='ocrx_word' id='word_1_550' title='bbox 1884 2332 2176 2386; x_wconf 87' lang='lat' dir='ltr'>scholiasta</span> <span class='ocrx_word' id='word_1_551' title='bbox 2205 2331 2276 2385; x_wconf 92' lang='lat' dir='ltr'>de</span> <span class='ocrx_word' id='word_1_552' title='bbox 2296 2332 2440 2404; x_wconf 84' lang='lat' dir='ltr'>regis</span> <span class='ocrx_word' id='word_1_553' title='bbox 2459 2329 2594 2402; x_wconf 78' lang='lat' dir='ltr'>dyn.</span> <span class='ocrx_word' id='word_1_554' title='bbox 2618 2330 2780 2385; x_wconf 85' lang='lat' dir='ltr'>XVII</span> <span class='ocrx_word' id='word_1_555' title='bbox 2808 2329 3102 2400; x_wconf 88' lang='lat' dir='ltr'>complura</span> <span class='ocrx_word' id='word_1_556' title='bbox 3126 2329 3290 2384; x_wconf 84' lang='lat' dir='ltr'>affert</span> <span class='ocrx_word' id='word_1_557' title='bbox 3316 2349 3439 2401; x_wconf 77' lang='lat' dir='ltr'>quae</span> 
     </span>
     <span class='ocr_line' id='line_1_78' title="bbox 1884 2417 3439 2490; baseline -0.001 -18"><span class='ocrx_word' id='word_1_558' title='bbox 1884 2417 2039 2490; x_wconf 83' lang='lat' dir='ltr'>apud</span> <span class='ocrx_word' id='word_1_559' title='bbox 2063 2418 2364 2473; x_wconf 85' lang='lat' dir='ltr'>Eusebium</span> <span class='ocrx_word' id='word_1_560' title='bbox 2384 2436 2504 2471; x_wconf 89' lang='lat' dir='ltr'>non</span> <span class='ocrx_word' id='word_1_561' title='bbox 2525 2419 2809 2489; x_wconf 80' lang='lat' dir='ltr'>leguntur,</span> <span class='ocrx_word' id='word_1_562' title='bbox 2841 2427 3037 2469; x_wconf 85' lang='lat' dir='ltr'>contra</span> <span class='ocrx_word' id='word_1_563' title='bbox 3066 2432 3201 2469; x_wconf 82' lang='lat' dir='ltr'>vero</span> <span class='ocrx_word' id='word_1_564' title='bbox 3231 2418 3439 2470; x_wconf 87' lang='lat' dir='ltr'>omittit</span> 
     </span>
     <span class='ocr_line' id='line_1_79' title="bbox 1885 2502 3438 2576; baseline -0.003 -17"><span class='ocrx_word' id='word_1_565' title='bbox 1885 2523 1949 2560; x_wconf 88' lang='lat' dir='ltr'>ea</span> <span class='ocrx_word' id='word_1_566' title='bbox 1978 2522 2106 2576; x_wconf 83' lang='lat' dir='ltr'>quae</span> <span class='ocrx_word' id='word_1_567' title='bbox 2137 2504 2210 2559; x_wconf 89' lang='lat' dir='ltr'>de</span> <span class='ocrx_word' id='word_1_568' title='bbox 2243 2504 2491 2575; x_wconf 86' lang='lat' dir='ltr'>Josepbo</span> <span class='ocrx_word' id='word_1_569' title='bbox 2532 2502 2703 2558; x_wconf 88' lang='lat' dir='ltr'>habet</span> <span class='ocrx_word' id='word_1_570' title='bbox 2747 2502 3036 2556; x_wconf 88' lang='lat' dir='ltr'>Eusebius.</span> <span class='ocrx_word' id='word_1_571' title='bbox 3076 2502 3281 2555; x_wconf 81' lang='lat' dir='ltr'>Praeter</span> <span class='ocrx_word' id='word_1_572' title='bbox 3320 2503 3438 2556; x_wconf 82' lang='lat' dir='ltr'>haec</span> 
     </span>
     <span class='ocr_line' id='line_1_80' title="bbox 1883 2587 3439 2658; baseline -0.003 -13"><span class='ocrx_word' id='word_1_573' title='bbox 1883 2591 1991 2645; x_wconf 88' lang='lat' dir='ltr'>alia</span> <span class='ocrx_word' id='word_1_574' title='bbox 2019 2591 2194 2644; x_wconf 87' lang='lat' dir='ltr'>multa</span> <span class='ocrx_word' id='word_1_575' title='bbox 2220 2590 2516 2644; x_wconf 83' lang='lat' dir='ltr'>Boeckhius</span> <span class='ocrx_word' id='word_1_576' title='bbox 2535 2587 2734 2655; x_wconf 76' lang='lat' dir='ltr'>affert,</span> <span class='ocrx_word' id='word_1_577' title='bbox 2772 2605 2898 2658; x_wconf 85' lang='lat' dir='ltr'>quae</span> <span class='ocrx_word' id='word_1_578' title='bbox 2921 2587 3326 2657; x_wconf 82' lang='lat' dir='ltr'>Syncellianam</span> <span class='ocrx_word' id='word_1_579' title='bbox 3366 2588 3439 2642; x_wconf 87' lang='lat' dir='ltr'>de</span> 
     </span>
     <span class='ocr_line' id='line_1_81' title="bbox 1884 2672 3438 2746; baseline 0.001 -17"><span class='ocrx_word' id='word_1_580' title='bbox 1884 2677 2164 2732; x_wconf 90' lang='lat' dir='ltr'>laterculis</span> <span class='ocrx_word' id='word_1_581' title='bbox 2185 2676 2407 2731; x_wconf 86' lang='lat' dir='ltr'>Eusebii</span> <span class='ocrx_word' id='word_1_582' title='bbox 2430 2676 2761 2730; x_wconf 88' lang='lat' dir='ltr'>sententiam</span> <span class='ocrx_word' id='word_1_583' title='bbox 2789 2674 3044 2731; x_wconf 83' lang='lat' dir='ltr'>refellant</span> <span class='ocrx_word' id='word_1_584' title='bbox 3068 2672 3152 2746; x_wconf 65' lang='grc' dir='ltr'>Γ).</span> <span class='ocrx_word' id='word_1_585' title='bbox 3175 2676 3438 2730; x_wconf 86' lang='lat' dir='ltr'>Statuen-</span> 
     </span>
    </p>
   </div>
   <div class='ocr_carea' id='block_1_7' title="bbox 1878 2816 3440 4905">
    <p class='ocr_par' dir='ltr' id='par_1_8' title="bbox 1878 2816 3440 4905">
     <span class='ocr_line' id='line_1_82' title="bbox 1947 2816 3436 2885; baseline -0.001 -14"><span class='ocrx_word' id='word_1_586' title='bbox 1947 2823 2009 2883; x_wconf 81' lang='lat'>(*)</span> <span class='ocrx_word' id='word_1_587' title='bbox 2035 2823 2286 2872; x_wconf 75' lang='lat' dir='ltr'>ssoeckhius</span> <span class='ocrx_word' id='word_1_588' title='bbox 2308 2822 2341 2871; x_wconf 87' lang='lat'>1.</span> <span class='ocrx_word' id='word_1_589' title='bbox 2373 2822 2405 2871; x_wconf 89' lang='grc'>1.</span> <span class='ocrx_word' id='word_1_590' title='bbox 2433 2836 2480 2885; x_wconf 90' lang='lat' dir='ltr'>p.</span> <span class='ocrx_word' id='word_1_591' title='bbox 2516 2825 2595 2870; x_wconf 78' lang='lat'>117</span> <span class='ocrx_word' id='word_1_592' title='bbox 2626 2840 2638 2869; x_wconf 73' lang='grc' dir='ltr'><strong><em>ε</em></strong></span> <span class='ocrx_word' id='word_1_593' title='bbox 2681 2840 2704 2862; x_wconf 74' lang='grc' dir='ltr'>«ι</span> <span class='ocrx_word' id='word_1_594' title='bbox 2731 2823 2797 2870; x_wconf 83' lang='lat' dir='ltr'>lst</span> <span class='ocrx_word' id='word_1_595' title='bbox 2826 2816 2877 2868; x_wconf 85' lang='lat' dir='ltr'>es</span> <span class='ocrx_word' id='word_1_596' title='bbox 2917 2833 3026 2868; x_wconf 88' lang='lat' dir='ltr'>zum</span> <span class='ocrx_word' id='word_1_597' title='bbox 3071 2820 3269 2881; x_wconf 86' lang='lat' dir='ltr'>Beispiel</span> <span class='ocrx_word' id='word_1_598' title='bbox 3311 2822 3436 2871; x_wconf 78' lang='lat' dir='ltr'>wohl</span> 
     </span>
     <span class='ocr_line' id='line_1_83' title="bbox 1882 2889 3439 2951; baseline -0.001 -11"><span class='ocrx_word' id='word_1_599' title='bbox 1882 2892 2112 2949; x_wconf 77' lang='lat' dir='ltr'>deukbar,</span> <span class='ocrx_word' id='word_1_600' title='bbox 2141 2892 2249 2940; x_wconf 85' lang='lat' dir='ltr'>dass</span> <span class='ocrx_word' id='word_1_601' title='bbox 2270 2905 2323 2940; x_wconf 86' lang='lat' dir='ltr'>er</span> <span class='ocrx_word' id='word_1_602' title='bbox 2347 2890 2441 2939; x_wconf 89' lang='lat' dir='ltr'>den</span> <span class='ocrx_word' id='word_1_603' title='bbox 2461 2889 2713 2951; x_wconf 82' lang='lat' dir='ltr'>AEtbiopen</span> <span class='ocrx_word' id='word_1_604' title='bbox 2739 2894 2999 2948; x_wconf 80' lang='lat' dir='ltr'>Ammeres,</span> <span class='ocrx_word' id='word_1_605' title='bbox 3019 2889 3108 2936; x_wconf 82' lang='lat' dir='ltr'>mit</span> <span class='ocrx_word' id='word_1_606' title='bbox 3136 2889 3366 2937; x_wconf 81' lang='lat' dir='ltr'>welcbem</span> <span class='ocrx_word' id='word_1_607' title='bbox 3387 2905 3439 2939; x_wconf 79' lang='lat' dir='ltr'>er</span> 
     </span>
     <span class='ocr_line' id='line_1_84' title="bbox 1884 2957 3436 3021; baseline -0.003 -10"><span class='ocrx_word' id='word_1_608' title='bbox 1884 2963 1982 3021; x_wconf 81' lang='lat' dir='ltr'>(se.</span> <span class='ocrx_word' id='word_1_609' title='bbox 2003 2962 2298 3021; x_wconf 85' lang='lat' dir='ltr'>Eusebius),</span> <span class='ocrx_word' id='word_1_610' title='bbox 2321 2960 2504 3010; x_wconf 82' lang='lat' dir='ltr'>freilicb</span> <span class='ocrx_word' id='word_1_611' title='bbox 2523 2959 2830 3020; x_wconf 82' lang='lat' dir='ltr'>ungescbickt</span> <span class='ocrx_word' id='word_1_612' title='bbox 2846 2971 3028 3019; x_wconf 84' lang='lat' dir='ltr'>genug‚</span> <span class='ocrx_word' id='word_1_613' title='bbox 3048 2958 3126 3006; x_wconf 87' lang='lat' dir='ltr'>die</span> <span class='ocrx_word' id='word_1_614' title='bbox 3143 2957 3229 3007; x_wconf 80' lang='lat' dir='ltr'>der</span> <span class='ocrx_word' id='word_1_615' title='bbox 3251 2959 3436 3008; x_wconf 79' lang='lat' dir='ltr'>AEtbio·</span> 
     </span>
     <span class='ocr_line' id='line_1_85' title="bbox 1882 3028 3439 3093; baseline -0.001 -14"><span class='ocrx_word' id='word_1_616' title='bbox 1882 3032 2076 3093; x_wconf 83' lang='lat' dir='ltr'>piseben</span> <span class='ocrx_word' id='word_1_617' title='bbox 2095 3030 2436 3092; x_wconf 73' lang='lat' dir='ltr'>nacbtolgende</span> <span class='ocrx_word' id='word_1_618' title='bbox 2451 3037 2513 3079; x_wconf 78' lang='lat'>26</span> <span class='ocrx_word' id='word_1_619' title='bbox 2527 3033 2569 3069; x_wconf 63' lang='grc' dir='ltr'>(θ</span> <span class='ocrx_word' id='word_1_620' title='bbox 2588 3030 2813 3090; x_wconf 81' lang='lat' dir='ltr'>Dynastie</span> <span class='ocrx_word' id='word_1_621' title='bbox 2831 3028 3062 3089; x_wconf 82' lang='lat' dir='ltr'>begiuuen</span> <span class='ocrx_word' id='word_1_622' title='bbox 3086 3028 3178 3077; x_wconf 65' lang='lat' dir='ltr'>last</span> <span class='ocrx_word' id='word_1_623' title='bbox 3190 3064 3205 3087; x_wconf 90' lang='lat'>,</span> <span class='ocrx_word' id='word_1_624' title='bbox 3230 3029 3331 3078; x_wconf 87' lang='lat' dir='ltr'>rein</span> <span class='ocrx_word' id='word_1_625' title='bbox 3353 3042 3439 3078; x_wconf 85' lang='lat' dir='ltr'>aus</span> 
     </span>
     <span class='ocr_line' id='line_1_86' title="bbox 1881 3098 3440 3171; baseline -0.003 -20"><span class='ocrx_word' id='word_1_626' title='bbox 1881 3101 1968 3151; x_wconf 84' lang='lat' dir='ltr'>der</span> <span class='ocrx_word' id='word_1_627' title='bbox 2003 3102 2112 3151; x_wconf 71' lang='lat' dir='ltr'>tun</span> <span class='ocrx_word' id='word_1_628' title='bbox 2149 3103 2374 3171; x_wconf 77' lang='lat' dir='ltr'>gegriss&#39;en</span> <span class='ocrx_word' id='word_1_629' title='bbox 2399 3100 2553 3148; x_wconf 82' lang='lat' dir='ltr'>habe?</span> <span class='ocrx_word' id='word_1_630' title='bbox 2571 3099 2755 3148; x_wconf 85' lang='lat' dir='ltr'>Sollten</span> <span class='ocrx_word' id='word_1_631' title='bbox 2791 3100 2870 3146; x_wconf 86' lang='lat' dir='ltr'>die</span> <span class='ocrx_word' id='word_1_632' title='bbox 2895 3099 3118 3155; x_wconf 74' lang='lat' dir='ltr'>Zusiitze,</span> <span class='ocrx_word' id='word_1_633' title='bbox 3140 3098 3233 3147; x_wconf 86' lang='lat' dir='ltr'>wie</span> <span class='ocrx_word' id='word_1_634' title='bbox 3257 3098 3334 3147; x_wconf 84' lang='lat' dir='ltr'>bei</span> <span class='ocrx_word' id='word_1_635' title='bbox 3353 3099 3440 3148; x_wconf 83' lang='lat' dir='ltr'>der</span> 
     </span>
     <span class='ocr_line' id='line_1_87' title="bbox 1881 3166 3439 3232; baseline -0.001 -14"><span class='ocrx_word' id='word_1_636' title='bbox 1881 3171 2122 3219; x_wconf 77' lang='lat' dir='ltr'>zwoeltten</span> <span class='ocrx_word' id='word_1_637' title='bbox 2137 3169 2361 3232; x_wconf 77' lang='lat' dir='ltr'>Dynastie</span> <span class='ocrx_word' id='word_1_638' title='bbox 2371 3168 2455 3217; x_wconf 88' lang='lat' dir='ltr'>der</span> <span class='ocrx_word' id='word_1_639' title='bbox 2473 3168 2592 3218; x_wconf 72' lang='lat' dir='ltr'>iiber</span> <span class='ocrx_word' id='word_1_640' title='bbox 2605 3168 2683 3217; x_wconf 89' lang='lat' dir='ltr'>die</span> <span class='ocrx_word' id='word_1_641' title='bbox 2699 3170 2862 3217; x_wconf 86' lang='lat' dir='ltr'>statur</span> <span class='ocrx_word' id='word_1_642' title='bbox 2872 3166 2956 3215; x_wconf 83' lang='lat' dir='ltr'>des</span> <span class='ocrx_word' id='word_1_643' title='bbox 2970 3166 3209 3227; x_wconf 86' lang='lat' dir='ltr'>Sesostris,</span> <span class='ocrx_word' id='word_1_644' title='bbox 3222 3168 3343 3215; x_wconf 83' lang='lat' dir='ltr'>auch</span> <span class='ocrx_word' id='word_1_645' title='bbox 3355 3182 3439 3216; x_wconf 84' lang='lat' dir='ltr'>aus</span> 
     </span>
     <span class='ocr_line' id='line_1_88' title="bbox 1882 3237 3435 3299; baseline -0.003 -9"><span class='ocrx_word' id='word_1_646' title='bbox 1882 3241 2132 3290; x_wconf 75' lang='lat' dir='ltr'>Africanus</span> <span class='ocrx_word' id='word_1_647' title='bbox 2152 3243 2462 3289; x_wconf 86' lang='lat' dir='ltr'>entuommen</span> <span class='ocrx_word' id='word_1_648' title='bbox 2475 3237 2594 3298; x_wconf 85' lang='lat' dir='ltr'>sein,</span> <span class='ocrx_word' id='word_1_649' title='bbox 2619 3237 2830 3299; x_wconf 81' lang='lat' dir='ltr'>obgleicb</span> <span class='ocrx_word' id='word_1_650' title='bbox 2850 3237 2918 3286; x_wconf 87' lang='lat' dir='ltr'>sie</span> <span class='ocrx_word' id='word_1_651' title='bbox 2940 3237 2990 3284; x_wconf 87' lang='lat' dir='ltr'>in</span> <span class='ocrx_word' id='word_1_652' title='bbox 3017 3249 3233 3285; x_wconf 85' lang='lat' dir='ltr'>unserem</span> <span class='ocrx_word' id='word_1_653' title='bbox 3255 3237 3435 3287; x_wconf 69' lang='lat' dir='ltr'>Asi-im·</span> 
     </span>
     <span class='ocr_line' id='line_1_89' title="bbox 1882 3300 3435 3370; baseline -0.003 -12"><span class='ocrx_word' id='word_1_654' title='bbox 1882 3311 2096 3360; x_wconf 88' lang='lat' dir='ltr'>niscbem</span> <span class='ocrx_word' id='word_1_655' title='bbox 2112 3314 2326 3370; x_wconf 77' lang='lat' dir='ltr'>Auszuge</span> <span class='ocrx_word' id='word_1_656' title='bbox 2355 3300 2538 3366; x_wconf 74' lang='lat' dir='ltr'>seble&#39;n,</span> <span class='ocrx_word' id='word_1_657' title='bbox 2565 3306 2666 3355; x_wconf 89' lang='lat' dir='ltr'>und</span> <span class='ocrx_word' id='word_1_658' title='bbox 2689 3306 2789 3355; x_wconf 83' lang='lat' dir='ltr'>also</span> <span class='ocrx_word' id='word_1_659' title='bbox 2809 3305 2986 3355; x_wconf 81' lang='lat' dir='ltr'>wieder</span> <span class='ocrx_word' id='word_1_660' title='bbox 3004 3307 3102 3354; x_wconf 85' lang='lat' dir='ltr'>erst</span> <span class='ocrx_word' id='word_1_661' title='bbox 3129 3305 3206 3354; x_wconf 84' lang='lat' dir='ltr'>die</span> <span class='ocrx_word' id='word_1_662' title='bbox 3231 3309 3435 3354; x_wconf 73' lang='lat' dir='ltr'>vorans·</span> 
     </span>
     <span class='ocr_line' id='line_1_90' title="bbox 1879 3376 3437 3443; baseline -0.004 -13"><span class='ocrx_word' id='word_1_663' title='bbox 1879 3384 2077 3443; x_wconf 79' lang='lat' dir='ltr'>setzung</span> <span class='ocrx_word' id='word_1_664' title='bbox 2111 3393 2171 3428; x_wconf 90' lang='lat' dir='ltr'>zu</span> <span class='ocrx_word' id='word_1_665' title='bbox 2202 3378 2360 3428; x_wconf 83' lang='lat' dir='ltr'>bilden</span> <span class='ocrx_word' id='word_1_666' title='bbox 2401 3381 2558 3439; x_wconf 66' lang='lat' dir='ltr'>ware,</span> <span class='ocrx_word' id='word_1_667' title='bbox 2602 3377 2689 3427; x_wconf 86' lang='lat' dir='ltr'>der</span> <span class='ocrx_word' id='word_1_668' title='bbox 2728 3378 2923 3425; x_wconf 85' lang='lat' dir='ltr'>letztere</span> <span class='ocrx_word' id='word_1_669' title='bbox 2962 3376 3029 3424; x_wconf 88' lang='lat' dir='ltr'>sei</span> <span class='ocrx_word' id='word_1_670' title='bbox 3073 3377 3437 3425; x_wconf 77' lang='lat' dir='ltr'>verstiiinmeit?</span> 
     </span>
     <span class='ocr_line' id='line_1_91' title="bbox 1882 3446 3434 3510; baseline -0.003 -10"><span class='ocrx_word' id='word_1_671' title='bbox 1882 3451 2022 3500; x_wconf 87' lang='lat' dir='ltr'>Diese</span> <span class='ocrx_word' id='word_1_672' title='bbox 2062 3452 2449 3510; x_wconf 81' lang='lat' dir='ltr'>Voraussetzung</span> <span class='ocrx_word' id='word_1_673' title='bbox 2483 3448 2546 3497; x_wconf 89' lang='lat' dir='ltr'>ist</span> <span class='ocrx_word' id='word_1_674' title='bbox 2588 3446 2822 3495; x_wconf 80' lang='lat' dir='ltr'>vielmebr</span> <span class='ocrx_word' id='word_1_675' title='bbox 2852 3446 3083 3507; x_wconf 79' lang='lat' dir='ltr'>gei-adezu</span> <span class='ocrx_word' id='word_1_676' title='bbox 3124 3446 3391 3508; x_wconf 71' lang='lat' dir='ltr'>unzuliissig</span> <span class='ocrx_word' id='word_1_677' title='bbox 3421 3466 3434 3495; x_wconf 72' lang='grc' dir='ltr'><strong><em>ε</em></strong></span> 
     </span>
     <span class='ocr_line' id='line_1_92' title="bbox 1888 3514 3436 3583; baseline -0.005 -12"><span class='ocrx_word' id='word_1_678' title='bbox 1888 3520 2078 3583; x_wconf 77' lang='lat' dir='ltr'>syncel}</span> <span class='ocrx_word' id='word_1_679' title='bbox 2107 3520 2193 3568; x_wconf 81' lang='lat' dir='ltr'>bat</span> <span class='ocrx_word' id='word_1_680' title='bbox 2219 3518 2314 3568; x_wconf 86' lang='lat' dir='ltr'>den</span> <span class='ocrx_word' id='word_1_681' title='bbox 2334 3524 2524 3579; x_wconf 79' lang='lat' dir='ltr'>Auszug</span> <span class='ocrx_word' id='word_1_682' title='bbox 2540 3517 2625 3567; x_wconf 88' lang='lat' dir='ltr'>des</span> <span class='ocrx_word' id='word_1_683' title='bbox 2649 3516 2881 3566; x_wconf 76' lang='lat' dir='ltr'>Eusebius</span> <span class='ocrx_word' id='word_1_684' title='bbox 2905 3527 3058 3577; x_wconf 85' lang='lat' dir='ltr'>genau</span> <span class='ocrx_word' id='word_1_685' title='bbox 3079 3514 3178 3562; x_wconf 89' lang='lat' dir='ltr'>und</span> <span class='ocrx_word' id='word_1_686' title='bbox 3199 3516 3436 3565; x_wconf 66' lang='lat' dir='ltr'>vollstaen-</span> 
     </span>
     <span class='ocr_line' id='line_1_93' title="bbox 1880 3584 3438 3653; baseline -0.004 -13"><span class='ocrx_word' id='word_1_687' title='bbox 1880 3592 1960 3653; x_wconf 83' lang='lat' dir='ltr'>dig</span> <span class='ocrx_word' id='word_1_688' title='bbox 1980 3588 2395 3651; x_wconf 68' lang='lat' dir='ltr'>wieder-gegebem</span> <span class='ocrx_word' id='word_1_689' title='bbox 2427 3589 2527 3637; x_wconf 87' lang='lat' dir='ltr'>also</span> <span class='ocrx_word' id='word_1_690' title='bbox 2557 3601 2688 3636; x_wconf 86' lang='lat' dir='ltr'>muss</span> <span class='ocrx_word' id='word_1_691' title='bbox 2721 3599 2832 3635; x_wconf 83' lang='lat' dir='ltr'>man</span> <span class='ocrx_word' id='word_1_692' title='bbox 2858 3585 2960 3633; x_wconf 88' lang='lat' dir='ltr'>ibm</span> <span class='ocrx_word' id='word_1_693' title='bbox 2988 3584 3064 3633; x_wconf 89' lang='lat' dir='ltr'>die</span> <span class='ocrx_word' id='word_1_694' title='bbox 3086 3585 3438 3647; x_wconf 80' lang='lat' dir='ltr'>Gerechtigkeit</span> 
     </span>
     <span class='ocr_line' id='line_1_94' title="bbox 1879 3656 3434 3718; baseline -0.004 -8"><span class='ocrx_word' id='word_1_695' title='bbox 1879 3660 2195 3710; x_wconf 71' lang='lat' dir='ltr'>wider-fabren</span> <span class='ocrx_word' id='word_1_696' title='bbox 2236 3660 2415 3718; x_wconf 66' lang='lat' dir='ltr'>nissen,</span> <span class='ocrx_word' id='word_1_697' title='bbox 2455 3671 2509 3707; x_wconf 88' lang='lat' dir='ltr'>er</span> <span class='ocrx_word' id='word_1_698' title='bbox 2546 3658 2668 3706; x_wconf 83' lang='lat' dir='ltr'>habe</span> <span class='ocrx_word' id='word_1_699' title='bbox 2690 3656 2903 3706; x_wconf 86' lang='lat' dir='ltr'>dasselbe</span> <span class='ocrx_word' id='word_1_700' title='bbox 2929 3656 2978 3703; x_wconf 90' lang='lat' dir='ltr'>in</span> <span class='ocrx_word' id='word_1_701' title='bbox 3012 3657 3166 3716; x_wconf 80' lang='lat' dir='ltr'>Bezug</span> <span class='ocrx_word' id='word_1_702' title='bbox 3195 3656 3284 3704; x_wconf 81' lang='lat' dir='ltr'>aus</span> <span class='ocrx_word' id='word_1_703' title='bbox 3311 3657 3434 3704; x_wconf 77' lang='lat' dir='ltr'>Afri-</span> 
     </span>
     <span class='ocr_line' id='line_1_95' title="bbox 1880 3723 3436 3792; baseline -0.006 -12"><span class='ocrx_word' id='word_1_704' title='bbox 1880 3743 2031 3780; x_wconf 83' lang='lat' dir='ltr'>canus</span> <span class='ocrx_word' id='word_1_705' title='bbox 2050 3730 2243 3792; x_wconf 77' lang='lat' dir='ltr'>gethan.</span> <span class='ocrx_word' id='word_1_706' title='bbox 2268 3731 2445 3777; x_wconf 74' lang='lat' dir='ltr'>Fet-ner</span> <span class='ocrx_word' id='word_1_707' title='bbox 2467 3727 2653 3776; x_wconf 86' lang='lat' dir='ltr'>stimmt</span> <span class='ocrx_word' id='word_1_708' title='bbox 2676 3724 2755 3781; x_wconf 87' lang='lat' dir='ltr'>die</span> <span class='ocrx_word' id='word_1_709' title='bbox 2773 3729 2849 3774; x_wconf 83' lang='lat'>27.</span> <span class='ocrx_word' id='word_1_710' title='bbox 2873 3729 2950 3774; x_wconf 81' lang='lat'>29.</span> <span class='ocrx_word' id='word_1_711' title='bbox 2974 3723 3073 3772; x_wconf 86' lang='lat' dir='ltr'>und</span> <span class='ocrx_word' id='word_1_712' title='bbox 3111 3730 3188 3773; x_wconf 79' lang='lat'>30.</span> <span class='ocrx_word' id='word_1_713' title='bbox 3212 3726 3436 3786; x_wconf 77' lang='lat' dir='ltr'>Dynastie</span> 
     </span>
     <span class='ocr_line' id='line_1_96' title="bbox 1880 3794 3436 3851; baseline -0.004 -1"><span class='ocrx_word' id='word_1_714' title='bbox 1880 3801 1966 3851; x_wconf 85' lang='lat' dir='ltr'>der</span> <span class='ocrx_word' id='word_1_715' title='bbox 1989 3799 2311 3850; x_wconf 80' lang='lat' dir='ltr'>Eusebiseben</span> <span class='ocrx_word' id='word_1_716' title='bbox 2328 3798 2588 3847; x_wconf 80' lang='lat' dir='ltr'>Redaction</span> <span class='ocrx_word' id='word_1_717' title='bbox 2611 3796 2696 3845; x_wconf 86' lang='lat' dir='ltr'>des</span> <span class='ocrx_word' id='word_1_718' title='bbox 2715 3795 2937 3844; x_wconf 85' lang='lat' dir='ltr'>Manetbo</span> <span class='ocrx_word' id='word_1_719' title='bbox 2956 3794 3088 3842; x_wconf 86' lang='lat' dir='ltr'>nicht</span> <span class='ocrx_word' id='word_1_720' title='bbox 3113 3796 3200 3842; x_wconf 83' lang='lat' dir='ltr'>mit</span> <span class='ocrx_word' id='word_1_721' title='bbox 3217 3794 3326 3843; x_wconf 87' lang='lat' dir='ltr'>dem</span> <span class='ocrx_word' id='word_1_722' title='bbox 3348 3799 3436 3844; x_wconf 82' lang='lat' dir='ltr'>Eu-</span> 
     </span>
     <span class='ocr_line' id='line_1_97' title="bbox 1882 3864 3434 3927; baseline -0.005 -7"><span class='ocrx_word' id='word_1_723' title='bbox 1882 3871 2133 3920; x_wconf 86' lang='lat' dir='ltr'>sebiscben</span> <span class='ocrx_word' id='word_1_724' title='bbox 2160 3871 2326 3919; x_wconf 86' lang='lat' dir='ltr'>Canon</span> <span class='ocrx_word' id='word_1_725' title='bbox 2354 3866 2580 3927; x_wconf 68' lang='lat' dir='ltr'>ubereim</span> <span class='ocrx_word' id='word_1_726' title='bbox 2605 3866 2796 3927; x_wconf 81' lang='lat' dir='ltr'>solglicb</span> <span class='ocrx_word' id='word_1_727' title='bbox 2825 3866 2905 3913; x_wconf 83' lang='lat' dir='ltr'>bat</span> <span class='ocrx_word' id='word_1_728' title='bbox 2937 3864 3168 3913; x_wconf 86' lang='lat' dir='ltr'>Eusebius</span> <span class='ocrx_word' id='word_1_729' title='bbox 3200 3864 3326 3912; x_wconf 80' lang='lat' dir='ltr'>diese</span> <span class='ocrx_word' id='word_1_730' title='bbox 3344 3869 3434 3926; x_wconf 77' lang='lat' dir='ltr'>Dy-</span> 
     </span>
     <span class='ocr_line' id='line_1_98' title="bbox 1880 3933 3435 3999; baseline -0.004 -10"><span class='ocrx_word' id='word_1_731' title='bbox 1880 3940 2092 3989; x_wconf 80' lang='lat' dir='ltr'>nastieen</span> <span class='ocrx_word' id='word_1_732' title='bbox 2109 3975 2123 3999; x_wconf 90' lang='lat'>‚</span> <span class='ocrx_word' id='word_1_733' title='bbox 2149 3937 2435 3999; x_wconf 82' lang='lat' dir='ltr'>ungeacbtet</span> <span class='ocrx_word' id='word_1_734' title='bbox 2477 3937 2544 3985; x_wconf 86' lang='lat' dir='ltr'>sie</span> <span class='ocrx_word' id='word_1_735' title='bbox 2570 3949 2665 3983; x_wconf 76' lang='lat' dir='ltr'>von</span> <span class='ocrx_word' id='word_1_736' title='bbox 2698 3935 2852 3983; x_wconf 85' lang='lat' dir='ltr'>denen</span> <span class='ocrx_word' id='word_1_737' title='bbox 2875 3934 2960 3983; x_wconf 65' lang='lat' dir='ltr'>‹1ae</span> <span class='ocrx_word' id='word_1_738' title='bbox 2984 3933 3232 3981; x_wconf 78' lang='lat' dir='ltr'>Africanus</span> <span class='ocrx_word' id='word_1_739' title='bbox 3265 3933 3435 3983; x_wconf 81' lang='lat' dir='ltr'>abwei·</span> 
     </span>
     <span class='ocr_line' id='line_1_99' title="bbox 1879 4002 3435 4070; baseline -0.004 -12"><span class='ocrx_word' id='word_1_740' title='bbox 1879 4012 2020 4070; x_wconf 79' lang='lat' dir='ltr'>chen,</span> <span class='ocrx_word' id='word_1_741' title='bbox 2046 4009 2179 4057; x_wconf 84' lang='lat' dir='ltr'>nicbt</span> <span class='ocrx_word' id='word_1_742' title='bbox 2201 4008 2326 4057; x_wconf 85' lang='lat' dir='ltr'>nach</span> <span class='ocrx_word' id='word_1_743' title='bbox 2339 4007 2494 4056; x_wconf 84' lang='lat' dir='ltr'>seiner</span> <span class='ocrx_word' id='word_1_744' title='bbox 2515 4005 2862 4065; x_wconf 76' lang='lat' dir='ltr'>zeitreclinung</span> <span class='ocrx_word' id='word_1_745' title='bbox 2880 4002 3285 4064; x_wconf 78' lang='lat' dir='ltr'>umgewandelt...</span> <span class='ocrx_word' id='word_1_746' title='bbox 3311 4006 3435 4053; x_wconf 78' lang='lat' dir='ltr'>Frei-</span> 
     </span>
     <span class='ocr_line' id='line_1_100' title="bbox 1881 4071 3436 4132; baseline -0.005 -4"><span class='ocrx_word' id='word_1_747' title='bbox 1881 4079 1978 4128; x_wconf 84' lang='lat' dir='ltr'>iicb</span> <span class='ocrx_word' id='word_1_748' title='bbox 2001 4079 2086 4127; x_wconf 83' lang='lat' dir='ltr'>bat</span> <span class='ocrx_word' id='word_1_749' title='bbox 2111 4077 2343 4127; x_wconf 80' lang='lat' dir='ltr'>Eusebius</span> <span class='ocrx_word' id='word_1_750' title='bbox 2360 4077 2432 4124; x_wconf 76' lang='grc' dir='ltr'>οη</span> <span class='ocrx_word' id='word_1_751' title='bbox 2452 4075 2691 4124; x_wconf 66' lang='lat' dir='ltr'>dioeelben</span> <span class='ocrx_word' id='word_1_752' title='bbox 2719 4076 2891 4123; x_wconf 80' lang='lat' dir='ltr'>Worte</span> <span class='ocrx_word' id='word_1_753' title='bbox 2910 4073 3003 4120; x_wconf 83' lang='lat' dir='ltr'>wie</span> <span class='ocrx_word' id='word_1_754' title='bbox 3029 4071 3303 4132; x_wconf 76' lang='lat' dir='ltr'>Africanus3</span> <span class='ocrx_word' id='word_1_755' title='bbox 3335 4073 3436 4122; x_wconf 75' lang='lat' dir='ltr'>dies</span> 
     </span>
     <span class='ocr_line' id='line_1_101' title="bbox 1879 4140 3435 4206; baseline -0.004 -8"><span class='ocrx_word' id='word_1_756' title='bbox 1879 4150 2056 4199; x_wconf 69' lang='lat' dir='ltr'>erklart</span> <span class='ocrx_word' id='word_1_757' title='bbox 2069 4149 2170 4198; x_wconf 85' lang='lat' dir='ltr'>sich</span> <span class='ocrx_word' id='word_1_758' title='bbox 2189 4149 2304 4197; x_wconf 84' lang='lat' dir='ltr'>aber</span> <span class='ocrx_word' id='word_1_759' title='bbox 2320 4145 2622 4206; x_wconf 82' lang='lat' dir='ltr'>hinloenglicb</span> <span class='ocrx_word' id='word_1_760' title='bbox 2637 4143 2827 4203; x_wconf 85' lang='lat' dir='ltr'>daraus,</span> <span class='ocrx_word' id='word_1_761' title='bbox 2848 4143 2955 4189; x_wconf 84' lang='lat' dir='ltr'>dass</span> <span class='ocrx_word' id='word_1_762' title='bbox 2976 4142 3077 4189; x_wconf 83' lang='lat' dir='ltr'>ihre</span> <span class='ocrx_word' id='word_1_763' title='bbox 3095 4140 3296 4197; x_wconf 84' lang='lat' dir='ltr'>Queilen</span> <span class='ocrx_word' id='word_1_764' title='bbox 3315 4143 3435 4191; x_wconf 76' lang='lat' dir='ltr'>biiu-</span> 
     </span>
     <span class='ocr_line' id='line_1_102' title="bbox 1878 4210 3433 4280; baseline -0.005 -13"><span class='ocrx_word' id='word_1_765' title='bbox 1878 4220 1942 4280; x_wconf 79' lang='lat' dir='ltr'>ng</span> <span class='ocrx_word' id='word_1_766' title='bbox 1957 4219 2382 4268; x_wconf 78' lang='lat' dir='ltr'>iibereinstimmeu</span> <span class='ocrx_word' id='word_1_767' title='bbox 2404 4214 2654 4271; x_wconf 73' lang='lat' dir='ltr'>mochum,</span> <span class='ocrx_word' id='word_1_768' title='bbox 2679 4213 2778 4260; x_wconf 91' lang='lat' dir='ltr'>und</span> <span class='ocrx_word' id='word_1_769' title='bbox 2805 4212 2914 4260; x_wconf 88' lang='lat' dir='ltr'>dass</span> <span class='ocrx_word' id='word_1_770' title='bbox 2953 4210 3211 4271; x_wconf 78' lang='lat' dir='ltr'>Eusebius,</span> <span class='ocrx_word' id='word_1_771' title='bbox 3230 4212 3324 4259; x_wconf 87' lang='lat' dir='ltr'>wie</span> <span class='ocrx_word' id='word_1_772' title='bbox 3352 4226 3433 4260; x_wconf 84' lang='lat' dir='ltr'>na·</span> 
     </span>
     <span class='ocr_line' id='line_1_103' title="bbox 1879 4279 3435 4347; baseline -0.005 -10"><span class='ocrx_word' id='word_1_773' title='bbox 1879 4288 2082 4347; x_wconf 78' lang='lat' dir='ltr'>turlicb,</span> <span class='ocrx_word' id='word_1_774' title='bbox 2119 4287 2242 4336; x_wconf 81' lang='lat' dir='ltr'>auch</span> <span class='ocrx_word' id='word_1_775' title='bbox 2273 4285 2358 4334; x_wconf 89' lang='lat' dir='ltr'>das</span> <span class='ocrx_word' id='word_1_776' title='bbox 2393 4281 2851 4345; x_wconf 81' lang='lat' dir='ltr'>chronographiscbe</span> <span class='ocrx_word' id='word_1_777' title='bbox 2889 4279 3038 4329; x_wconf 86' lang='lat' dir='ltr'>Werk</span> <span class='ocrx_word' id='word_1_778' title='bbox 3062 4279 3146 4328; x_wconf 87' lang='lat' dir='ltr'>des</span> <span class='ocrx_word' id='word_1_779' title='bbox 3184 4282 3435 4329; x_wconf 78' lang='lat' dir='ltr'>Africanus</span> 
     </span>
     <span class='ocr_line' id='line_1_104' title="bbox 1882 4350 3433 4411; baseline -0.005 -5"><span class='ocrx_word' id='word_1_780' title='bbox 1882 4371 1968 4405; x_wconf 76' lang='lat' dir='ltr'>vor</span> <span class='ocrx_word' id='word_1_781' title='bbox 2000 4357 2100 4406; x_wconf 85' lang='lat' dir='ltr'>sich</span> <span class='ocrx_word' id='word_1_782' title='bbox 2123 4356 2259 4404; x_wconf 82' lang='lat' dir='ltr'>batte</span> <span class='ocrx_word' id='word_1_783' title='bbox 2292 4352 2390 4402; x_wconf 90' lang='lat' dir='ltr'>und</span> <span class='ocrx_word' id='word_1_784' title='bbox 2425 4353 2667 4401; x_wconf 79' lang='lat' dir='ltr'>benutzte.</span> <span class='ocrx_word' id='word_1_785' title='bbox 2705 4350 2967 4411; x_wconf 80' lang='lat' dir='ltr'>Allerdings</span> <span class='ocrx_word' id='word_1_786' title='bbox 3001 4361 3133 4398; x_wconf 87' lang='lat' dir='ltr'>muss</span> <span class='ocrx_word' id='word_1_787' title='bbox 3166 4351 3433 4411; x_wconf 75' lang='lat' dir='ltr'>zugcgebeu</span> 
     </span>
     <span class='ocr_line' id='line_1_105' title="bbox 1879 4419 3430 4487; baseline -0.003 -13"><span class='ocrx_word' id='word_1_788' title='bbox 1879 4426 2101 4487; x_wconf 84' lang='lat' dir='ltr'>werden,</span> <span class='ocrx_word' id='word_1_789' title='bbox 2124 4425 2233 4474; x_wconf 83' lang='lat' dir='ltr'>dass</span> <span class='ocrx_word' id='word_1_790' title='bbox 2251 4422 2486 4473; x_wconf 80' lang='lat' dir='ltr'>Eusebius</span> <span class='ocrx_word' id='word_1_791' title='bbox 2511 4423 2576 4471; x_wconf 88' lang='lat' dir='ltr'>im</span> <span class='ocrx_word' id='word_1_792' title='bbox 2601 4426 2794 4480; x_wconf 66' lang='lat' dir='ltr'>cauom</span> <span class='ocrx_word' id='word_1_793' title='bbox 2831 4420 3021 4481; x_wconf 67' lang='lat' dir='ltr'>Einiges</span> <span class='ocrx_word' id='word_1_794' title='bbox 3059 4419 3182 4467; x_wconf 87' lang='lat' dir='ltr'>auch</span> <span class='ocrx_word' id='word_1_795' title='bbox 3222 4420 3348 4468; x_wconf 81' lang='lat' dir='ltr'>wohl</span> <span class='ocrx_word' id='word_1_796' title='bbox 3381 4421 3430 4469; x_wconf 89' lang='lat' dir='ltr'>in</span> 
     </span>
     <span class='ocr_line' id='line_1_106' title="bbox 1881 4490 3432 4557; baseline -0.006 -10"><span class='ocrx_word' id='word_1_797' title='bbox 1881 4496 2106 4547; x_wconf 83' lang='lat' dir='ltr'>Manetbo</span> <span class='ocrx_word' id='word_1_798' title='bbox 2122 4531 2138 4557; x_wconf 88' lang='lat'>,</span> <span class='ocrx_word' id='word_1_799' title='bbox 2162 4493 2505 4555; x_wconf 77' lang='lat' dir='ltr'>eigenmiicbtig</span> <span class='ocrx_word' id='word_1_800' title='bbox 2525 4491 2880 4552; x_wconf 83' lang='lat' dir='ltr'>zugeschnitten</span> <span class='ocrx_word' id='word_1_801' title='bbox 2905 4490 3044 4548; x_wconf 86' lang='lat' dir='ltr'>habe,</span> <span class='ocrx_word' id='word_1_802' title='bbox 3071 4501 3211 4537; x_wconf 87' lang='lat' dir='ltr'>wenn</span> <span class='ocrx_word' id='word_1_803' title='bbox 3228 4491 3432 4549; x_wconf 52' lang='lat' dir='ltr'>equiem</span> 
     </span>
     <span class='ocr_line' id='line_1_107' title="bbox 1879 4557 3432 4626; baseline -0.006 -10"><span class='ocrx_word' id='word_1_804' title='bbox 1879 4567 1955 4616; x_wconf 80' lang='lat' dir='ltr'>fur</span> <span class='ocrx_word' id='word_1_805' title='bbox 1977 4567 2106 4615; x_wconf 87' lang='lat' dir='ltr'>seiue</span> <span class='ocrx_word' id='word_1_806' title='bbox 2134 4577 2280 4626; x_wconf 79' lang='lat' dir='ltr'>ganza</span> <span class='ocrx_word' id='word_1_807' title='bbox 2312 4562 2657 4622; x_wconf 84' lang='lat' dir='ltr'>zeitrecbnung</span> <span class='ocrx_word' id='word_1_808' title='bbox 2687 4561 2837 4609; x_wconf 83' lang='lat' dir='ltr'>sebon</span> <span class='ocrx_word' id='word_1_809' title='bbox 2868 4559 3004 4608; x_wconf 86' lang='lat' dir='ltr'>einen</span> <span class='ocrx_word' id='word_1_810' title='bbox 3028 4557 3284 4609; x_wconf 78' lang='lat' dir='ltr'>Jiidischen</span> <span class='ocrx_word' id='word_1_811' title='bbox 3316 4558 3432 4607; x_wconf 77' lang='lat' dir='ltr'>oder</span> 
     </span>
     <span class='ocr_line' id='line_1_108' title="bbox 1880 4627 3433 4694; baseline -0.008 -8"><span class='ocrx_word' id='word_1_812' title='bbox 1880 4635 2198 4687; x_wconf 83' lang='lat' dir='ltr'>christlicben</span> <span class='ocrx_word' id='word_1_813' title='bbox 2221 4634 2497 4694; x_wconf 70' lang='lat' dir='ltr'>vorgfinger</span> <span class='ocrx_word' id='word_1_814' title='bbox 2528 4631 2678 4691; x_wconf 86' lang='lat' dir='ltr'>batte,</span> <span class='ocrx_word' id='word_1_815' title='bbox 2703 4643 2804 4677; x_wconf 80' lang='lat' dir='ltr'>was</span> <span class='ocrx_word' id='word_1_816' title='bbox 2820 4628 2941 4677; x_wconf 88' lang='lat' dir='ltr'>eben</span> <span class='ocrx_word' id='word_1_817' title='bbox 2961 4627 3095 4676; x_wconf 85' lang='lat' dir='ltr'>nicht</span> <span class='ocrx_word' id='word_1_818' title='bbox 3111 4627 3433 4676; x_wconf 82' lang='lat' dir='ltr'>wahrscbein·</span> 
     </span>
     <span class='ocr_line' id='line_1_109' title="bbox 1879 4696 3430 4763; baseline -0.008 -7"><span class='ocrx_word' id='word_1_819' title='bbox 1879 4706 1974 4755; x_wconf 86' lang='lat' dir='ltr'>licb</span> <span class='ocrx_word' id='word_1_820' title='bbox 2000 4707 2088 4763; x_wconf 65' lang='grc' dir='ltr'>ἱεῖς</span> <span class='ocrx_word' id='word_1_821' title='bbox 2109 4704 2207 4753; x_wconf 88' lang='lat' dir='ltr'>und</span> <span class='ocrx_word' id='word_1_822' title='bbox 2231 4700 2520 4752; x_wconf 82' lang='lat' dir='ltr'>namentlieb</span> <span class='ocrx_word' id='word_1_823' title='bbox 2543 4699 2651 4748; x_wconf 84' lang='lat' dir='ltr'>dass</span> <span class='ocrx_word' id='word_1_824' title='bbox 2672 4712 2724 4748; x_wconf 88' lang='lat' dir='ltr'>es</span> <span class='ocrx_word' id='word_1_825' title='bbox 2741 4700 2840 4747; x_wconf 77' lang='lat' dir='ltr'>ibin</span> <span class='ocrx_word' id='word_1_826' title='bbox 2862 4698 3093 4759; x_wconf 85' lang='lat' dir='ltr'>gelungen</span> <span class='ocrx_word' id='word_1_827' title='bbox 3118 4697 3206 4757; x_wconf 85' lang='lat' dir='ltr'>ist,</span> <span class='ocrx_word' id='word_1_828' title='bbox 3225 4696 3317 4744; x_wconf 88' lang='lat' dir='ltr'>den</span> <span class='ocrx_word' id='word_1_829' title='bbox 3334 4702 3430 4745; x_wconf 80' lang='lat' dir='ltr'>An-</span> 
     </span>
     <span class='ocr_line' id='line_1_110' title="bbox 1880 4765 3430 4838; baseline -0.006 -13"><span class='ocrx_word' id='word_1_830' title='bbox 1880 4777 1990 4838; x_wconf 82' lang='lat' dir='ltr'>sang</span> <span class='ocrx_word' id='word_1_831' title='bbox 2010 4775 2097 4824; x_wconf 84' lang='lat' dir='ltr'>der</span> <span class='ocrx_word' id='word_1_832' title='bbox 2116 4781 2188 4831; x_wconf 65' lang='lat'>115.</span> <span class='ocrx_word' id='word_1_833' title='bbox 2207 4772 2431 4835; x_wconf 77' lang='lat' dir='ltr'>Dynastie</span> <span class='ocrx_word' id='word_1_834' title='bbox 2457 4768 2630 4831; x_wconf 84' lang='lat' dir='ltr'>gerade</span> <span class='ocrx_word' id='word_1_835' title='bbox 2655 4769 2745 4818; x_wconf 80' lang='lat' dir='ltr'>aus</span> <span class='ocrx_word' id='word_1_836' title='bbox 2769 4767 2855 4816; x_wconf 86' lang='lat' dir='ltr'>das</span> <span class='ocrx_word' id='word_1_837' title='bbox 2881 4770 3004 4816; x_wconf 84' lang='lat' dir='ltr'>erste</span> <span class='ocrx_word' id='word_1_838' title='bbox 3036 4765 3157 4815; x_wconf 83' lang='lat' dir='ltr'>Jabr</span> <span class='ocrx_word' id='word_1_839' title='bbox 3173 4765 3258 4814; x_wconf 89' lang='lat' dir='ltr'>des</span> <span class='ocrx_word' id='word_1_840' title='bbox 3282 4765 3430 4815; x_wconf 80' lang='lat' dir='ltr'>Abra·</span> 
     </span>
     <span class='ocr_line' id='line_1_111' title="bbox 1878 4834 3429 4905; baseline -0.009 -11"><span class='ocrx_word' id='word_1_841' title='bbox 1878 4846 1993 4895; x_wconf 87' lang='lat' dir='ltr'>bam</span> <span class='ocrx_word' id='word_1_842' title='bbox 2011 4857 2071 4893; x_wconf 78' lang='lat' dir='ltr'>zu</span> <span class='ocrx_word' id='word_1_843' title='bbox 2090 4844 2286 4905; x_wconf 77' lang='lat' dir='ltr'>bringen</span> <span class='ocrx_word' id='word_1_844' title='bbox 2300 4877 2314 4902; x_wconf 84' lang='lat'>,</span> <span class='ocrx_word' id='word_1_845' title='bbox 2341 4840 2440 4890; x_wconf 88' lang='lat' dir='ltr'>und</span> <span class='ocrx_word' id='word_1_846' title='bbox 2458 4837 2512 4889; x_wconf 86' lang='lat' dir='ltr'>so</span> <span class='ocrx_word' id='word_1_847' title='bbox 2535 4839 2860 4887; x_wconf 81' lang='lat' dir='ltr'>voilkommen</span> <span class='ocrx_word' id='word_1_848' title='bbox 2889 4836 2961 4885; x_wconf 89' lang='lat' dir='ltr'>bis</span> <span class='ocrx_word' id='word_1_849' title='bbox 2978 4849 3064 4884; x_wconf 74' lang='lat' dir='ltr'>ans</span> <span class='ocrx_word' id='word_1_850' title='bbox 3091 4834 3221 4885; x_wconf 79' lang='lat' dir='ltr'>Ende</span> <span class='ocrx_word' id='word_1_851' title='bbox 3241 4835 3326 4882; x_wconf 84' lang='lat' dir='ltr'>mit</span> <span class='ocrx_word' id='word_1_852' title='bbox 3340 4834 3429 4881; x_wconf 82' lang='lat' dir='ltr'>sei·</span> 
     </span>
    </p>
   </div>
   <div class='ocr_carea' id='block_1_8' title="bbox 1879 4905 3430 5031">
    <p class='ocr_par' dir='ltr' id='par_1_9' title="bbox 1879 4905 3430 5031">
     <span class='ocr_line' id='line_1_112' title="bbox 1879 4905 3430 4969; baseline -0.009 -3"><span class='ocrx_word' id='word_1_853' title='bbox 1879 4931 1972 4966; x_wconf 88' lang='lat' dir='ltr'>nen</span> <span class='ocrx_word' id='word_1_854' title='bbox 1993 4917 2237 4967; x_wconf 77' lang='lat' dir='ltr'>Ansoetzen</span> <span class='ocrx_word' id='word_1_855' title='bbox 2260 4911 2596 4961; x_wconf 82' lang='lat' dir='ltr'>auszureicben</span> <span class='ocrx_word' id='word_1_856' title='bbox 2643 4910 2866 4958; x_wconf 82' lang='lat' dir='ltr'>beweiset</span> <span class='ocrx_word' id='word_1_857' title='bbox 2882 4921 3026 4969; x_wconf 79' lang='lat' dir='ltr'>gegen</span> <span class='ocrx_word' id='word_1_858' title='bbox 3044 4908 3142 4956; x_wconf 88' lang='lat' dir='ltr'>ibn.</span> <span class='ocrx_word' id='word_1_859' title='bbox 3170 4905 3296 4955; x_wconf 78' lang='lat' dir='ltr'>Abei-</span> <span class='ocrx_word' id='word_1_860' title='bbox 3320 4906 3430 4953; x_wconf 79' lang='lat' dir='ltr'>sehr</span> 
     </span>
     <span class='ocr_line' id='line_1_113' title="bbox 1885 4948 3428 5031; baseline -0.008 -6"><span class='ocrx_word' id='word_1_861' title='bbox 1885 4979 2000 5027; x_wconf 79' lang='lat' dir='ltr'>viele</span> <span class='ocrx_word' id='word_1_862' title='bbox 2046 4977 2199 5025; x_wconf 86' lang='lat' dir='ltr'>seiner</span> <span class='ocrx_word' id='word_1_863' title='bbox 2235 4973 2546 5023; x_wconf 84' lang='lat' dir='ltr'>sebeinbareu</span> <span class='ocrx_word' id='word_1_864' title='bbox 2581 4948 2894 5031; x_wconf 56' lang='lat' dir='ltr'>fleueruugen</span> <span class='ocrx_word' id='word_1_865' title='bbox 2937 4970 3125 5017; x_wconf 76' lang='lat' dir='ltr'>konnen</span> <span class='ocrx_word' id='word_1_866' title='bbox 3175 4967 3309 5015; x_wconf 81' lang='lat' dir='ltr'>nicht</span> <span class='ocrx_word' id='word_1_867' title='bbox 3347 4969 3428 5014; x_wconf 79' lang='lat' dir='ltr'>aut</span> 
     </span>
    </p>
   </div>
   <div class='ocr_carea' id='block_1_9' title="bbox 1879 5035 3432 5310">
    <p class='ocr_par' dir='ltr' id='par_1_10' title="bbox 1879 5035 3432 5310">
     <span class='ocr_line' id='line_1_114' title="bbox 1879 5035 3430 5105; baseline -0.009 -9"><span class='ocrx_word' id='word_1_868' title='bbox 1879 5047 2008 5096; x_wconf 84' lang='lat' dir='ltr'>scine</span> <span class='ocrx_word' id='word_1_869' title='bbox 2023 5046 2285 5105; x_wconf 78' lang='lat' dir='ltr'>Rechnung</span> <span class='ocrx_word' id='word_1_870' title='bbox 2301 5042 2524 5091; x_wconf 83' lang='lat' dir='ltr'>kommen</span> <span class='ocrx_word' id='word_1_871' title='bbox 2539 5076 2552 5099; x_wconf 90' lang='lat'>‚</span> <span class='ocrx_word' id='word_1_872' title='bbox 2572 5039 2670 5088; x_wconf 87' lang='lat' dir='ltr'>und</span> <span class='ocrx_word' id='word_1_873' title='bbox 2690 5039 2768 5089; x_wconf 87' lang='lat' dir='ltr'>icb</span> <span class='ocrx_word' id='word_1_874' title='bbox 2785 5037 2948 5087; x_wconf 80' lang='lat' dir='ltr'>werde</span> <span class='ocrx_word' id='word_1_875' title='bbox 2972 5038 3052 5085; x_wconf 83' lang='lat' dir='ltr'>ibn</span> <span class='ocrx_word' id='word_1_876' title='bbox 3072 5035 3361 5085; x_wconf 82' lang='lat' dir='ltr'>namentlicb</span> <span class='ocrx_word' id='word_1_877' title='bbox 3381 5035 3430 5082; x_wconf 89' lang='lat' dir='ltr'>in</span> 
     </span>
     <span class='ocr_line' id='line_1_115' title="bbox 1880 5104 3429 5177; baseline -0.01 -11"><span class='ocrx_word' id='word_1_878' title='bbox 1880 5119 2037 5177; x_wconf 79' lang='lat' dir='ltr'>Bezug</span> <span class='ocrx_word' id='word_1_879' title='bbox 2062 5115 2150 5163; x_wconf 80' lang='lat' dir='ltr'>aus</span> <span class='ocrx_word' id='word_1_880' title='bbox 2169 5115 2300 5163; x_wconf 84' lang='lat' dir='ltr'>scine</span> <span class='ocrx_word' id='word_1_881' title='bbox 2326 5118 2398 5161; x_wconf 77' lang='lat'>16.</span> <span class='ocrx_word' id='word_1_882' title='bbox 2431 5109 2657 5173; x_wconf 81' lang='lat' dir='ltr'>Dyuastie</span> <span class='ocrx_word' id='word_1_883' title='bbox 2697 5107 3012 5167; x_wconf 51' lang='lat' dir='ltr'>volutandi&amp;</span> <span class='ocrx_word' id='word_1_884' title='bbox 3036 5107 3130 5154; x_wconf 83' lang='lat' dir='ltr'>wie</span> <span class='ocrx_word' id='word_1_885' title='bbox 3160 5105 3238 5152; x_wconf 88' lang='lat' dir='ltr'>ich</span> <span class='ocrx_word' id='word_1_886' title='bbox 3272 5104 3429 5161; x_wconf 77' lang='lat' dir='ltr'>besse,</span> 
     </span>
     <span class='ocr_line' id='line_1_116' title="bbox 1880 5170 3432 5244; baseline -0.011 -9"><span class='ocrx_word' id='word_1_887' title='bbox 1880 5184 2233 5244; x_wconf 83' lang='lat' dir='ltr'>recbtsertigen.</span> <span class='ocrx_word' id='word_1_888' title='bbox 2262 5181 2396 5232; x_wconf 80' lang='lat' dir='ltr'>Nach</span> <span class='ocrx_word' id='word_1_889' title='bbox 2412 5179 2742 5238; x_wconf 68' lang='lat' dir='ltr'>Ueberlegung</span> <span class='ocrx_word' id='word_1_890' title='bbox 2774 5176 2894 5225; x_wconf 81' lang='lat' dir='ltr'>alles</span> <span class='ocrx_word' id='word_1_891' title='bbox 2921 5174 3245 5235; x_wconf 73' lang='lat' dir='ltr'>Angefuhrten</span> <span class='ocrx_word' id='word_1_892' title='bbox 3274 5170 3432 5221; x_wconf 75' lang='lat' dir='ltr'>diii-sse</span> 
     </span>
     <span class='ocr_line' id='line_1_117' title="bbox 1880 5241 3430 5310; baseline -0.011 -5"><span class='ocrx_word' id='word_1_893' title='bbox 1880 5258 1983 5305; x_wconf 82' lang='lat' dir='ltr'>sicli</span> <span class='ocrx_word' id='word_1_894' title='bbox 2003 5268 2090 5304; x_wconf 86' lang='lat' dir='ltr'>aus</span> <span class='ocrx_word' id='word_1_895' title='bbox 2129 5254 2253 5302; x_wconf 84' lang='lat' dir='ltr'>allen</span> <span class='ocrx_word' id='word_1_896' title='bbox 2280 5247 2722 5310; x_wconf 80' lang='lat' dir='ltr'>Schwierigkeiten,</span> <span class='ocrx_word' id='word_1_897' title='bbox 2752 5246 2849 5294; x_wconf 88' lang='lat' dir='ltr'>und</span> <span class='ocrx_word' id='word_1_898' title='bbox 2883 5258 2968 5293; x_wconf 87' lang='lat' dir='ltr'>aus</span> <span class='ocrx_word' id='word_1_899' title='bbox 3003 5245 3112 5292; x_wconf 84' lang='lat' dir='ltr'>dem</span> <span class='ocrx_word' id='word_1_900' title='bbox 3149 5241 3430 5303; x_wconf 75' lang='lat' dir='ltr'>labyrinthi·</span> 
     </span>
    </p>
   </div>
   <div class='ocr_carea' id='block_1_10' title="bbox 3081 5370 3130 5406">
    <p class='ocr_par' dir='ltr' id='par_1_11' title="bbox 3081 5370 3130 5406">
     <span class='ocr_line' id='line_1_118' title="bbox 3081 5370 3130 5406; baseline -0.02 0"><span class='ocrx_word' id='word_1_901' title='bbox 3081 5370 3130 5406; x_wconf 73' lang='lat'>33</span> 
     </span>
    </p>
   </div>
  </div>
 </body>
</html>
