3900 6042
971 400 1367 461 menen
1417 402 1521 460 nx
1563 401 1920 465 nis‘roluA
1973 406 2280 467 monem
2334 372 2640 469 sicum(
3263 434 3389 479 xxv

150 523 438 604 συμμαχίᾳ
487 524 879 603 μετεπέμπετο
917 534 1094 587 τοῦτον
1137 529 1269 606 μετὰ
1312 533 1406 600 τῆς
1452 531 1742 608 δυνάμεως.
1840 554 2047 604 ponens,
2083 556 2196 592 curn
2232 544 2450 594 exercitu
2483 557 2593 594 eum
2633 548 2844 597 arcessit.
2883 550 2947 598 At
2983 550 3396 613 Sampsigeramus

149 613 217 671 Ὁ
238 614 294 672 δὲ
315 617 371 672 ἐν
400 616 742 694 ἀπορρήτοις
773 616 1076 689 συνθέμενος
1107 616 1235 694 πρὸς
1255 615 1454 687 Ἄζιζον
1485 621 1566 677 ἐπ’
1599 622 1747 677 ἀναι-
1839 633 1977 691 pacta
1999 630 2292 680 clandestina
2310 631 2371 680 de
2391 632 2630 683 caedendis
2648 635 2834 696 regibus
2856 648 2967 685 cum
2990 638 3134 687 Azizo
3155 640 3305 691 inivit.
3342 646 3402 691 Et

157 700 292 779 ρέσει
316 706 425 759 τῶν
453 703 733 780 βασιλέων
753 696 852 775 ἧκε
874 704 1008 781 μετὰ
1037 706 1097 780 (a)
1122 709 1211 774 τῆς
1232 705 1524 783 δυνάμεως,
1544 706 1635 765 καὶ
1655 729 1745 783 με·
1846 729 1957 765 cum
1983 718 2197 767 exercitu
2218 719 2268 767 in
2289 719 2475 781 Syriam
2507 720 2750 781 profectus
2769 723 3055 774 Antiochum
3074 727 3134 775 ad
3167 740 3218 775 se
3248 728 3398 777 advo·

152 790 455 864 τεπέμπετο
469 792 566 848 τὸν
588 790 879 871 Ἀντίοχον.
965 795 1016 851 T
1016 799 1075 849 οῦ
1097 791 1151 849 δὲ
1169 792 1253 849 διὰ
1271 794 1366 863 τὴν
1388 796 1600 866 ἄγνοιαν
1620 798 1757 852 bita-
1846 804 1990 853 cavit.
2029 804 2110 854 Rei
2137 805 2326 865 igitar-us
2365 820 2452 855 rex
2472 821 2625 868 quum
2648 808 2942 872 advenhset,
2975 810 3055 861 ille
3084 814 3168 874 qui
3190 792 3402 865 anticum

160 961 371 1023 videtur,
394 965 535 1027 quod
555 964 695 1027 jungi
710 968 892 1013 antece.
908 968 1065 1027 potest.
1089 965 1249 1015 verbis
1271 967 1297 1014 ὁ
1314 967 1363 1015 δὲ
1381 965 1626 1029 Ἀντίοχος.
1651 992 1715 1003 -
1737 973 1783 1015 2.
1801 967 1874 1027 ἡκ
1888 984 1911 1015 c
1931 967 2108 1030 μετὰ]
2131 968 2160 1027 ἧ
2186 971 2301 1028 μετὰ
2320 970 2490 1020 codex.
2513 1000 2577 1012 —
2596 974 2892 1025 Antecedens
2910 977 3227 1038 fragmentum
3249 982 3398 1042 perti·

160 1034 240 1080 net
261 1034 327 1081 ad
358 1048 447 1083 an.
477 1042 571 1096 7³,
604 1048 817 1097 sequens
844 1035 907 1083 ad
935 1049 1015 1084 an.
1041 1041 1118 1085 63.
1160 1036 1308 1097 igitur
1329 1038 1593 1085 Antiochus
1618 1049 1703 1085 rex
1733 1039 1807 1085 est
1830 1037 2091 1087 Antiochus
2110 1039 2368 1098 Asiaticus,
2389 1040 2516 1091 lilius
2546 1044 2763 1092 Antiochi
2782 1052 2866 1095 τοῦ
2894 1048 3125 1105 Eoo-etiosa
3147 1052 3195 1098 et
3213 1053 3402 1101 Selenes

167 1103 408 1163 AEgyptiae
425 1107 443 1164 (
462 1105 671 1167 Appian.
693 1109 802 1165 Syr.
824 1108 882 1153 ⁴9
896 1108 945 1153 et
964 1110 1041 1153 60.
1062 1109 1164 1153 Sec.
1189 1106 1361 1154 lustin.
1382 1108 1481 1165 XL,
1507 1111 1526 1154 t
1551 1109 1599 1154 et
1618 1107 1787 1154 Euseb.
1811 1119 1856 1168 p.
1882 1112 1965 1157 192
1987 1108 2095 1156 Ant.
2121 1108 2350 1157 Asiaticus
2368 1110 2496 1159 tilius
2514 1115 2617 1160 erat
2638 1114 2855 1162 Antiochi
2876 1117 3113 1178 Cyziceni,
3129 1133 3279 1179 quum
3299 1120 3399 1181 ejus

168 1184 319 1232 nepos
345 1176 498 1223 emet.
519 1178 585 1224 V.
607 1173 825 1223 clinton.
851 1176 903 1223 F.
933 1178 991 1223 ii.
1035 1178 1130 1235 lit,
1154 1188 1203 1237 p.
1233 1180 1325 1225 346
1360 1177 1475 1238 sq.)‚
1508 1178 1589 1238 qui
1624 1180 1874 1238 postquam
1898 1179 2124 1239 Tigranes
2155 1179 2481 1228 Romanorum
2513 1181 2658 1230 armis
2685 1184 2835 1245 Syriae
2861 1198 3005 1246 regno
3038 1189 3267 1248 spoliatus
3298 1195 3401 1239 erat.

164 1246 264 1301 (an.
282 1249 349 1293 69
360 1258 407 1292 a.
425 1247 533 1303 c.),
553 1258 583 1292 a
598 1244 806 1293 Lucullo
817 1244 1083 1307 appellatus
1096 1258 1180 1293 rex
1195 1249 1283 1294 est.
1299 1265 1323 1287 κ
1343 1246 1442 1295 sed
1454 1245 1592 1309 qaod
1611 1247 1863 1296 Lucullus
1877 1245 2094 1296 dederat
2112 1249 2360 1305 (lustinus
2379 1250 2446 1298 ait
2462 1250 2493 1297 1.
2510 1249 2542 1299 i.
2561 1250 2579 1309 )
2595 1255 2768 1312 postea
2781 1252 2975 1302 ademit
2990 1259 3259 1317 Pompeias
3273 1277 3289 1308 .·
3309 1263 3401 1323 qui

162 1316 395 1374 poscenti
432 1327 656 1375 reanum
682 1313 979 1375 respondit.
1007 1327 1068 1363 ne
1086 1317 1277 1365 volenti
1295 1316 1503 1378 quidem
1536 1319 1725 1377 syrice,
1764 1316 1952 1366 nedum
1975 1322 2270 1375 recusanti,
2298 1319 2550 1368 datarum
2569 1334 2620 1368 se
2653 1330 2845 1382 reyem,
2877 1328 2970 1387 qni
3001 1328 3151 1376 A'Vu
3161 1332 3184 1377 1
3204 1342 3395 1385 annos,

166 1383 363 1445 quibus
389 1388 645 1446 Tiyranes
670 1388 875 1446 Syriam
900 1387 1097 1441 tenuit,
1120 1387 1177 1434 in
1196 1386 1391 1447 anqulo
1415 1386 1613 1435 Ciliciae
1632 1386 1880 1447 latuerit,
1900 1388 2040 1437 victo
2056 1393 2234 1438 aiitem
2251 1390 2425 1439 eodem
2448 1393 2669 1452 Tiar-ane
2686 1405 2721 1440 a
2755 1397 3020 1457 Romanis,
3045 1397 3204 1446 alieni
3227 1404 3397 1460 operis

162 1459 395 1515 praenia
416 1456 669 1517 postulet.
701 1458 869 1516 tqitur
889 1458 951 1504 ut
974 1454 1186 1505 habenti
1204 1470 1421 1518 requam
1443 1469 1542 1505 non
1567 1456 1849 1513 ademerit,
1874 1460 1954 1506 ita
1980 1470 2080 1520 quo
2098 1461 2308 1507 cesserit
2335 1461 2573 1520 Tim-ani,
2598 1472 2699 1509 non
2724 1461 2976 1513 daturum
3003 1466 3140 1527 quod
3161 1472 3292 1517 tueri
3310 1484 3399 1518 ne·

164 1528 335 1579 sciam
359 1538 427 1573 ne
454 1538 648 1574 rursus
676 1524 883 1585 syriam
904 1524 1212 1574 Judoeorum
1237 1529 1287 1574 el
1309 1525 1537 1574 Arabum
1561 1525 1854 1575 latrociniis
1879 1526 2124 1588 infestam
2147 1526 2353 1576 reddat.
2382 1530 2543 1590 Atque
2566 1531 2642 1578 ita
2675 1533 2874 1590 synam
2899 1535 2952 1581 in
2977 1539 3266 1594 provinciae
3276 1538 3398 1599 sor·

162 1606 311 1642 nam
329 1594 554 1656 redeqit.
578 1594 793 1643 Eandem
816 1594 862 1642 in
886 1595 1173 1643 sententiam
1194 1595 1437 1657 Appianus
1454 1598 1561 1658 Syr.
1584 1600 1644 1645 46
1668 1614 1681 1645 2
1704 1595 1783 1644 Ἐν
1800 1597 1919 1657 τῷδε
1940 1598 2040 1655 (sc.
2063 1609 2214 1657 quum
2236 1597 2528 1659 Megabates‚
2548 1599 2762 1659 Tigranis
2781 1603 3058 1663 praefectus,
3080 1606 3264 1665 Syriam
3284 1610 3395 1658 reli-

163 1665 351 1726 quisset
366 1702 381 1723 ‚
403 1668 463 1712 ut
482 1678 627 1727 opem
648 1665 795 1714 ferret
812 1665 998 1725 Tigrani
1022 1666 1205 1714 Luculli
1225 1665 1373 1714 armis
1390 1667 1631 1728 appetito)
1656 1666 1862 1728 παραδὺς
1881 1667 1926 1722 ἐς
1948 1668 2032 1723 τὴν
2055 1668 2220 1730 Συρίαν
2238 1668 2465 1732 Ἀντίοχος
2492 1672 2520 1717 ὀ
2540 1670 2773 1733 Ἀντιόχου
2790 1678 2873 1721 τοῦ
2890 1675 3119 1730 Εὐσεὸοῦς
3132 1712 3146 1734 ,
3166 1676 3278 1739 ἦρχε
3304 1686 3399 1727 τῶν

166 1733 329 1794 Σύρων
345 1733 577 1793 ἑκόντων,
592 1734 673 1781 καὶ
695 1734 824 1795 αὐτῷ
842 1734 1097 1789 Λεύκολλος
1118 1734 1257 1795 μὲν...
1282 1734 1370 1781 οὐκ
1386 1734 1630 1796 ἐφθόνησεν
1654 1734 1797 1797 ἀρχῆς
1820 1737 2055 1797 πατρῴας.
2079 1739 2322 1799 Πομπήιος
2342 1740 2389 1787 δὲ
2411 1741 2436 1786 ὀ
2459 1739 2533 1787 ἐπὶ
2558 1743 2808 1802 Λευκόλλῳ
2827 1743 3104 1804 Μιτριθάτην
3122 1746 3302 1807 ἐξελὼν,
3319 1750 3396 1796 Tg-

163 1804 311 1885 Ϊρᾶἵο
337 1804 426 1865 μὲν
444 1803 683 1865 Ἀρμενίας
702 1805 1025 1866 συνεχώρησεν
1044 1804 1320 1866 βασιλεύειν,
1342 1803 1572 1867 Ἀντίοχον
1589 1805 1640 1853 δὲ
1659 1804 1839 1860 &Geth
1857 1811 1937 1864 τῆς
1960 1806 2114 1869 Σύρων
2128 1808 2299 1870 ἀρχῆς,
2319 1809 2447 1857 οὐδὲν
2461 1809 2505 1864 ἐς
2517 1809 2780 1872 Ῥωμαίους
2800 1812 3136 1874 ἁμαρτάνοντα·
3158 1814 3278 1877 ἔργῳ
3294 1818 3396 1877 μὲν,

163 1889 235 1921 οτι
257 1890 319 1931 ην
342 1874 544 1922 εὔκολον
563 1874 694 1935 αὐτῷ
717 1874 936 1936 στρατιὰν
962 1873 1113 1936 ἔχοντι
1130 1875 1303 1931 πολλὴν
1326 1874 1470 1937 ἀρχὴν
1488 1874 1687 1922 ἄνοπλον
1706 1873 1947 1934 ἀφελέσθαι
1965 1889 1975 1900 ·
1996 1876 2121 1938 λόγῳ
2144 1878 2194 1925 δὲ
2209 1913 2223 1937 ,
2249 1879 2321 1926 δτι
2339 1879 2446 1934 τοὺς
2469 1880 2736 1935 Σελευκίδας
2757 1880 2850 1929 ἀπὸ
2869 1882 3095 1944 Τιγράνου
3114 1884 3394 1941 ἐκπεσόντας

164 1945 253 1992 οὐκ
270 1946 401 2000 εἰκὸς
414 1945 476 2005 ἦν
502 1946 569 1993 ἔτι
591 1945 755 2008 Συρίας
775 1945 931 2007 ἄρχειν
951 1946 1123 2005 μᾶλλον
1144 1947 1173 2003 ἢ
1192 1946 1449 2006 Ῥωμαίους
1473 1945 1701 2008 Τιγράνην
1715 1945 2008 2001 νενικηκότας
2035 1948 2139 2006 (Cf.
2162 1947 2227 1995 id.
2245 1949 2419 2000 Mithr.
2434 1961 2478 1998 c.
2512 1956 2596 1998 106
2613 1950 2647 2009 ).
2671 1952 2744 1998 Ex
2761 1950 2916 1999 allatis
2935 1951 3086 2014 liquet
3106 1955 3394 2003 Antiochum

164 2017 264 2063 tres
285 2014 466 2063 saitem
484 2026 640 2063 anuos
654 2027 901 2083 regnasse,
920 2013 1031 2063 inde
1048 2027 1077 2062 a
1093 2014 1233 2077 pulso
1252 2016 1453 2075 Tigrane
1478 2016 1575 2074 (69)
1597 2027 1749 2076 usque
1766 2014 1827 2061 ad
1848 2027 2030 2064 annum
2055 2024 2142 2073 66,
2167 2029 2265 2078 quo
2285 2030 2449 2079 pacem
2481 2019 2669 2079 Tigrani
2691 2020 2946 2081 Pompeius
2973 2023 3221 2073 concessit.
3248 2027 3396 2075 Porro

163 2099 321 2147 quum
343 2085 598 2148 Appianas
618 2099 664 2134 c.
698 2090 761 2136 70
789 2086 1079 2135 Antiochum
1100 2090 1339 2135 memoret
1365 2090 1595 2148 tanquam
1616 2086 1958 2148 βασιλεύσαντα
1981 2087 2030 2134 ἐν
2046 2092 2146 2141 ταῖς
2165 2087 2408 2150 ἀσχολίαις
2425 2094 2524 2144 ταῖς
2549 2089 2798 2150 Πομπηίου
2817 2090 2892 2138 ἐπὶ
2912 2092 2960 2138 ἓν
2983 2091 3123 2151 μόνον
3146 2092 3265 2154 ἔτος,
3283 2107 3397 2143 con·

163 2156 391 2218 sequitur
407 2170 526 2205 eum
550 2157 699 2205 etiam
725 2158 979 2217 postquam
1002 2156 1263 2217 Pompeius
1289 2157 1474 2219 Syriam
1500 2159 1763 2206 Romanam
1784 2156 2080 2217 provinciam
2100 2154 2450 2215 declaraverat,
2475 2170 2560 2219 per
2577 2170 2730 2205 unum
2749 2157 2906 2207 adhuc
2924 2171 3130 2221 annum,
3158 2161 3275 2211 dum
3292 2164 3396 2213 aliis

166 2226 374 2286 negotiis
392 2225 751 2274 distraheretur
780 2225 1039 2286 Pompeius
1054 2263 1068 2286 ‚
1089 2225 1342 2287 imperium
1372 2226 1520 2287 Syriae
1540 2227 1615 2275 vel
1644 2226 1814 2274 saitem
1843 2225 2109 2275 Antiochiae
2128 2226 2261 2274 urbis
2284 2225 2545 2276 obtinuisse
2566 2227 2582 2287 (
2600 2230 2823 2289 66-65).
2842 2235 2909 2278 Ac
2929 2232 3300 2280 consentaneum
3323 2237 3396 2282 est

162 2308 241 2343 res
256 2296 415 2356 Syriae
434 2309 536 2343 non
556 2294 805 2343 ordinatas
818 2307 920 2343 esse
937 2298 1049 2343 ante
1062 2295 1209 2356 ipsius
1225 2295 1485 2344 adventum
1507 2296 1717 2357 Pompeii
1740 2299 1829 2355 (64
1851 2298 2023 2344 aestate
2038 2298 2075 2357 ),
2095 2309 2184 2345 nec
2207 2296 2582 2357 improbabiliter
2603 2298 2857 2347 clintonus
2873 2300 3042 2348 statuit
3054 2314 3181 2350 anno
3198 2302 3394 2352 demum

161 2372 222 2413 6²
242 2366 403 2427 syrim
424 2379 506 2414 res
527 2368 661 2414 certa
688 2368 738 2413 et
772 2364 911 2413 firma
929 2365 1113 2413 ratione
1135 2378 1237 2414 esse
1262 2366 1562 2415 constitutas.
1591 2367 1742 2427 igitur
1759 2366 1887 2414 circa
1906 2378 1990 2413 an.
2010 2370 2068 2415 64
2097 2366 2360 2415 Antiochus
2394 2379 2423 2415 a
2445 2367 2660 2428 Phiiippo
2679 2368 2842 2429 pulsus
2871 2368 3042 2418 obierit
3055 2387 3072 2429 ;
3091 2370 3246 2432 ipsum
3283 2374 3393 2424 Phi·

160 2436 349 2498 lippum
368 2436 588 2499 Pompeii
608 2436 824 2497 praet'ecti
844 2435 905 2484 ad
929 2436 1248 2484 obedientiam
1271 2435 1405 2483 facile
1425 2436 1706 2495 redegerint.
1732 2438 1956 2484 ceterum
1979 2435 2247 2497 Philippus,
2271 2435 2475 2497 Philippi
2503 2432 2655 2495 lilius,’
2676 2436 2892 2485 Antiochi
2921 2439 3065 2499 Grypi
3090 2452 3254 2503 nepoti,
3274 2455 3302 2493 a
3321 2456 3396 2492 ne-

162 2507 297 2553 mine
314 2504 514 2553 disertis
533 2505 696 2554 verbis
710 2506 1022 2554 memoratur.
1043 2506 1207 2565 Neque
1225 2505 1273 2552 id
1296 2506 1491 2553 mirum.
1519 2505 1698 2553 Eodem
1721 2506 1867 2554 modo
1887 2505 2155 2567 Philippus,
2179 2508 2312 2567 pater
2331 2507 2514 2566 Nostri,
2536 2507 2618 2567 qui
2642 2510 2745 2568 post
2765 2512 2967 2555 mortem
2987 2509 3203 2558 Antiochi
3222 2512 3289 2560 Pii
3310 2527 3397 2575 per

167 2576 317 2624 breve
335 2578 533 2636 tempus
548 2574 783 2636 regnavit,
798 2575 939 2635 piane
950 2574 1202 2635 negligitur
1219 2588 1249 2623 a
1265 2575 1593 2637 scriptoribus,
1610 2577 1693 2637 qui
1712 2577 1963 2639 Tigranem
1982 2574 2166 2637 syriam
2186 2579 2502 2637 occupantem
2519 2589 2613 2623 non
2633 2576 2679 2624 in
2698 2576 2898 2639 Philippi
2920 2578 3001 2625 sed
3022 2577 3069 2626 in
3087 2580 3303 2630 Antiochi
3322 2583 3392 2632 Pii

168 2648 336 2695 iocum
356 2644 646 2693 successisse
668 2645 865 2693 tradunt
887 2645 976 2706 (V.
1002 2644 1214 2695 Clinton.
1240 2645 1274 2695 l.
1302 2646 1391 2704 1.).
1421 2646 1660 2707 Appianus
1685 2649 1793 2708 Syr.
1834 2653 1896 2697 70
1925 2650 1972 2696 et
2004 2647 2119 2695 Bell.
2146 2646 2255 2696 civ.
2283 2649 2367 2707 lv,
2395 2653 2476 2708 ιο,
2501 2649 2795 2708 postremum
2833 2647 3192 2697 Seleucidarum
3229 2654 3391 2700 Antio-

168 2716 321 2763 chum
340 2715 612 2764 Asiaticum
631 2713 766 2763 dicit.
788 2715 1017 2763 ceterum
1043 2714 1243 2777 Philippi
1260 2716 1411 2764 nostri
1434 2716 1664 2763 memoria
1684 2718 1847 2766 nuilus
1864 2717 2033 2766 dubito
2057 2718 2172 2778 quin
2199 2716 2344 2776 etiam
2368 2730 2429 2765 ex
2445 2716 2647 2765 Eusebio
2669 2716 2731 2765 sit
2750 2716 3021 2766 renovanda
3034 2754 3048 2775 ,
3064 2719 3238 2781 qnippe
3256 2722 3394 2781 cujus

168 2788 341 2834 auctor
367 2782 785 2846 quemadmodum
814 2783 1099 2834 Antiochum
1119 2784 1379 2835 Asiaticum
1406 2780 1519 2833 cum
1539 2790 1674 2846 patre
1695 2787 1800 2848 ejus
1824 2786 2060 2837 Antiocho
2087 2786 2173 2835 Pio
2196 2787 2440 2845 confudit.
2468 2787 2538 2836 sic
2564 2787 2710 2836 etiam
2735 2787 3007 2849 Philippum
3025 2788 3180 2838 tilium
3203 2793 3253 2839 ct
3279 2792 3392 2840 Phi·

166 2855 354 2917 lippum
374 2858 565 2917 patrem
593 2867 840 2915 perperam
860 2853 1121 2902 miscuerit.
1149 2856 1334 2903 Etenim
1354 2854 1480 2916 apud
1508 2856 1765 2904 Eusebium
1791 2857 2016 2919 leguntur
2037 2857 2143 2905 haec
2170 2858 2250 2917 (p.
2283 2857 2401 2917 192)
2427 2875 2439 2904 =
3035 2912 3038 2917 ⁴

226 2926 437 2987 Reliqui
462 2927 649 2981 erant,
678 2927 771 2987 qui
789 2923 853 2972 de
864 2936 1018 2983 reyno
1036 2926 1175 2972 inter
1192 2936 1247 2972 se
1266 2924 1616 2979 decertarent,
1643 2925 1935 2987 Philippus,
1958 2926 2363 2985 Seleucisrater,
2398 2929 2565 2987 Grypo
2585 2927 2826 2976 Antiocho
2843 2929 3020 2987 natus,
3050 2930 3098 2975 el
3118 2929 3393 2979 Antiochus

174 2995 577 3057 tyzicenifitius
598 2994 662 3055 (i.
688 3006 736 3042 e.
759 2995 867 3042 Ant.
892 2993 1149 3055 Eusebes).
1175 2996 1245 3042 Hi
1262 2996 1368 3041 orsi
1388 2993 1455 3041 ab
1483 2994 1686 3055 Olymp.
1713 3000 1845 3052 171‚1
1867 2996 1960 3053 (95
1983 3008 2025 3043 a.
2046 2996 2137 3054 C.)
2164 3008 2262 3057 non
2286 2998 2397 3043 sine
2417 2993 2622 3043 delectis
2646 2997 2974 3051 exercitibus,
3000 3000 3170 3058 syrice
3183 3003 3394 3059 partem

168 3068 369 3127 sinquli
398 3067 670 3119 tenebant,
709 3064 1000 3127 bellumque
1013 3076 1111 3126 pro
1131 3067 1296 3125 Syrioe
1319 3063 1721 3126 (universitate)
1755 3064 2029 3127 yerebant,
2054 3065 2214 3113 donec
2234 3067 2511 3125 superatas
2539 3065 2814 3114 Antiochus
2837 3065 2910 3113 ad
2933 3066 3160 3116 Parthos
3188 3068 3394 3130 sefiiya

167 3139 373 3196 recepit.
394 3162 459 3171 -
479 3135 622 3185 Idem
641 3137 819 3196 postea
847 3145 939 3195 per
972 3136 1267 3194 Pompeium
1292 3136 1674 3182 intercessorem
1691 3134 1900 3195 aqebat,
1927 3137 1989 3183 iit
2012 3137 2066 3183 in
2091 3137 2294 3195 Syriam
2317 3132 2657 3183 reduceretur
2675 3150 2692 3183 .·
2725 3147 2904 3183 veram
2927 3135 3037 3190 liic,
3074 3140 3296 3199 pecunia
3323 3139 3389 3187 ab

165 3205 501 3255 Antiochenis
522 3207 763 3266 accepta,
788 3203 941 3252 nulla
960 3203 1106 3253 illias
1125 3215 1311 3252 curam
1328 3204 1484 3264 pessit
1499 3236 1512 3262 ,
1543 3203 1761 3267 urbique
1785 3203 2154 3266 libertatesrai
2173 3206 2433 3253 concessit.
2457 3232 2520 3243 —-
2543 3207 2754 3252 Interim
2775 3207 2824 3252 el
2848 3205 3198 3255 Alexandrini
3221 3210 3394 3257 missis

165 3276 355 3334 leqatis
381 3275 643 3329 Menelao,
669 3277 928 3334 Lampone
945 3275 997 3322 et
1020 3271 1379 3322 Callimandro
1399 3272 1653 3332 roqabant
1673 3274 1825 3322 illam
1843 3276 1931 3329 ut,
1955 3273 2180 3334 diqresso
2203 3272 2526 3325 Alexandria
2547 3273 2820 3321 Ptolemaeo
2847 3276 3068 3335 Dionyso
3091 3276 3181 3336 (58
3202 3288 3246 3324 a.
3273 3280 3330 3326 c.
3348 3278 3386 3338 ),

165 3349 379 3408 AEqypa‘
401 3357 620 3407 requam
637 3357 756 3394 cum
779 3343 1041 3394 Ptolemaei
1051 3343 1273 3405 filiabus
1290 3346 1590 3404 capesseret.
1625 3346 1805 3393 Verum
1828 3348 1935 3405 ipse
1958 3344 2131 3392 morbo
2150 3347 2402 3404 pravatus
2422 3344 2639 3390 interiit.

226 3420 282 3465 ln
297 3414 718 3465 histroeAntiochi
734 3412 1110 3463 confunduntur.
1128 3414 1182 3460 ln
1198 3411 1435 3474 prioribus
1444 3411 1505 3460 de
1518 3412 1758 3462 Antiocho
1773 3413 1979 3468 Eusebe,
1999 3414 2217 3475 Cyziceni
2233 3412 2349 3471 lilio,
2363 3423 2521 3460 sermo
2531 3414 2628 3473 est;
2645 3412 2728 3474 qui
2746 3413 2886 3470 (teste
2895 3412 3103 3473 losepho
3113 3415 3176 3461 xl
3185 3416 3242 3472 ll,
3259 3420 3329 3473 ts,
3344 3418 3392 3475 ⁴)

167 3491 336 3535 contra
376 3485 580 3535 Parthos
611 3497 830 3545 pugnans
864 3482 1063 3543 cecidit,
1088 3496 1183 3531 non
1205 3494 1321 3530 vero
1348 3482 1458 3543 tuga
1484 3481 1544 3530 ad
1565 3495 1647 3531 eos
1667 3497 1718 3531 se
1742 3483 1944 3543 recepit,
1969 3483 2172 3545 ideoque
2191 3494 2346 3543 neque
2367 3480 2517 3528 redux
2536 3493 2563 3528 a
2586 3480 2812 3541 Pompeio
2835 3494 3034 3541 regnum
3055 3483 3205 3542 Syriae
3232 3492 3393 3545 petere

168 3558 337 3617 potuit.
362 3556 419 3605 ld
444 3556 575 3604 euim
598 3554 810 3615 pertinet
834 3553 897 3602 ad
914 3552 1221 3602 Antiochum
1244 3554 1545 3601 Asiaticum.
1569 3553 1657 3602 llic
1675 3565 1788 3601 vero
1805 3566 1957 3614 quum
1981 3552 2110 3600 circa
2127 3564 2307 3599 annum
2329 3553 2386 3599 64
2409 3549 2686 3598 interfectus
2711 3550 2795 3607 sit,
2815 3553 2870 3597 ut
2896 3549 3126 3599 Diodorus
3151 3556 3310 3600 noster
3325 3558 3389 3600 te-

166 3631 343 3684 statur.
364 3640 462 3675 non
494 3625 654 3686 potuit
671 3636 798 3672 anno
817 3626 874 3672 57
900 3624 948 3671 in
975 3625 1230 3685 AEgyptum
1249 3621 1311 3670 ab
1336 3622 1664 3671 Alexandrinis
1686 3622 1927 3672 advocari.
1957 3626 2123 3685 ltaque
2146 3622 2318 3670 tertius
2342 3618 2514 3681 aliquis
2534 3619 2796 3667 Antiochus
2817 3618 3149 3681 intelligendus
3171 3622 3242 3670 est
3257 3656 3270 3681 ,
3295 3624 3388 3670 ἴοι·-

170 3703 295 3745 tasse
313 3696 464 3744 trater
486 3694 707 3747 Antiochi
732 3692 952 3744 Asiatici:
977 3706 1085 3741 nam
1107 3692 1250 3741 tuisse
1276 3691 1510 3741 Antiocho
1536 3693 1748 3753 fratrem,
1765 3708 1825 3743 ex
1845 3696 2075 3744 Cicerone
2095 3694 2244 3754 liquet
2265 3692 2280 3752 (
2300 3696 2434 3739 verr.
2461 3694 2500 3740 ii
2516 3727 2530 3749 ,
2551 3694 2576 3739 4
2594 3727 2608 3752 ‚
2629 3696 2685 3740 27
2704 3690 2719 3749 )
2735 3727 2749 3749 ,
2771 3691 2854 3751 qui
2874 3705 2950 3739 an.
2976 3697 3035 3742 75
3061 3706 3190 3753 reges
3213 3707 3385 3754 pueros

168 3769 337 3816 Rornae
357 3766 504 3815 snioee
524 3765 657 3813 dicit.
682 3766 875 3814 Poterat
894 3774 1009 3810 vero
1031 3762 1225 3824 utrique
1242 3774 1343 3810 esse
1365 3773 1539 3809 nomen
1558 3763 1802 3822 Antiochi;
1824 3762 1964 3811 sicuti
1989 3775 2032 3810 v.
2055 3776 2097 3810 c.
2122 3762 2248 3811 inter
2269 3761 2486 3810 Antiochi
2507 3760 2658 3821 Grypi
2679 3760 2800 3808 lilios
2818 3759 2942 3809 duos
2965 3761 3195 3810 habemus
3219 3764 3388 3812 Antio·

169 3840 301 3887 chus.
315 3837 470 3885 Simili
498 3847 660 3883 rerum
687 3832 966 3882 contusione
987 3832 1207 3881 laborant
1232 3844 1342 3892 quae
1359 3835 1626 3893 sequuntur
1650 3833 1776 3895 apud
1805 3833 2060 3881 Eusebium
2085 3852 2095 3880 :

236 3906 460 3967 imperio
482 3903 683 3952 excidit
701 3904 862 3951 etiam
884 3900 1157 3963 Philippus
1173 3934 1188 3956 ,
1226 3899 1290 3949 de
1315 3914 1416 3963 qao
1443 3905 1598 3950 antea
1623 3902 1884 3957 diximus,
1914 3904 2071 3964 Grypi
2082 3902 2238 3964 filius
2262 3916 2326 3951 ac
2353 3901 2656 3964 Tryplioenoe
2685 3900 2960 3951 Ptotcmaeo
2979 3906 3157 3950 octavo
3179 3906 3384 3964 qenitoe.

169 4006 232 4021 ...
256 3977 396 4027 Idem
416 3987 585 4038 quum
606 3976 788 4023 averet
810 3975 1095 4035 AEqyptum
1115 3971 1294 4027 adire,
1314 3975 1591 4033 propterea
1618 3973 1758 4037 quod
1784 3977 1952 4036 ipsam
1975 3984 2174 4034 qaoque
2191 3982 2285 4031 per
2314 3969 2372 4018 id
2391 3974 2588 4032 tempas
2611 3969 2957 4019 Alexandrini
2987 3974 3114 4019 cives
3138 3971 3212 4019 ad
3229 3976 3388 4032 impe-

174 4053 314 4096 rinm
334 4044 664 4095 arcessebant
680 4076 695 4099 ,
720 4046 977 4091 Romanus
998 4044 1165 4103 Syriae
1187 4041 1496 4103 proconsul(
1513 4047 1568 4092 57
1594 4056 1640 4092 a.
1661 4046 1752 4104 c.)
1777 4043 2057 4097 Gabinius,
2082 4042 2307 4102 Pompeii
2326 4040 2547 4101 leqatas,
2573 4042 2831 4101 nepotiani
2853 4040 3191 4090 disturbavit.
3218 4044 3390 4102 lyitur

171 4119 550 4180 Syriaticoawn
574 4126 753 4176 requm
772 4115 1017 4161 successio
1041 4111 1288 4161 hactenus
1308 4110 1531 4161 deducta
1541 4114 1706 4174 finem
1732 4117 1887 4162 nacta
1906 4116 1998 4161 est.
2777 4132 2782 4137 ·

236 4192 424 4238 florum
446 4197 647 4246 quoque
673 4184 827 4245 prima
851 4194 960 4243 pars
984 4184 1114 4231 recte
1132 4180 1339 4242 pertinet
1356 4181 1416 4228 ad
1440 4182 1709 4245 Philippum
1730 4184 1877 4244 Grypi
1897 4184 2066 4231 tilium.
2092 4182 2299 4231 Alteram
2326 4193 2441 4229 vero
2458 4179 2521 4229 ab
2547 4193 2605 4227 eo
2626 4179 2827 4228 alienam
2855 4191 2957 4226 asse
2989 4178 3062 4227 vei
3093 4190 3176 4239 per
3193 4191 3245 4227 se
3277 4192 3390 4240 pro·

170 4258 327 4309 babile
345 4262 446 4318 est,
466 4254 859 4318 quandoquidem
890 4254 971 4301 vix
999 4252 1256 4301 credideris
1278 4264 1406 4301 anno
1433 4256 1489 4302 57
1510 4267 1556 4303 a.
1581 4258 1636 4303 c.
1657 4255 1803 4317 Grypi
1828 4255 2010 4314 lilium,
2030 4252 2113 4314 qui
2132 4255 2250 4301 tunc
2279 4250 2613 4312 sexagenarius
2639 4254 2688 4299 et
2720 4248 2927 4311 amplius
2943 4262 3044 4297 asse
3076 4248 3307 4309 debebat,
3341 4251 3391 4298 iu

174 4328 430 4390 AEgyptnm
464 4327 695 4373 vocatum
718 4335 849 4382 esse,
872 4326 927 4371 ut
951 4323 1189 4371 Berenicae
1216 4321 1420 4383 reginae,
1445 4324 1521 4372 Pt.
1548 4324 1742 4386 Dionysi
1780 4325 1919 4385 tiliae,
1950 4322 2338 4385 quattuordecim
2363 4321 2462 4369 t'ere
2496 4332 2646 4368 annos
2685 4322 2811 4367 natm
2845 4320 2927 4373 (ν.
2959 4320 3183 4366 betronn.
3216 4322 3386 4368 luscrr.

174 4402 293 4445 tum.
308 4399 355 4445 ΙΙ
369 4432 384 4454 ,
402 4409 452 4456 p.
470 4400 534 4443 96
550 4394 588 4454 ).
610 4392 918 4441 ωοίήιηοηίο
939 4393 1216 4441 sociaretur.
1234 4394 1307 4440 Ex
1324 4392 1530 4441 Diodoro
1548 4406 1662 4443 vero
1682 4393 1918 4455 colligitur
1936 4392 2208 4455 Philippum
2228 4390 2374 4453 Grypi
2395 4390 2547 4438 tilium
2563 4388 2663 4450 jam
2683 4390 2926 4437 mortuum
2944 4387 3084 4435 tuisse
3097 4390 3222 4436 circa
3239 4400 3313 4436 au.
3327 4395 3386 4439 64

172 4480 219 4515 a.
244 4471 303 4515 c.
320 4480 336 4524 ς
354 4478 469 4513 nam
492 4464 532 4513 si
556 4464 697 4512 aliter
717 4475 793 4510 res
814 4462 1004 4523 suisset,
1030 4462 1186 4524 ipsum
1211 4463 1343 4511 hunc
1364 4463 1630 4524 Philippum
1646 4500 1660 4523 ,
1681 4476 1776 4512 non
1802 4477 1915 4512 vero
1934 4464 2087 4512 tilium
2106 4462 2235 4524 ejus,
2257 4462 2306 4510 in
2325 4472 2524 4522 regnum
2540 4459 2881 4509 Antiochenses
2900 4462 3215 4507 revocassent.
3240 4460 3391 4520 igitur

174 4552 268 4587 non
291 4536 578 4585 dubitamus
601 4534 719 4595 quin
746 4533 1009 4582 Eusebiana
1036 4532 1095 4581 ad
1123 4532 1392 4596 Philippum
1424 4535 1626 4596 Philippi
1650 4535 1801 4584 tilium
1820 4534 1915 4582 sint
1935 4531 2218 4581 revocanda.
2249 4534 2472 4580 Ceterum
2490 4542 2644 4591 quum
2670 4531 2781 4577 ante
2801 4528 3050 4589 ‘tigranem
3087 4529 3285 4589 posterni
3307 4532 3392 4578 Se·

176 4607 375 4656 leucidae
404 4606 587 4655 luerint
603 4603 870 4654 Antiochus
890 4608 939 4652 et
957 4603 1229 4664 Philippus,
1246 4603 1458 4665 itemque
1479 4605 1597 4652 alter
1619 4605 1880 4653 Antiochus
1897 4604 2114 4663 alterque
2135 4601 2376 4663 Philippus
2392 4601 2504 4650 aute
2530 4603 2857 4649 Romanorum
2885 4598 3136 4658 imperium
3159 4599 3384 4661 postremi

179 4680 325 4739 syriae
346 4690 479 4738 reges
501 4675 681 4724 suerint
697 4711 712 4733 ,
738 4672 872 4722 vides
894 4686 1039 4735 quam
1065 4673 1199 4722 facile
1224 4673 1325 4722 lieri
1344 4673 1576 4735 potuerit,
1597 4677 1651 4721 ut
1672 4673 1860 4723 Eusebii
1881 4675 1964 4720 aut
1988 4672 2146 4733 potins
2165 4671 2412 4733 Porphyrii
2438 4672 2627 4729 auctor,
2651 4669 2866 4730 Tigranis
2885 4667 3174 4717 mentionem
3195 4682 3389 4729 prorsus

177 4748 429 4807 omittens,
455 4749 693 4805 utrosque
710 4742 1042 4792 contunderet.
1066 4743 1197 4791 idem
1222 4756 1373 4803 quum
1394 4742 1587 4803 reliquis
1600 4744 1851 4804 neglectis,
1872 4754 1927 4789 ea
1954 4745 2110 4789 tannen
2125 4755 2236 4803 quic
2258 4740 2318 4792 ad
2333 4739 2607 4790 Seleucidas
2622 4738 2682 4787 ad
2703 4739 2828 4799 regia
2847 4740 3150 4787 matrimonia
3170 4740 3216 4787 in
3241 4742 3386 4801 Δὶς]-

180 4822 310 4879 ptum
328 4819 523 4865 vocatos
546 4814 822 4878 pertinent,
838 4812 1076 4862 enotanda
1101 4814 1364 4875 putaverit,
1389 4817 1438 4861 et
1456 4826 1610 4874 quum
1629 4828 1727 4875 qno
1748 4816 1894 4875 magis
1912 4816 2143 4872 syrorum
2170 4813 2386 4872 tempora
2409 4809 2701 4870 turbaverit,
2729 4812 2865 4857 tanto
2884 4822 2935 4857 se
2961 4809 3305 4858 accuratiorem
3340 4812 3387 4859 iu

184 4887 547 4937 Ptolmiaeorum
580 4883 889 4943 chronologia
913 4883 1131 4932 ostendat
1158 4903 1169 4931 ε
1186 4884 1296 4943 jure
1326 4886 1439 4933 hinc
1461 4884 1522 4932 de
1549 4883 1867 4935 Alexandrina
1885 4883 2231 4934 chronicorum
2261 4883 2457 4931 istorum
2476 4881 2656 4941 origiue
2677 4879 3002 4940 conjecturam
3028 4880 3209 4929 feceris.
3231 4906 3293 4916 —
3315 4881 3386 4929 Ad

184 4957 433 5006 Diodorum
462 4959 704 5005 revertor.
729 4954 825 5009 Qui
849 4966 1001 5015 quum
1029 4953 1315 5001 Antiochum
1345 4954 1601 5002 Asiaticum
1619 4954 1920 5004 interiectum
1935 4954 2062 5002 dicat
2077 4991 2090 5014 ,
2108 4957 2238 5017 patet
2251 4954 2380 5002 hunc
2399 4952 2689 5004 Antiochum
2710 4963 2805 4998 non
2823 4963 2926 4997 esse
2943 4951 3148 4998 eundem
3167 4963 3279 4999 cum
3298 4958 3388 5000 An·

184 5026 331 5075 tiocho
350 5030 719 5086 Commageno,
738 5024 808 5071 uti
836 5025 1121 5071 censuerunt
1140 5022 1369 5071 vaillant.
1402 5023 1472 5070 De
1498 5022 1591 5071 Sel.
1624 5034 1670 5083 p.
1694 5028 1804 5082 237,
1838 5024 2054 5072 Froelich.
2079 5038 2128 5086 p.
2158 5028 2244 5083 69,
2266 5026 2315 5071 et
2332 5036 2484 5084 nuper
2510 5020 2722 5071 Haackh.
2749 5019 2830 5078 (in
2853 5019 3045 5078 Pautys
3079 5020 3308 5069 Realenc.
3336 5035 3384 5072 v.
3481 5025 3488 5031 '

186 5096 447 5145 Antiochus
466 5110 567 5146 eon
593 5094 990 5153 Commayene),
1007 5092 1182 5153 quibus
1201 5096 1328 5141 recte
1352 5092 1631 5153 obloquitur
1652 5093 1905 5142 clintonus
1928 5097 1990 5141 ill
2008 5130 2020 5151 ,
2042 5107 2087 5155 p.
2123 5098 2228 5144 343.
2245 5118 2308 5128 -
2325 5096 2511 5141 ,izizas
2531 5105 2616 5139 rex
2643 5091 2842 5138 sonasse
2868 5087 2993 5136 idem
3014 5090 3084 5136 est
3099 5125 3112 5147 ,
3135 5091 3216 5150 qui
3245 5094 3384 5139 antes

186 5167 294 5229 patri
318 5168 521 5231 Philippi
544 5166 703 5216 nostri
734 5166 902 5211 contra
921 5164 1211 5213 Demetrium
1230 5166 1480 5213 Eucaerum
1495 5176 1635 5225 opem
1660 5164 1863 5223 tulerat,
1883 5162 2224 5224 tcstellosepho
2247 5165 2355 5211 xlll
2373 5196 2387 5221 ,
2411 5165 2488 5222 ¹4,
2510 5167 2535 5209 3
2551 5196 2565 5220 ,
2591 5159 2672 5208 uhi
2693 5159 2861 5220 legitur
2883 5158 3010 5214 Ζίζος
3038 5160 3063 5207 ὁ
3085 5157 3281 5221 Apesas,
3303 5162 3383 5220 φύ-
