3900 6042
969 474 1114 532 LEO
1157 472 1717 533 ALABANIAENSIS
1763 473 1857 532 ET
1901 474 2048 533 LEO
2094 472 2461 532 PELLAEUS.

106 618 228 654 cum
259 595 409 653 cod.
455 599 636 651 Paris.
657 597 674 669 J
716 597 835 660 Διὸς
876 594 1009 670 ἱερόν
1057 596 1194 650 ἐστιν
1214 614 1225 625 ·
1273 585 1330 650 οὗ
1362 590 1674 667 μνημονεύει

111 684 192 741 καὶ
219 683 370 743 Λέων
396 683 453 740 ἐν
483 679 747 759 Περίπλῳ
776 679 864 741 καὶ
889 680 1221 754 Δημοσθένης
1244 684 1261 756 (
1283 702 1390 736 scr.
1415 681 1465 737 T
1472 678 1674 749 ιμοσθέ·

109 774 220 848 νης)
245 772 303 827 ἐν
327 777 440 835 τοῖς
467 766 718 843 Λιμίσιν.
749 770 1045 826 Antecedit
1072 769 1269 842 fragm.
1307 768 1534 825 Hesiodi
1569 767 1668 822 151

114 861 200 918 ed.
227 858 436 918 Didot.

189 948 412 1003 Auctor
440 946 661 1019 Peripli
691 945 842 1001 idem
875 963 989 1000 esse
1017 962 1146 999 cum
1170 961 1238 999 eo
1256 984 1272 1011 ‚
1292 944 1388 1015 qui
1416 940 1547 1016 Περὶ
1575 963 1676 998 πο-

119 1033 290 1107 ταμῶν
311 1033 588 1106 scripsit,
629 1032 809 1087 videri
839 1031 1030 1104 possit.
1063 1031 1204 1085 Mihi
1243 1041 1427 1084 tamen
1456 1047 1563 1100 pro
1589 1025 1678 1083 καὶ

121 1118 258 1178 Λέων
276 1130 418 1187 etc„
435 1119 813 1174 scribendum
831 1117 1056 1173 videtur
1077 1113 1166 1173 καὶ
1191 1113 1372 1175 Κλέων
1386 1116 1439 1170 ἐν
1452 1116 1526 1189 τῷ
1551 1111 1679 1191 Περὶ

119 1203 350 1279 laudum.
372 1208 463 1261 De
487 1223 615 1278 quo
638 1206 859 1265 Cleonis
875 1222 1050 1277 opere
1077 1203 1302 1259 aliunde
1326 1213 1558 1257 constat.

881 1315 914 1371 5

195 1422 383 1477 Schol.
417 1423 626 1495 Eurip.
658 1421 810 1477 Med.
848 1420 956 1494 169
985 1439 999 1474 ι
1031 1417 1176 1476 Λέων
1206 1421 1233 1474 ὁ
1258 1416 1429 1495 ῥήτωρ
1463 1417 1520 1473 οὗ
1547 1438 1679 1494 σφα-

127 1514 270 1581 γῆναι
311 1510 426 1586 (se.
473 1505 581 1577 τὴν
615 1503 934 1582 Μήδειαν),
974 1503 1110 1562 ἀλλὰ
1147 1505 1490 1584 διαφθαρῆναι
1527 1501 1678 1560 αὐτὸν

132 1604 233 1668 (sc.
264 1597 502 1651 fratrem
527 1595 546 1670 )
569 1592 863 1673 φαρμάκοις
889 1594 907 1669 (
930 1591 1083 1672 φησίν
1108 1593 1148 1668 ).

205 1686 330 1737 Haec
367 1702 508 1736 num
548 1682 626 1737 ad
665 1684 946 1749 Leontem
974 1683 1297 1753 Byzantium
1338 1700 1404 1735 an
1444 1679 1512 1733 ad
1559 1680 1684 1733 Ala-

131 1770 467 1825 bandensem
495 1769 802 1825 referenda
826 1770 963 1835 sint,
998 1770 1204 1823 nescio,

527 2000 679 2054 LEO
720 1998 1287 2054 ALABANDENSIS.

210 2114 436 2186 Scripsit
463 2116 594 2168 Leo
622 2111 1051 2180 Alabandensis,
1073 2112 1288 2179 rhetor,
1316 2109 1489 2165 Suida
1514 2121 1647 2164 teste
1671 2151 1686 2176 ,

145 2202 318 2255 Carica
342 2200 506 2255 libris
533 2208 829 2275 quattuor,
858 2201 1094 2271 Lyciaca
1122 2198 1274 2252 libris
1296 2198 1552 2266 duobuS,
1586 2200 1691 2251 Ar·

149 2296 246 2340 tem
276 2287 646 2353 rhetoricam,
665 2288 749 2341 De
771 2285 1018 2341 statibus.
1036 2284 1252 2356 Quibus
1267 2296 1473 2340 temere
1497 2284 1694 2339 Suidas

152 2373 420 2447 subjungit
466 2374 778 2431 Historiam
835 2372 972 2427 belli
1007 2373 1148 2427 sacri
1202 2392 1214 2426 :
1270 2372 1386 2426 haec
1426 2373 1573 2426 enim
1619 2371 1691 2425 ad

154 2463 408 2516 Leontem
471 2460 808 2532 Byzantium
861 2460 1129 2531 pertinet,
1195 2459 1346 2513 AEtas
1406 2458 1694 2531 scriptoris

155 2548 344 2619 ignota.
375 2547 677 2603 Laudatur
708 2547 896 2600 semel.

225 2636 524 2707 Hesychius
557 2654 574 2688 τ
615 2634 867 2707 Buff-fic,
911 2628 1060 2709 ἑορτὴ
1099 2628 1244 2707 παρὰ
1289 2628 1599 2707 Ἀσσυρίοις,
1629 2632 1698 2694 ὡς

159 2716 288 2775 Λέων
307 2722 334 2775 ὁ
353 2715 703 2781 Ἀλαὸανδεὺς
722 2719 774 2774 ἐν
797 2715 971 2795 τρίτῳ.
994 2720 1076 2772 De
1100 2736 1161 2772 re
1183 2717 1318 2771 mihi
1329 2736 1448 2771 non
1463 2726 1694 2772 constat.

163 2808 289 2861 Num
321 2807 690 2882 cogitandum}
722 2806 793 2861 de
829 2802 1090 2883 βαιοφόρῳ
1117 2805 1267 2880 ἑορτῇ
1303 2804 1609 2876 Syrorum?
1631 2805 1698 2856 In

163 2895 408 2964 Lyciacis,
427 2914 553 2967 quae
570 2892 818 2948 duorum
838 2893 1195 2948 solummodo
1217 2892 1492 2946 librorum
1510 2901 1666 2945 erant
1680 2930 1695 2959 ,

166 2980 266 3033 haec
291 2983 392 3055 legi
418 3001 535 3037 non
563 2991 851 3055 poterant.
885 2983 1038 3035 Num
1067 2980 1239 3055 igitur
1266 2980 1322 3033 in
1361 2978 1603 3034 Caricis?
1630 2995 1700 3032 an

166 3066 312 3119 etiam
333 3069 626 3140 Assyriaca
657 3069 815 3125 Leon
839 3066 1093 3139 scripsit?

655 3287 797 3342 LEO
841 3286 1199 3341 PELLAEUS.

212 3429 228 3447 ·
244 3402 346 3457 Leo
368 3406 601 3461 Pellaeus
630 3401 961 3479 Αἰγυπτιακὰ
980 3407 1219 3477 scripsit,
1244 3405 1328 3458 vcl
1351 3406 1431 3457 uti
1454 3405 1706 3458 Clemens

179 3488 257 3557 (fr.
278 3492 326 3562 a)
342 3497 656 3549 accuratius
669 3492 859 3559 tradit,
879 3490 1009 3567 Περὶ
1025 3493 1126 3546 τῶν
1138 3491 1252 3546 κατ’
1273 3489 1534 3565 Αἴγυπτον
1554 3492 1701 3547 θεῶν.

183 3571 335 3629 AEtate
372 3597 583 3653 suppar
626 3581 786 3635 fuisse
830 3578 1053 3632 videtur
1103 3577 1424 3633 Alexandro
1475 3579 1701 3650 Magne.

182 3663 540 3721 verisimiliter
559 3669 710 3721 enim
743 3665 1061 3721 Lobeckius
1080 3706 1094 3731 ,
1112 3684 1178 3718 ex
1205 3665 1540 3736 comparatis
1561 3663 1707 3717 inter

184 3764 233 3799 se
267 3749 467 3805 scholio
490 3753 783 3826 Apollonii
812 3750 1019 3805 Rhodii
1059 3751 1164 3821 (fr.
1205 3770 1222 3803 1
1261 3750 1278 3813 )
1321 3762 1378 3803 ct
1413 3750 1703 3821 Augustini

186 3833 305 3887 locis
336 3840 622 3895 concludit
654 3840 922 3911 scriptum
955 3856 1097 3910 opus
1122 3838 1281 3891 fuisse
1318 3837 1388 3890 ad
1419 3836 1704 3907 Olympia-

187 3918 300 3973 dem
340 3935 568 3980 matrem
617 3924 955 3991 Alexandri,
1013 3923 1170 3993 cujus
1203 3922 1550 3977 divinitatem
1588 3924 1705 3975 Leo

3209 482 3311 529 331

1887 619 2063 677 IIEPI
2108 618 2264 676 ΤΩΝ
2314 618 2482 675 ΚᾸΤ*
2529 618 2924 676 ΑΙΓΥΠΤΟΝ
2968 617 3195 675 ΘΕΩΝ.

2238 889 2279 941 Ε
2319 886 2541 941 Lumo
2582 886 2836 941 PRIMO.

1847 1014 2034 1068 Schol.
2068 1016 2249 1086 Apoll.
2281 1014 2389 1068 Rh.
2422 1016 2519 1081 lv,
2551 1013 2662 1066 262
2689 1032 2703 1065 ι
2737 1008 2950 1084 Κόσμης
2978 1010 3103 1091 δὲέν
3133 1011 3326 1090 πρώτῳ

1771 1102 2140 1175 Αἰγυπτιακῶν
2161 1096 2251 1155 καὶ
2273 1097 2419 1157 Λέων
2441 1100 2493 1154 ἐν
2514 1098 2707 1176 πρώτῳ
2726 1102 2827 1155 τῶν
2848 1096 2988 1175 Πρὸς
3007 1095 3100 1167 τὴν
3123 1097 3325 1175 μητέρα

1770 1185 1859 1244 καὶ
1909 1185 2153 1250 Κνωσσὸς
2219 1188 2232 1263 (
2257 1183 2540 1260 Εὔδοξοςῗ)
2589 1188 2640 1241 ἐν
2693 1186 2742 1242 α’
2800 1187 3176 1263 Γεωγραφικῶν
3222 1191 3318 1255 τῆς

1774 1272 1943 1337 Ἀσίας
1988 1271 2197 1330 πάντων
2244 1273 2617 1351 ἀρχαιοτάτους
2659 1270 2772 1337 τοὺς
2818 1272 3131 1349 Αἰγυπτίους
3167 1274 3329 1351 φασὶ,

1772 1360 1862 1417 καὶ
1889 1361 1940 1417 ἐν
1974 1359 2228 1439 Αἰγύπτῳ
2261 1359 2472 1438 πρώτην
2498 1363 2764 1429 κτισθῆναι
2792 1360 2942 1416 πόλιν
2970 1359 3183 1429 Θήὸας.
3214 1361 3322 1418 Καὶ

1777 1445 2020 1524 Νικάνωρ
2053 1445 2108 1502 δὲ
2146 1444 2342 1511 τούτοις
2363 1448 2631 1525 συμφωνεῖ
2666 1444 2755 1501 καὶ
2790 1444 3118 1524 Ἀρχέμαχος
3146 1449 3196 1503 ἐν
3221 1454 3325 1511 τοῖς

1776 1530 2206 1607 Μετονομασίαις.

1855 1617 1995 1696 Πρὸς
2022 1617 2114 1687 τὴν
2144 1619 2380 1698 μητέρα]
2403 1648 2425 1669 α
2454 1624 2576 1676 Hoc
2602 1632 2680 1676 cst
2702 1663 2717 1689 ,
2747 1622 2845 1674 nisi
2870 1621 3054 1689 fallor,
3086 1618 3211 1696 πρὸς
3232 1619 3325 1689 τὴν

1777 1703 2102 1784 Ἀλεξάνδρου
2146 1705 2370 1785 μητέρα.
2406 1710 2592 1763 Nihilo
2628 1719 2813 1762 tamen
2855 1709 3031 1761 secius
3066 1709 3324 1762 Jablons-

1777 1780 1873 1848 kio
1903 1795 2170 1849 assentior
2212 1796 2406 1849 l’anth.
2450 1796 2671 1867 Prolcg.
2699 1813 2756 1866 p.
2782 1794 2957 1847 XXX
2998 1792 3187 1847 fictam
3216 1812 3330 1847 essc

1779 1882 1930 1936 illam
1955 1881 2259 1936 Alexandri
2296 1884 2376 1938 M.
2411 1883 2731 1954 epistolam,
2761 1884 2821 1934 in
2846 1900 2956 1953 qua
2996 1881 3069 1935 ad
3096 1892 3328 1935 matrem

1779 1969 1975 2024 scribit
2017 1970 2127 2023 sibi
2164 1987 2204 2022 a
2244 1972 2425 2023 Leone
2473 1969 2712 2041 quodam
2757 1974 3009 2022 antistite
3048 1988 3329 2023 sacrorum

1787 2061 2167 2129 AEgyptiorum
2213 2067 2358 2109 metu
2395 2075 2515 2109 suoe
2534 2060 2826 2128 potestatis
2864 2058 3146 2128 proditum
3189 2075 3317 2119 esse,

1781 2149 1876 2215 qui
1902 2145 1988 2196 dii
2014 2144 2186 2216 vulgo
2203 2142 2553 2208 haberentur,
2582 2160 2675 2197 cos
2701 2141 2951 2197 homines
2960 2138 3146 2209 sitisse
3171 2142 3332 2214 (Aug.

1782 2232 1845 2288 C.
1893 2233 1963 2285 D.
1994 2231 2155 2297 VIII,
2194 2227 2226 2283 5
2248 2230 2294 2303 );
2326 2231 2585 2301 ipsosque
2612 2229 2775 2299 hujus
2816 2229 3062 2300 epistolae
3115 2227 3337 2281 fictores

1785 2317 1990 2372 Leonis
2018 2316 2199 2369 Pellaei
2236 2316 2333 2387 qui
2365 2316 2570 2370 librum
2597 2334 2757 2369 suum
2798 2315 3117 2388 Olympiadi
3154 2317 3338 2369 inscri-

1783 2405 1948 2476 psisse
1970 2400 2214 2470 videtur,
2237 2404 2467 2457 nomine
2496 2402 2567 2456 ad
2592 2400 2917 2474 fingendum
2942 2402 3183 2456 Leonem
3212 2402 3334 2457 hie-

1787 2490 2121 2562 rophantam
2146 2490 2470 2562 AEgyptium
2499 2488 2700 2542 abusos
2726 2488 2991 2543 arbitror.
3032 2512 3054 2535 υ
3087 2489 3325 2542 Imaum.

1789 2575 2064 2649 Aglaoph.
2115 2593 2173 2647 p.
2220 2593 2382 2630 1000.
2423 2604 2502 2619 -—·
2542 2576 2876 2627 Nicanorem
2918 2574 3163 2645 intellige
3201 2592 3327 2627 cum

1788 2665 1918 2735 qui,
1933 2661 2097 2715 sicuti
2118 2660 2545 2727 Archemachu5‚
2564 2656 2958 2731 Μετονομασίαις
2979 2660 3213 2730 scripsit.
3244 2660 3329 2713 Cf.

1787 2752 2009 2822 Fragm.
2043 2748 2182 2801 Hist.
2217 2749 2346 2803 Rer.
2379 2748 2535 2802 Alex.
2560 2766 2619 2817 p.
2661 2759 2787 2800 152.

2537 2877 2591 2913 2.

1870 2972 2045 3032 Clem.
2078 2973 2235 3031 Alex.
2261 2973 2470 3029 Strom.
2503 2973 2556 3040 1,
2595 2990 2685 3039 21,
2714 2990 2772 3044 p.
2815 2972 2923 3045 ¹39
2955 2970 3107 3043 Sylb.
3139 2990 3150 3023 :
3188 2970 3331 3026 Λέων

1792 3057 1847 3117 δὲ
1871 3062 1898 3115 ὁ
1923 3057 1988 3116 τὰ
2020 3058 2152 3139 Περὶ
2175 3062 2276 3116 τῶν
2304 3061 2418 3114 κατ’
2463 3054 2726 3133 Αἴγυπτον
2763 3060 2889 3115 θεῶν
2922 3056 3331 3134 τιριιιγματευσοὶν

1795 3168 1946 3223 μενος
1993 3144 2085 3215 τὴν
2130 3136 2267 3203 Ἶσιν
2298 3142 2397 3201 ὑπὸ
2446 3142 2713 3212 Ἑλλήνων
2770 3142 3030 3221 Δήμητρα
3071 3142 3339 3199 καλεῖσθαί

1795 3256 1970 3311 φησιν.
2018 3234 2230 3289 Eadem
2273 3252 2341 3288 ex
2390 3235 2562 3288 Clcm.
2594 3232 2863 3286 Eusebius
2910 3234 2969 3287 P.
3006 3233 3067 3284 E.
3112 3233 3193 3297 X,
3252 3250 3342 3297 ιο,

1792 3341 1854 3395 p.
1886 3328 2032 3394 499,
2060 3323 2123 3375 Β.
2532 3422 2562 3476 3

1874 3538 2199 3591 Tei-tullian.
2253 3538 2337 3589 De
2379 3554 2575 3589 coron.
2622 3536 2739 3591 mil.
2782 3553 2811 3603 7
2863 3553 2876 3590 :
2910 3536 3109 3587 Leom's
3146 3540 3345 3605 „scr-epta

1796 3626 2033 3689 evolvas,
2069 3628 2257 3695 prima
2283 3626 2393 3675 Isis
2415 3634 2661 3694 repertas
2686 3628 2867 3694 spicas
2888 3627 3072 3694 capite
3109 3627 3312 3674 circum

1798 3713 1940 3764 tulit.

2538 3804 2594 3860 [ι.
2847 3814 2873 3842 ·

1883 3918 2243 3989 Augustinus.
2277 3918 2394 3971 Civ.
2429 3918 2497 3971 D.
2530 3916 2698 3987 VIII,
2731 3934 2802 3985 27
2846 3936 2857 3967 :
2898 3917 3151 3969 Deli-ide
3178 3935 3351 3967 uxore

189 4006 336 4061 etiam
375 4029 467 4066 sua
495 4013 569 4068 de
608 4013 715 4067 diis
761 4012 1018 4067 doctrina
1063 4011 1423 4081 comprobari
1466 4009 1704 4061 voluisse
1800 4010 1976 4058 Osiris
1995 4017 2049 4058 et
2069 4006 2140 4057 de
2152 4009 2473 4077 parentibus
2487 4007 2782 4073 eorumqui
2802 4022 2986 4055 omnes
3007 4000 3350 4073 wge.cfiei.s·.=·e

189 4091 308 4227 isnihi
342 4096 576 4157 videtur.
610 4099 750 4153 Vide
781 4108 900 4153 not.
935 4097 1016 4151 ‘ad
1059 4095 1513 4150 Pseudocallisth.
1555 4096 1704 4147 Prae—

210 4186 278 4232 at.
304 4198 357 4251 p.
389 4185 551 4243 XIX.

748 4349 1129 4409 PERIPLUS.

909 4469 960 4515 4.

256 4556 301 4599 ln
319 4558 426 4605 AEno
443 4564 604 4609 monte
620 4560 922 4622 cephaleniae
940 4560 1103 4607 sanum
1123 4561 1195 4606 est
1217 4557 1350 4606 Jovis
1370 4554 1520 4605 AEneii
1539 4572 1553 4613 ;
1578 4555 1716 4614 cnjus

1795 4094 2123 4157 scribuntur,
2143 4091 2339 4162 quibus
2345 4091 2678 4162 parentibus
2690 4094 2802 4141 suis
2819 4091 2921 4141 illa
2944 4107 3107 4160 quum
3131 4091 3349 4160 sacr-isi—

1746 4185 1760 4231 Ι
1797 4192 1950 4233 caret
1964 4219 1981 4243 ,
2014 4183 2212 4271 invergit
2239 4177 2429 4230 hordei
2449 4188 2684 4249 segetem
2709 4196 2727 4228 .·
2749 4195 2873 4247 1111oe
2900 4188 2953 4228 c!
2974 4188 3181 4247 quanta
3198 4179 3352 4227 mula

2291 4342 2434 4400 LEO
2480 4341 2862 4400 PELLAEUS.

2221 4454 2311 4511 DE
2356 4453 2501 4511 DIIS
2545 4451 2936 4510 AEGYPTIIS.

1868 4570 1910 4610 1.
1955 4566 2153 4610 Cosmi-s
2186 4561 2305 4607 libro
2325 4559 2478 4620 primo
2502 4562 2568 4606 De
2588 4560 2726 4607 rebus
2746 4560 2975 4619 AEgyptiis
3000 4564 3047 4607 ct
3074 4561 3197 4608 Leon
3234 4562 3353 4609 lihro

203 4627 492 4682 muniuerunt
513 4638 644 4685 Leon
679 4637 725 4685 in
747 4637 933 4699 Periplo
952 4638 1001 4685 et
1019 4636 1348 4685 Timosthenes
1371 4638 1439 4683 De
1464 4633 1711 4695 portubus·
1803 4642 1957 4701 primo
1984 4649 1999 4700 (
2022 4643 2089 4688 De
2104 4639 2193 4686 diis·
2214 4638 2440 4698 AEgyptiis
2461 4640 2475 4695 )
2503 4651 2648 4698 quem
2674 4638 2733 4685 ad
2754 4642 2956 4685 matrem
2981 4639 2995 4695 (
3018 4636 3353 4691 Alexandrum

915 4735 967 4784 5.

260 4820 376 4870 Leon
409 4826 562 4878 rhetor
593 4831 809 4881 Medeam
843 4832 958 4880 dicit
990 4844 1086 4881 non
1115 4833 1349 4879 mactasse
1381 4831 1604 4885 fratrem,
1637 4830 1717 4875 scd

211 4902 373 4944 *mmo
390 4906 648 4955 sustulisse.

550 5004 698 5061 LEO
745 5004 1339 5065 ALABANDENSIS.

220 5182 258 5217 m
271 5099 459 5226 magiis,
479 5108 646 5158 festum
674 5111 796 5172 apud
833 5113 1068 5173 Assyrios,
1090 5114 1207 5161 teste
1233 5115 1387 5161 Leone
1411 5109 1721 5160 Alabandensi

354 5191 381 5224 ⁰
421 5185 547 5232 ertio.

1803 4720 2016 4781 scripsit,
2056 4722 2105 4767 et
2149 4717 2391 4766 Eudoxus
2430 4716 2551 4763 libro
2585 4717 2737 4778 primo
2787 4716 3192 4776 (zcogrsphiarum
3236 4718 3354 4764 Asia·

1803 4796 2020 4843 omnium
2045 4793 2397 4855 antiquissimos
2422 4806 2523 4840 csse
2559 4793 2798 4853 AEgyptios
2823 4792 3017 4851 dicunt,
3057 4793 3355 4852 primmuquv

1808 4872 1855 4919 in
1889 4873 2090 4933 AEgypto
2126 4871 2290 4917 urbem
2319 4868 2508 4916 Thebas
2545 4869 2806 4917 conditam.
2839 4869 3135 4925 Quibuscum
3160 4884 3334 4917 consen

1809 4951 1934 4997 tiuut
1956 4950 2159 4998 Nicanor
2183 4952 2227 4995 vt
2254 4947 2603 4995 Archcuiachus
2628 4946 2674 4994 iu
2696 4947 3064 4994 Metonomasiis.

2550 5030 2601 5077 2.

1873 5114 2002 5159 Leon
2027 5110 2106 5173 qui
2151 5113 2219 5157 De
2236 5108 2326 5156 diis
2358 5108 2586 5170 AEgyptiis
2622 5108 2872 5169 exposuit,
2912 5108 3082 5156 Isidem
3121 5122 3147 5155 a
3175 5110 3357 5158 Graeos

1815 5190 2081 5235 neuneu-om
2102 5186 2323 5247 appellari
2352 5186 2481 5233 «licit.
2924 5180 2933 5187 '
