3900 6042
502 435 657 480 xxv!

503 539 784 604 κούσαντος
803 582 817 607 ,
843 540 1129 616 θποκριθεὶς
1147 538 1216 602 ὡς
1246 536 1391 616 φίλον
1421 535 1673 594 συνέλαὸε
1695 535 1781 594 τὸν
1805 537 2048 615 βασιλέα·

500 624 592 682 καὶ
619 624 732 682 τότε
756 623 848 700 μὲν
879 624 1041 693 δήσας
1070 624 1480 703 παρεφύλαττεν,
1501 623 1712 702 ὕστερον
1750 625 1803 682 δὲ
1832 627 2048 684 ἀνεῖλεν.

501 710 729 787 Ὁμοίως
749 710 801 769 δὲ
823 710 913 769 καὶ
926 710 980 769 Ἀ
990 714 1120 779 ζιζος
1142 709 1277 767 κατὰ
1300 709 1393 776 τὰς
1413 709 1688 787 γενομένας
1706 711 1792 768 ἐπὶ
1815 714 2052 791 μερισμῷ

500 805 591 870 τ’ἧς
622 802 883 876 Συριακῆς
914 797 1179 876 βασιλείας
1208 796 1490 868 συνθέσεις,
1521 797 1806 855 ἐπεὸάλετο
1836 801 2050 877 δολοφο-

498 891 655 955 νῆσαι
669 885 755 942 τὸν
779 884 1051 945 Φίλιππον
1064 907 1078 920 ·
1095 887 1123 940 ὁ
1139 883 1192 940 δὲ
1208 883 1609 963 προαισθόμενος
1630 884 1725 954 τὴν
1750 884 2051 957 ἐπιδουλὴν,

507 972 691 1052 ἔφυγεν
719 974 790 1037 εἰς
810 971 904 1041 τὴν
934 969 1264 1047 Ἀντιόχειαν.

579 1061 803 1119 XXXV.
846 1055 1127 1118 εὈτικατᾶ
1162 1056 1257 1127 τὴν
1286 1055 1504 1132 Ῥώμην
1541 1057 1826 1123 Κατιλίνας
1850 1080 1924 1123 τις
1946 1080 2046 1114 κα-

497 1146 730 1229 τάχρεως
774 1146 837 1223 (ι)
878 1143 968 1201 καὶ
1013 1142 1233 1208 Λέντλος
1251 1188 1268 1218 ,
1318 1147 1346 1201 ὁ
1394 1143 1796 1218 ἐπικαλούμενος
1832 1144 2051 1223 Σούρας,

498 1233 823 1310 ἀθροίσαντες
850 1229 1006 1307 ὄχλον
1044 1230 1113 1308 (2)
1146 1228 1433 1287 ἀπόστασιν
1458 1230 1775 1304 ἐμελέτησαν
1800 1228 1937 1287 κατὰ
1961 1235 2053 1300 τῆς

498 1318 789 1395 συγκλήτου
814 1315 996 1396 τοιῷδέ
1012 1338 1111 1373 τινι
1133 1315 1331 1395 τρόπῳ.
1378 1316 1690 1385 Μελλούσης
1712 1315 1848 1381 τινὸς
1875 1320 2052 1395 ἑορτῆς

498 1396 659 1478 εἶναι,
687 1404 801 1461 καθ’
818 1404 884 1474 ἣν
911 1400 1021 1468 ἔθος
1052 1394 1116 1473 ἦν
1139 1402 1255 1468 τοὺς
1290 1402 1777 1481 πατρωνευομένους
1810 1401 1910 1460 ὑπὸ
1946 1407 2049 1460 τῶν

499 1494 552 1547 ἐν
581 1493 861 1569 ὑπεροχαῖς
887 1490 1046 1546 ὄντων
1073 1488 1207 1555 ξένια
1236 1487 1481 1565 πέμπειν,
1512 1487 1600 1545 καὶ
1631 1486 1716 1545 διὰ
1747 1487 1943 1557 ταύτην
1970 1490 2049 1545 αἷ-

498 1576 613 1635 τίαν
642 1580 706 1634 δι’
727 1576 848 1645 ὅλης
866 1581 958 1647 τῆς
977 1575 1155 1641 νυκτὸς
1174 1579 1434 1654 ἆνεῶχθαι
1458 1573 1551 1640 τὰς
1572 1574 1737 1640 οἰκίας
1764 1573 2050 1647 συνέὸαινε,

497 1663 762 1723 συνέθεντο
780 1655 865 1721 οὗν
885 1659 1022 1722 κατὰ
1038 1667 1216 1722 τοῦτον
1232 1661 1319 1720 τὸν
1342 1661 1520 1742 καιρὸν
1541 1660 1848 1736 εἰσπέμπειν
1869 1663 1938 1726 εἰς
1958 1661 2050 1729 τὰς

493 1753 595 1806 τῶν
642 1748 1116 1824 ἑπιὸουλευομένων
1147 1750 1311 1815 οἰκίας
1346 1747 1462 1813 τοὺς
1497 1748 1846 1826 προσάξοντας
1879 1750 2051 1815 αὐτοῖς

493 1833 582 1901 τὰς
606 1837 812 1914 χεῖρας·
842 1834 928 1900 οὓς
957 1833 1057 1892 ἔδει
1085 1833 1178 1903 τὴν
1208 1832 1300 1910 μὲν
1326 1820 1615 1913 φἀντασίαν
1636 1833 1791 1913 χάριν
1823 1838 1915 1905 τῆς
1944 1837 2047 1895 τῶν

493 1919 666 1989 ξενίων
710 1924 950 2000 εἰσφορᾶς
989 1920 1296 1986 ἀνυπόπτως
1332 1918 1675 1991 εἰσελθόντας,
1711 1918 1801 1978 καὶ
1843 1918 2049 1989 ἀδήλως

493 2007 918 2085 παρεζωσμένους
944 2006 1089 2086 ξίφη,
1112 2006 1203 2064 καὶ
1226 2010 1342 2064 κατ’
1368 2005 1568 2082 ὀλίγους
1587 2006 1666 2086 ἐφ’
1688 2006 1881 2083 ἑκάστῃ
1910 2006 2047 2086 οἰκία

499 2093 938 2174 μεμερισμένους,
972 2095 1056 2173 ὑφ’
1083 2092 1173 2151 ἕνα
1201 2091 1292 2150 καὶ
1321 2092 1410 2151 τὸν
1432 2091 1585 2149 αὐτὸν
1622 2092 1802 2169 καιρὸν
1836 2092 2048 2151 ἅπασαν

503 2183 686 2261 σχεδὸν
714 2181 809 2252 τὴν
826 2182 1114 2258 σύγκλητον
1143 2182 1364 2239 ἀνελεῖν.
1447 2181 1497 2237 Τ
1497 2183 1645 2236 οῦτον
1669 2178 1723 2237 δὲ
1750 2178 1836 2236 τὸν
1858 2177 2048 2257 τρόπον

446 2258 457 2271 “
498 2267 930 2344 διεσκευασμένης
947 2272 1037 2338 τῆς
1059 2266 1362 2337 ἐπιδουλῆς,
1383 2265 1688 2343 παραδόξως
1708 2265 2046 2337 διεσώθησαν.

495 2354 703 2416 Ὄντων
732 2356 834 2433 γὰρ
873 2354 1126 2413 πλειόνων
1160 2353 1192 2424 ἢ
1228 2353 1648 2432 τεσσαρακοσίων
1686 2356 1788 2412 τῶν
1831 2352 1916 2411 ἐπὶ
1953 2352 2045 2423 τὴν

496 2443 700 2524 σφαγὴν
720 2441 1075 2519 τεταγμένων,
1106 2441 1196 2499 ἕνα
1220 2439 1412 2499 τούτων
1449 2441 1770 2516 διακείμενον
1793 2443 2048 2518 ἐρωτικῶς

494 2530 621 2611 πρός
648 2554 762 2588 τινα
788 2529 1067 2601 παιδίσκην
1095 2529 1184 2587 καὶ
1204 2527 1304 2586 ὑπὸ
1337 2528 1527 2601 ταύτης
1553 2527 2045 2608 παραθεωρούμενον

491 2617 766 2683 πλεονάκις
782 2616 950 2694 λέγειν
969 2616 1150 2697 [φασὶν
1166 2613 1269 2695 ὅτι]
1283 2615 1344 2695 (a)
1363 2618 1476 2693 μετ’
1496 2615 1669 2693 ὀλίγας
1685 2615 1881 2694 ἡμέρας
1900 2614 2046 2673 ἔσται

492 2711 580 2762 τοῦ
620 2704 913 2781 πνεύματος
959 2706 1117 2773 αὐτῆς
1154 2703 1346 2784 κύριος.
1443 2703 1553 2773 Τῆς
1598 2702 1651 2760 δὲ
1688 2702 2048 2778 θαυμαζούσης

493 2790 552 2849 τὸ
578 2790 727 2871 ῥηθὲν
757 2792 846 2850 καὶ
872 2791 944 2866 μὴ
971 2791 1257 2866 δυναμένης
1274 2794 1460 2861 νοῆσαι
1481 2787 1574 2860 τὴν
1590 2787 1760 2847 αἰτίαν
1782 2792 1874 2859 τῆς
1888 2788 2048 2866 ἁμίλ-

489 2882 607 2957 λης,
629 2879 716 2937 τὸν
734 2877 825 2954 μὲν
844 2878 1109 2936 νεανίσκον
1132 2877 1299 2953 μένειν
1322 2878 1407 2935 ἐπὶ
1425 2882 1517 2949 τ’ἥς
1532 2876 1827 2941 ἀνατάσεως
1847 2874 1931 2953 (4),
1952 2875 2046 2946 τὴν

491 2966 546 3024 δὲ
576 2965 712 3023 κατὰ
732 2964 827 3035 τὴν
853 2964 1241 3045 συμπεριφορὰν
1279 2964 1368 3021 καὶ
1395 2964 1489 3034 τὴν
1531 2962 1642 3040 μετ’
1672 2963 1827 3020 αὖτοῦ
1857 2961 2043 3038 μέθην,

492 3049 907 3132 ὑποκριναμένην
935 3049 1321 3128 κεχαρισμένας
1348 3049 1552 3124 ὁμιλίας
1583 3050 1646 3125 (ι)
1679 3046 1845 3115 ἀξιοῦν
1876 3049 2044 3123 δηλῶ·

493 3162 609 3210 σαι,
634 3138 752 3197 τίνα
772 3137 897 3195 ποτὲ
920 3142 1037 3197 νοῦν
1064 3136 1173 3214 ἔχει
1193 3135 1257 3194 τὸ
1275 3135 1452 3215 ῥηθέν·
1480 3134 1566 3193 τὸν
1589 3135 1641 3193 δὲ
1667 3133 1753 3193 διὰ
1770 3137 1858 3192 τὸν
1876 3133 2045 3210 ἔρωτα

496 3227 801 3307 βουλόμενον
848 3225 1010 3303 ταύτῃ
1059 3222 1406 3302 χαρίσασθαι,
1447 3232 1621 3281 πᾶσαν
1666 3220 1761 3292 τὴν
1790 3222 2039 3293 ἀλήθειαν

494 3311 745 3390 μηνῦσαι.
766 3309 880 3381 Τὴν
896 3309 950 3369 δὲ
969 3314 1404 3389 προσποιηθεῖσαν
1420 3308 1532 3386 μετ’
1548 3308 1744 3375 εὐνοίας
1766 3307 1855 3365 καὶ
1876 3316 2045 3387 χαρᾶς

494 3402 731 3479 δεδέχθαι
757 3398 847 3457 τὸν
889 3397 1061 3473 λόγον,
1109 3400 1403 3467 σιωπῆσαι·
1444 3402 1509 3477 τῇ
1554 3397 1607 3454 δὲ
1642 3394 1888 3475 ὑστεραία
1918 3393 2043 3474 πρὸς

494 3487 589 3556 τὴν
615 3492 703 3544 τοῦ
726 3484 924 3542 ὑπάτου
954 3482 1245 3563 Κικέρωνος
1264 3488 1483 3559 γυναῖκα
1512 3481 1932 3553 καταντήσασαν,
1957 3481 2045 3538 καὶ

495 3575 610 3631 κατ’
637 3571 769 3631 ἰδίαν
801 3570 1312 3650 διαλεχθεῖσανπερὶ
1339 3568 1554 3643 τούτων,
1587 3570 1903 3647 ἀπαγγεῖλαι
1927 3567 2044 3634 τοὺς

501 3659 745 3741 ῥηθέντας
786 3658 966 3735 λόγους
1006 3658 1106 3717 ὑπὸ
1132 3663 1223 3716 τοῦ
1265 3658 1550 3716 νεανίσκου.
1635 3655 1741 3716 Καὶ
1777 3656 1943 3734 τούτῳ
1971 3658 2046 3732 τῷ

463 3748 474 3757 ’
494 3747 670 3827 τρόπῳ
698 3744 922 3827 φανερὰν
944 3745 1181 3824 γενέσθαι
1213 3743 1306 3815 τὴν
1337 3745 1531 3803 τούτων
1556 3742 1904 3819 συνωμοσίαν.
1935 3742 2044 3801 Τὸν

494 3835 550 3893 δὲ
572 3833 639 3893 τὰ
661 3832 753 3910 μὲν
774 3832 1025 3890 ἀνατάσει
1042 3831 1131 3890 καὶ
1151 3831 1319 3912 φόὸῳ,
1344 3831 1412 3888 τὰ
1436 3831 1488 3889 δὲ
1518 3829 1849 3909 παρακλήσει
1864 3831 2044 3909 φιλαν-

493 3921 687 4001 θρώπῳ
722 3921 1054 3999 χρησάμενον
1096 3924 1278 3995 μαθεῖν
1307 3918 1534 4000 ἅκριὸῶς
1573 3919 1701 3998 παρ’
1742 3919 1911 3975 αὐτῶν
1949 3911 2044 3985 τὴν

484 4002 618 4084 ’ὅλην
652 4008 953 4077 ἐπιὸουλήν.

538 4189 740 4234 ‘ruoz
775 4188 898 4232 'ras
935 4185 1216 4231 ls‘ropias
1252 4183 1551 4230 aloanror
1587 4163 2001 4228 ΣιιιΕΛιΩιοτξ

1260 419 1355 476 ΙίΚ
1411 419 1967 477 ΤΙΙΣ-ΙΣῚὈΡΙΑΣ
2022 422 2402 481 ΔΙΟΔΩΡΟΥ
2446 425 2932 487 ΣΙΚΕΑΙΩΤΟΥ.

2141 550 2419 616 simniabat,
2446 566 2556 603 eum
2582 557 2965 618 comprehendit,
3003 560 3052 607 et
3072 562 3185 607 tunc
3217 559 3412 621 quidem
3451 560 3500 608 in
3524 562 3686 609 custo-

2141 655 2269 704 diam
2296 655 2452 717 dedit,
2481 656 2653 706 deinde
2669 670 2784 707 vero
2805 659 3054 709 interfecit.
3087 661 3312 710 Similiter
3350 664 3496 711 etiam
3523 664 3688 712 Azizus

2144 770 2205 805 ex
2225 758 2375 819 pactis
2395 771 2507 821 quae
2540 758 2601 808 de
2623 759 2879 809 dividendo
2912 752 3054 823 regno
3082 762 3230 823 syrim
3255 764 3492 824 fecerant,
3521 764 3687 826 Philip·

2143 875 2256 925 pum
2282 863 2404 911 ciam
2428 863 2645 913 occidere
2670 865 2837 914 votuit.
2877 867 2937 915 At
2973 866 3216 929 Philippus
3237 866 3429 917 insidias
3461 868 3690 917 odoratus

2143 965 2253 1025 fuga
2279 965 2430 1012 evasit
2448 966 2765 1015 Antiochiam.

2204 1073 2398 1120 xxxv.
2433 1074 2599 1120 Romae
2632 1072 2834 1121 catilina
2854 1084 2953 1122 aere
2973 1074 3130 1123 alieno
3160 1086 3350 1136 pressus
3377 1078 3427 1124 et
3458 1076 3690 1126 Lentulus

2141 1184 2455 1243 cognomento
2472 1185 2592 1232 Sura
2623 1183 2919 1244 plebeiorum
2937 1186 3132 1234 turbam
3159 1188 3498 1247 congregantes
3520 1190 3690 1236 contra

2140 1291 2356 1337 senatum
2385 1300 2579 1338 movere
2602 1289 2879 1340 seditionem
2898 1292 3218 1342 moliebantur
3250 1293 3377 1342 hunc
3401 1295 3447 1343 in
3469 1294 3684 1347 modum.

2125 1396 2355 1447 ‘instabat
2376 1396 2477 1447 dies
2503 1399 2650 1447 t'estns
2665 1433 2679 1459 ,
2698 1410 2797 1459 qno
2824 1397 3021 1448 clientes
3032 1397 3162 1447 dona
3180 1399 3371 1449 mittere
3392 1400 3608 1461 patronis
3620 1415 3689 1449 so·

2141 1507 2322 1570 lebant;
2342 1510 2392 1557 et
2407 1509 2657 1570 propterea
2672 1520 2754 1569 per
2773 1506 2930 1556 totam
2943 1509 3131 1556 noctem
3151 1507 3325 1557 domus
3335 1511 3514 1570 apertm
3531 1512 3688 1559 erant.

2148 1619 2235 1668 lita
2279 1619 2420 1681 igitur
2441 1619 2794 1681 opportunitate
2828 1618 3058 1668 utendum
3092 1631 3195 1669 esse
3215 1622 3513 1683 statuerunt,
3552 1624 3610 1671 ut
3647 1623 3694 1670 in

2139 1727 2265 1777 mdes
2286 1741 2477 1788 eorum,
2492 1727 2667 1790 quibus
2690 1726 2879 1777 insidias
2903 1728 3167 1789 struebant,
3188 1742 3489 1791 percussores
3508 1731 3693 1779 immit-

2139 1842 2323 1900 terent,
2347 1839 2430 1900 qui
2450 1838 2538 1887 sub
2560 1839 2714 1900 specie
2737 1838 3037 1888 serendorum
3061 1838 3294 1888 donorum
3323 1840 3444 1889 citra
3465 1841 3694 1903 suspicio-

2139 1961 2251 1998 nem
2269 1948 2462 2010 ingressi
2484 1949 2533 1997 et
2555 1948 2759 1997 latenter
2790 1947 2956 2010 gtadiis
2992 1947 3135 1997 cincti
3153 1952 3301 2010 atque
3330 1948 3399 1998 ita
3416 1948 3692 2011 distributi,

2139 2063 2196 2109 ut
2229 2059 2368 2123 pauci
2411 2059 2604 2121 singulis
2632 2058 2851 2108 domibus
2884 2059 3247 2121 assignarentur,
3284 2071 3379 2107 uno
3418 2059 3691 2122 eodemque

2139 2167 2364 2229 temporis
2385 2170 2629 2216 momento
2650 2169 2806 2216 totum
2837 2179 2973 2229 paene
2990 2170 3208 2216 senatum
3227 2166 3539 2217 trucidarent.
3569 2170 3688 2218 Insi-

2137 2277 2325 2326 diarum
2344 2277 2526 2325 ratione
2553 2289 2620 2325 sic
2638 2276 2925 2338 composita,
2951 2279 3124 2339 practer
3154 2276 3425 2339 opinionem
3447 2279 3695 2327 senatores

2135 2387 2311 2437 servati
2332 2389 2462 2436 sunt.
2488 2387 2673 2437 Etenim
2696 2399 2848 2449 quum
2887 2399 3032 2448 snpra
3044 2386 3414 2448 quadringentos
3439 2385 3558 2435 caedi
3587 2400 3694 2449 per·

2138 2498 2332 2562 agendae
2365 2498 2576 2560 praefecti
2632 2497 2814 2559 essent,
2840 2496 3013 2546 accidit
3049 2498 3105 2546 ut
3126 2509 3252 2546 nnus
3274 2510 3442 2546 eornm
3464 2509 3494 2545 a
3525 2496 3690 2559 pueita

2137 2621 2281 2670 quam
2315 2605 2587 2670 deperiebat
2617 2605 2870 2667 despectus
2905 2605 3078 2654 iterum
3104 2618 3162 2654 ac
3191 2606 3367 2667 soepius
3400 2605 3444 2654 ei
3469 2604 3690 2654 diceret:

2138 2738 2162 2761 «ι
2185 2716 2352 2768 Paucis
2368 2716 2536 2766 diebus
2554 2718 2660 2778 post
2680 2714 2841 2764 anima
2857 2714 2942 2763 tua
2963 2714 3012 2762 in
3031 2725 3138 2761 mea
3155 2711 3245 2761 erit
3267 2713 3521 2773 potestate.
3550 2730 3575 2753 n
3607 2714 3694 2760 De-

2136 2831 2338 2881 mirante
2360 2795 2640 2878 iliadictnm
2654 2839 2711 2876 ac
2729 2838 2921 2875 causam
2935 2824 3208 2873 certaminis
3222 2824 3397 2873 frustra
3418 2826 3690 2885 quaerente,

2132 2942 2358 3003 iuvenem
2376 2939 2426 2987 in
2449 2938 2636 2987 minace
2650 2935 2866 2985 oratione
2883 2947 2970 2983 sna
2986 2946 3328 2996 perseverasse,
3344 2933 3554 2995 pueliam
3577 2947 3694 2981 vero

2140 3051 2263 3099 inter
2276 3048 2524 3111 amplexus
2541 3047 2590 3095 et
2609 3045 2783 3094 amorIs
2803 3042 3080 3093 ebrietatem
3092 3042 3313 3090 simulate
3334 3041 3478 3104 gratis
3495 3041 3689 3090 blandi·

2135 3160 2308 3210 mentis
2325 3171 2459 3208 usam
2479 3168 2692 3220 rogasse,
2717 3156 2774 3203 ut
2793 3166 2985 3204 sennim
3008 3151 3126 3201 dicti
3146 3151 3272 3200 iltius
3295 3149 3384 3199 sibi
3404 3152 3688 3210 exponeret.

2136 3273 2280 3323 Illum
2294 3269 2541 3320 cedentem
2559 3265 2708 3316 amori
2723 3266 2773 3315 et
2794 3264 2963 3313 amicae
2987 3262 3363 3324 gratificaturum
3381 3261 3534 3308 totam
3551 3272 3654 3307 rem
3670 3294 3687 3319 ,

2134 3386 2246 3436 quae
2277 3372 2427 3432 esset,
2447 3369 2701 3433 aperuisse.
2723 3365 2937 3417 Puellam
2970 3364 3276 3414 simulantem
3305 3365 3492 3425 gramm
3515 3362 3606 3411 sibi
3639 3365 3690 3410 et

2133 3476 2308 3540 gaudio
2326 3485 2594 3525 sermonem
2608 3484 2728 3532 esse,
2741 3471 2861 3519 tunc
2873 3467 3065 3530 quidem
3083 3467 3304 3527 tacuisse,
3324 3464 3554 3527 postridie
3569 3476 3688 3513 vero

2135 3593 2336 3629 uxorem
2371 3575 2613 3629 ciceronis
2648 3573 2856 3623 consulis
2881 3570 3159 3620 convenisse
3185 3581 3244 3617 ac
3273 3568 3423 3616 solam
3442 3580 3555 3616 cum
3584 3567 3688 3616 sola

2134 3681 2419 3730 coitocutam
2429 3676 2602 3726 dixisse
2615 3675 2659 3724 ei
2669 3674 2834 3736 quales
2844 3672 3034 3734 juvenis
3044 3672 3124 3721 ilie
3135 3683 3376 3721 sermones
3384 3669 3677 3732 protulisset.

2134 3787 2289 3846 Atque
2313 3783 2384 3832 sic
2409 3779 2786 3842 coniurationem
2806 3789 2908 3827 esse
2937 3776 3240 3838 patciactam.
3278 3774 3538 3824 consulem
3566 3785 3688 3823 vero

2134 3888 2304 3952 partim
2330 3885 2469 3935 minis
2491 3887 2541 3934 et
2564 3887 2713 3944 metu,
2728 3882 2903 3944 partim
2920 3881 3045 3930 comt
3065 3879 3396 3930 exhortatione
3409 3878 3686 3940 conjuratos

2133 3993 2403 4053 adduxisse,
2420 3993 2475 4039 ut
2488 3989 2549 4038 de
2560 3987 2691 4037 omni
2701 3985 2975 4037 insidiarum
2993 3984 3177 4034 ratione
3186 3985 3440 4033 certiorem
3452 3984 3679 4033 facerent.
3716 4021 3720 4025 .

2370 4165 2535 4208 runs
2572 4162 2880 4205 msaeomAE
2922 4158 3177 4202 monost
3220 4158 3444 4201 stetim.

518 4351 3659 4388 ——--.-..——--.-.--———-——-—————-———-

493 4434 679 4495 λαρχος.
702 4432 761 4480 At
774 4443 951 4479 nomen
968 4430 1136 4485 Ἄζιζος
1155 4428 1301 4478 babes
1320 4429 1405 4477 ΧΧ
1421 4462 1435 4487 ,
1456 4430 1552 4487 7,8.
1577 4425 1782 4475 Alterius
1804 4423 1973 4474 Arabis
1995 4434 2168 4470 nomen
2185 4419 2310 4482 apud
2329 4418 2589 4480 josephum
2605 4418 2780 4477 xviii,
2797 4419 2873 4477 5st
2894 4418 2942 4463 et
2957 4417 3085 4474 ΧΙΧ,
3106 4418 3153 4475 8,
3177 4420 3196 4462 1
3216 4416 3289 4463 est
3307 4412 3682 4474 Σαμψιγέραμος,

494 4502 625 4563 quod
645 4500 828 4562 reposui
848 4513 898 4547 n.
916 4501 948 4548 t.
969 4533 984 4557 ,
1000 4499 1081 4547 ubi
1097 4498 1251 4546 codex
1269 4516 1281 4545 ε
1302 4497 1684 4559 Σαμψυκέραμος.
1702 4521 1765 4531 -
1784 4497 1943 4543 insere
1959 4493 2274 4553 fragmentum
2291 4492 2404 4538 ante
2422 4488 2502 4538 tib.
2521 4490 2621 4547 XL,
2641 4499 2684 4535 c.
2709 4493 2754 4535 α.
3280 4551 3290 4563 ⁸
3318 4552 3327 4562 .
3638 4549 3648 4560 .

557 4571 748 4619 xxxv.
783 4569 892 4619 Ful.
918 4573 1024 4629 187,
1065 4574 1119 4616 ιο
1137 4580 1183 4615 r.
1204 4592 1262 4605 ·—
1285 4569 1389 4626 187,
1412 4571 1439 4615 8
1460 4578 1559 4614 vso.
1581 4590 1644 4600 —
1664 4568 1733 4613 De
1755 4577 1806 4613 re
1825 4564 2009 4612 constat
2030 4562 2235 4611 abunde.
2262 4562 2446 4609 Locum
2464 4572 2512 4606 n.
2538 4570 2661 4619 pone
2677 4558 2789 4605 ante
2819 4554 2903 4604 tib.
2933 4555 3042 4610 XL.
3062 4566 3106 4601 c.
3130 4560 3185 4611 5,
3211 4552 3291 4632 ubi
3317 4552 3431 4599 ntem
3452 4549 3514 4598 de
3544 4552 3675 4598 Cati·

496 4640 591 4690 lina
616 4654 771 4689 sermo
795 4642 881 4689 est.
898 4643 1016 4687 —t.
1038 4635 1351 4698 κατάχρεω
1368 4635 1416 4699 ς]
1436 4634 1705 4699 κατάχρεων
1723 4633 1833 4683 cod.
1854 4663 1905 4673 —
1935 4640 1981 4681 2.
2002 4630 2211 4694 ὄχλον]
2229 4630 2379 4691 ὄχλων
2403 4626 2582 4675 cod.--
2602 4633 2647 4675 3.
2668 4625 2846 4687 φασὶν
2870 4622 2990 4686 ὅτι]
3010 4622 3224 4683 supplevi
3261 4650 3324 4663 -
3342 4619 3682 4681 4.ἀνατάσεως]

497 4709 798 4766 ἀναστάσεως
816 4709 921 4758 cod.
948 4711 1061 4758 Mox
1086 4720 1173 4770 pro
1196 4707 1339 4755 αὐτοῦ
1362 4705 1526 4754 malim
1543 4706 1699 4763 αὐτῆς.
1724 4730 1783 4741 --
1807 4711 1849 4753 5.
1870 4718 2074 4766 κεχαρ.
2103 4703 2174 4763 ὀμ
2188 4698 2270 4747 ιλί
2287 4695 2391 4759 ας),
2420 4696 2786 4759 Κεχαρισμέναις
2817 4693 3016 4756 ὁμιλίαις
3031 4692 3198 4741 codex.

3865 1054 3881 1453 „-..-..-—-.-
