3900 6042
627 491 735 541 86⁴

622 611 920 691 εἰσαγγελία
943 631 956 669 :
985 606 1248 690 [Ἔκρινον
1274 609 1326 667 δὲ
1353 608 1444 676 τὰς
1472 608 1821 687 εἰσαγγελίας]
1850 609 2029 685 ὧςμὶν
2065 612 2170 670 Φι·

621 699 836 778 λόχορος
866 698 1182 776 (Φιλόχανος
1204 696 1584 775 εοά.),χιλίων
1611 697 1988 773 καθεζομένων,
2017 700 2088 762 ὡς
2115 695 2170 755 δὲ

621 785 916 866 Δημήτριος
943 787 972 842 δ
1000 783 1310 863 Φαληρεὺς,
1337 784 1519 862 χιλίων
1542 783 1914 841 πεντακοσίων.
1954 781 2170 840 Inclusa

619 876 898 949 supplevit
916 875 1170 929 Meierus.

699 962 901 1017 Pollux
922 961 1086 1029 VIII,
1106 957 1186 1014 53
1210 975 1226 1016 Ξ
1256 956 1429 1018 Χίλιοι
1461 955 1515 1014 δὲ
1538 953 1677 1013 κατὰ
1709 954 1803 1031 μὲν
1829 953 2047 1015 Σόλωνα
2078 953 2170 1021 τὰς

618 1042 943 1122 εἰσαγγελίας
982 1042 1195 1122 ἔκρινον·
1232 1040 1369 1100 κατὰ
1406 1043 1459 1100 δὲ
1492 1041 1580 1099 τὸν
1618 1039 1904 1120 Φαληρέα,
1924 1039 2168 1120 καὶπρὸς

619 1130 970 1189 πεντακόσιοι.

705 1243 730 1268 α
770 1220 858 1274 Ab
899 1218 1127 1274 Polluce
1175 1235 1352 1290 quum
1391 1217 1707 1272 Demetrius
1739 1215 1935 1272 Soloni
1981 1232 2170 1289 oppo-

617 1316 804 1374 natur,
820 1315 884 1360 ut
900 1305 1121 1360 Solonis
1137 1305 1366 1358 nomine
1379 1304 1526 1378 leges
1540 1303 1783 1370 Solonis,
1802 1302 1877 1355 ita
1891 1303 2168 1357 Demetrii

617 1395 847 1447 nomine
863 1391 1132 1448 Demetrii
1150 1391 1294 1465 leges
1310 1388 1606 1464 significari
1621 1387 1954 1456 credideris;
1973 1398 2168 1445 contra

617 1498 683 1534 ea
701 1479 793 1533 hic
815 1479 1204 1553 grammaticus
1218 1495 1391 1550 quum
1400 1476 1750 1532 Demetrium
1760 1484 2014 1547 opponat
2031 1475 2166 1529 Phi-

619 1567 968 1635 lochoro,ut
995 1564 1319 1619 Philochori
1343 1564 1570 1618 nomine
1605 1561 1927 1616 Philochori
1959 1561 2162 1631 libros,

617 1653 695 1707 ita
717 1652 988 1707 Demetrii
1009 1650 1235 1705 nomine
1251 1650 1526 1706 Demetrii
1548 1648 1723 1703 libros
1747 1644 2059 1721 significare
2077 1649 2168 1702 vi-

618 1739 784 1794 detur
800 1758 815 1807 ;
840 1739 990 1793 hunc
1005 1738 1176 1811 igitur
1192 1737 1268 1791 sic
1290 1737 1658 1809 interpretere
1675 1777 1690 1803 ,
1710 1734 1863 1807 quasi
1885 1752 2023 1788 vero
2037 1734 2166 1789 Phi·

618 1825 884 1880 lochorus
915 1825 1225 1880 narraverit
1262 1823 1334 1877 de
1357 1817 1700 1896 εἶσαγγελίαις
1729 1836 1950 1891 semper
1983 1819 2164 1889 mille,

616 1913 932 1968 Demetrius
949 1921 1134 1965 autem
1153 1908 1447 1964 tradiderit
1469 1906 1541 1962 de
1563 1907 1627 1960 iis
1643 1923 1862 1978 semper
1884 1907 1993 1960 MD
2012 1905 2169 1977 judi-

618 2017 707 2052 ces
719 1997 989 2071 judicasse
1007 2039 1023 2066 ,
1045 2013 1240 2068 quum,
1266 1995 1551 2049 Pollucem
1569 1993 1613 2047 si
1630 1991 1789 2046 audis
1805 2032 1821 2059 ,
1839 1991 1974 2045 olim
2000 1992 2166 2047 Solo-

618 2085 704 2136 nis
717 2082 932 2155 legibus
945 2083 1126 2151 mille,
1147 2091 1340 2154 postea
1358 2078 1627 2135 Demetrii
1650 2096 1717 2132 ex
1737 2075 1950 2150 legibus
1965 2078 2074 2134 MD
2095 2077 2167 2133 de

618 2164 961 2242 εἰσαγγελίαις
975 2166 1299 2239 judicarint.
1343 2169 1529 2238 Atque
1564 2181 1693 2219 cum
1730 2163 1841 2217 hoc
1877 2163 2165 2219 rhetorico

620 2254 802 2308 lexico
821 2262 884 2306 ut
910 2252 1092 2307 facere
1108 2252 1297 2307 malim
1310 2293 1327 2321 ,
1350 2250 1489 2306 illud
1509 2251 1644 2305 mihi
1660 2246 1985 2323 persuadet,
2008 2249 2166 2322 quod

621 2340 892 2395 Demetrii
944 2338 1102 2393 libris
1146 2335 1279 2416 Περὶ
1319 2339 1412 2406 τῆς
1464 2334 1707 2406 Ἀθήνησι
1751 2332 2050 2410 νομοθεσίας
2093 2337 2164 2393 ab

622 2423 1068 2498 Harpocratione
1097 2433 1203 2494 ter,
1224 2423 1295 2478 ab
1322 2423 1433 2478 hoc
1459 2423 1641 2478 lexico
1674 2423 1963 2477 rhetorico
1996 2422 2165 2477 semel

620 2513 822 2568 diserte
840 2511 918 2586 (p.
939 2510 1073 2582 672,
1091 2510 1168 2584 4),
1192 2511 1361 2567 semel
1382 2510 1565 2565 minus
1583 2508 1786 2564 diserte
1810 2506 1883 2582 (p.
1904 2506 2043 2577 673,
2084 2507 2160 2580 4),

619 2598 735 2670 ejus
763 2609 949 2654 autem
989 2598 1205 2672 legibus
1230 2615 1517 2670 nunquam
1559 2596 1631 2651 ab
1675 2595 1760 2649 his
1793 2595 2166 2669 grammaticis

619 2686 996 2740 testimonium
1032 2683 1430 2752 denunciatum
1455 2684 1643 2755 itaque
1681 2681 1834 2755 apud
1876 2683 2164 2737 Pollucem

618 2789 850 2846 quoque
872 2782 993 2826 tum
1014 2789 1115 2840 eo,
1145 2789 1261 2844 quo
1289 2788 1442 2825 nunc
1467 2771 1670 2844 agitur,
1702 2769 1831 2824 loco
1878 2770 2040 2837 vm,
2069 2767 2163 2838 52,

618 2855 754 2913 κατὰ
789 2853 843 2913 δὲ
871 2853 961 2913 τὸν
984 2854 1244 2934 Φαληρέα
1279 2875 1397 2911 non
1416 2854 1690 2929 significat
1706 2873 1782 2911 ex
1810 2855 2024 2930 legibus
2050 2856 2164 2914 sive

617 2955 861 3017 tempore
880 2944 1262 3010 Phala-ensis,
1294 2954 1415 2997 tum
1433 2943 1596 3009 VIII,
1642 2959 1771 3012 102,
1801 2938 2165 3017 νομοφύλακας

619 3027 674 3085 δὲ
698 3025 833 3084 κατὰ
857 3026 945 3085 τὸν
966 3027 1255 3107 Φαληρέα,
1276 3023 1751 3102 μετωνομάσθησαν
1779 3045 1898 3081 non
1923 3038 2004 3082 est
2035 3047 2163 3088 cum

618 3117 853 3172 Kuhnio
910 3115 1305 3189 explicandum
1359 3127 1600 3188 tempore
1637 3112 2015 3180 Phaleoensis,
2064 3116 2164 3172 sed

618 3213 857 3276 uterque
883 3203 1041 3258 locus
1062 3202 1136 3257 ad
1158 3220 1254 3258 eos
1281 3219 1424 3274 quos
1450 3199 1692 3255 diximus
1714 3201 1889 3256 libros
1912 3204 1998 3256 De
2021 3202 2162 3278 legi-

618 3290 724 3345 bus
750 3289 938 3345 Atticis
957 3287 1285 3344 referendus
1307 3298 1404 3346 est.
1439 3287 1561 3342 Jam
1582 3288 1674 3342 via
1694 3298 1889 3360 parata
1924 3298 2032 3359 est,
2052 3307 2163 3361 qua

619 3375 908 3431 Pollucem
932 3393 1060 3430 cum
1084 3375 1196 3430 hoc
1223 3375 1435 3442 lexico,
1461 3391 1573 3446 qua
1598 3374 2001 3430 Philochorum
2033 3393 2161 3431 cum

616 3463 904 3518 Demetrio
937 3462 1311 3519 conciliemus.
1341 3462 1561 3516 Etenim
1595 3461 1966 3517 Philochorus
2003 3464 2163 3535 quod

613 3549 766 3604 mille
793 3546 1010 3620 judices
1035 3548 1107 3604 de
1134 3546 1477 3625 εἰσαγγελίαις
1502 3547 1777 3620 judicasse
1808 3550 2057 3622 scripsit,
2088 3550 2162 3605 ad

610 3644 859 3691 veterem
905 3635 1125 3691 Solonis
1166 3637 1344 3711 legem
1366 3678 1384 3708 ‚
1423 3635 1766 3709 Demetrius,
1806 3634 1967 3708 quod
2008 3637 2161 3692 mille

612 3723 947 3796 quingentos
982 3721 1200 3794 judices
1237 3724 1298 3777 in
1343 3724 1450 3777 illis
1488 3723 1930 3779 accusationibus
1959 3721 2160 3778 sedisse

612 3808 874 3878 tradidit,
900 3808 972 3863 ad
990 3827 1207 3864 morem
1231 3819 1456 3883 postea,
1476 3812 1664 3865 nescio
1689 3808 1950 3882 quaudo,
1973 3810 2157 3865 intro-

611 3896 845 3952 ductum
873 3896 1171 3971 respexisse
1195 3896 1480 3970 putandus
1506 3907 1603 3954 est.
1641 3922 1664 3948 n
1698 3896 1982 3953 Murrus.

1345 4060 1436 4097 11.

688 4179 882 4236 Lexic.
912 4179 1081 4233 Rhet.
1124 4195 1184 4251 p.
1211 4176 1354 4248 673,
1385 4176 1416 4233 3
1442 4196 1496 4237 v.
1530 4174 1650 4254 [Ἢ]
1677 4174 1761 4253 μὴ
1785 4168 1947 4235 οὖσα
1977 4176 2153 4249 δίκη·

610 4261 909 4342 Δημήτριος
943 4265 972 4320 ὁ
1010 4260 1292 4342 Φαληρεὺς
1328 4260 1488 4340 ἐνίους
1527 4261 1666 4341 λέγει
1703 4266 1805 4320 τῶν
1844 4261 2157 4342 κρινομένων

609 4355 937 4426 κακοτεχνεῖν
976 4356 1081 4415 τοῖς
1118 4347 1390 4407 διώκουσιν
1441 4346 1912 4428 ἅντιλαγχάνοντας
1950 4348 2045 4419 τὴν
2082 4351 2156 4425 μὴ

609 4426 796 4491 οὖσαν·
826 4435 902 4491 δεῖ
937 4432 1039 4514 γὰρ
1059 4433 1175 4500 τοὺς
1200 4436 1222 4513 [
1237 4432 1347 4512 μὴ]
1373 4432 1503 4513 ὑπὲρ
1531 4434 1654 4494 δέκα
1681 4435 1929 4514 δραχμῶν
1960 4438 2153 4514 ἀμφισ·

1805 478 2175 539 DEMETRU
2221 478 2604 540 PHALEREI

2262 610 2546 682 ὅητοῧντας
2595 612 2860 685 διαιτητὰς
2907 612 3035 671 δίκα
3080 613 3181 684 ἔτη
3231 613 3513 691 λαμὸάνειν
3530 638 3542 652 ·
3585 616 3650 676 διὸ
3682 620 3738 676 κεί

2257 699 2425 760 ἔκειτο
2454 699 2608 775 νόμος
2634 698 2710 775 μὴ
2735 698 3032 776 εἰσάγεσθαι
3060 701 3241 772 δίκην,
3266 704 3314 760 εἰ
3343 700 3417 777 μὴ
3437 703 3652 783 πρότερον
3673 705 3744 771 ἐξα·

2260 783 2472 857 τασθείη
2506 789 2634 863 παρ’
2673 786 2845 852 αὗτοῖς
2870 785 2932 845 τὸ
2957 794 3183 863 πρᾶγμα
3201 810 3217 824 ·
3249 788 3413 855 ἐνίους
3449 788 3502 846 δὲ
3525 790 3689 857 ἀσθενὲς
3706 791 3744 848 τὸ

2260 868 2457 929 δίκαιον
2487 869 2701 949 ἔχοντας
2725 870 2816 930 καὶ
2844 872 3136 940 δεδοικότας
3167 873 3268 944 τὴν
3297 875 3632 948 καταδίαιταν,
3659 878 3745 956 732¹-

2258 977 2373 1022 νους
2399 956 2677 1031 {pedum
2696 958 2786 1017 καὶ
2808 957 3024 1037 ωιήψεις
3040 1002 3056 1029 ,
3073 957 3191 1027 οἵας
3215 962 3386 1019 δοκεῖν
3402 953 3526 1019 εἶναι
3541 963 3743 1039 εὐλόγους·

2260 1040 2352 1099 καὶ
2380 1041 2439 1100 τὸ
2470 1043 2566 1120 μὲν
2595 1047 2802 1123 πρῶτον
2826 1043 3297 1126 παραγράφεσθαι,
3321 1046 3383 1106 τὸ
3409 1049 3432 1127 [
3454 1048 3506 1106 δὲ
3531 1049 3745 1129 δεύτερον]

2258 1127 2583 1204 ὕπόμνυσθαι
2610 1131 2758 1190 νόσον
2786 1129 2822 1202 ἢ
2859 1130 3186 1207 ἀποδημίαν,
3223 1131 3319 1192 καὶ
3351 1135 3661 1200 τελευτῶντας
3687 1137 3744 1192 ἐπὶ

2258 1212 2353 1284 τὴν
2376 1215 2558 1294 κυρίαν
2585 1218 2746 1289 αὐτῆς
2770 1217 2930 1295 [τῆς]
2958 1218 3162 1289 διαίτης
3191 1218 3399 1300 ἡμέραν
3421 1221 3509 1280 οὔκ
3537 1223 3743 1280 invni·-

2257 1322 2351 1366 τας
2365 1344 2383 1377 ,
2406 1303 2782 1380 [ἀπαντῶντας
2805 1303 2896 1381 δὲ]
2921 1303 3119 1382 ἡ[λίου]
3139 1303 3408 1379 δύνοντος,
3428 1308 3743 1386 instandum

2260 1385 2357 1458 τὴν
2387 1386 2462 1460 μὴ
2489 1379 2649 1446 οὖσαν
2689 1392 2764 1467 τῷ
2798 1390 2998 1468 ἑλόντι,
3028 1389 3167 1451 ὥστε
3199 1392 3257 1460 ἐξ
3295 1396 3531 1472 ὑπαρχῆς
3563 1393 3741 1473 ἀκέραιον

2258 1474 2431 1540 αὐτοῖς
2452 1473 2794 1534 καθίστασθαι
2816 1474 2902 1535 τὸν
2931 1478 3129 1555 ἀγῶνα.

2338 1574 2619 1628 Hactenus
2638 1575 2911 1630 Demetrii
2934 1578 3240 1635 sententia.
3275 1577 3631 1651 snbjiciuntur
3645 1598 3738 1635 vero

2256 1657 2373 1713 haec
2405 1676 2420 1711 ε
2461 1657 2594 1716 Κατ’
2626 1657 2786 1724 ἐνίους
2813 1657 2869 1716 δὲ
2904 1663 2939 1729 ἡ
2972 1659 3237 1730 ἀντίληξις
3283 1662 3521 1740 [οὐδεμία
3543 1655 3740 1742 ἦν],οὗὸ”

2262 1739 2435 1820 [dmm
2476 1744 2773 1821 ἀντιλαχεῖν
2817 1741 2956 1816 ἰξῆν,
2997 1744 3087 1803 καὶ
3131 1747 3474 1827 μετέγραψαν
3505 1747 3542 1818 ἢ
3571 1747 3673 1813 ὅλως
3698 1751 3737 1806 ἐκ

2255 1831 2357 1887 τῶν
2381 1830 2536 1888 δικῶν
2562 1828 2723 1901 αὐτὴν
2752 1832 2980 1890 ἀνεῖλον·
3006 1833 3193 1892 τούτου
3218 1833 3278 1894 δὲ
3317 1833 3476 1893 αἴτιον
3492 1840 3524 1906 ἡ
3547 1840 3622 1893 τοῦ
3641 1834 3738 1896 fluv<

2257 1912 2506 1994 ἔκλειψις·
2529 1913 2783 1995 ἀνῄρηται
2803 1915 2906 1996 γὰρ
2934 1917 3068 1993 μετὰ
3089 1921 3199 1976 τῶν
3234 1921 3446 1977 διαιτῦν
3469 1924 3502 1990 ἡ
3527 1918 3733 1988 ἁντίληξις.

2256 1999 2415 2072 Ἐξῆν
2439 2000 2492 2059 δὲ
2522 2002 2916 2081 ἀντιλαγχάνειν
2938 2003 3078 2071 ἐντὸς
3097 2007 3321 2084 ἡμερῶν
3345 2005 3481 2064 δέκα.

2337 2087 2848 2166 ἀντιλαγχάνοντας]
2875 2090 3327 2169 ἀντιλαγχάνουσι
3365 2094 3517 2168 cod.;
3547 2113 3736 2168 ωοτχ·

2256 2178 2483 2241 νοῧντας.
2508 2218 2544 2238 ..
2557 2175 2954 2254 ἀντιλαγχάνειν
2970 2179 3130 2235 dedit
3150 2182 3382 2252 Meier.,·
3401 2181 3537 2237 ider·
3553 2199 3658 2236 mox
3665 2180 3734 2234 ad·

2255 2263 2401 2321 didit
2423 2262 2519 2339 μὴ
2536 2297 2615 2308 -
2634 2261 2899 2333 διαιτητὰς
2915 2270 2935 2334 ]
2951 2267 3174 2340 Meier„
3194 2264 3732 2336 &amnemamne-

2255 2359 2438 2406 terum
2451 2353 2716 2410 Meierus:
2751 2376 2775 2401 α
2799 2347 3006 2408 Ῑιιδέκα
3038 2348 3129 2420 ἔτη
3160 2352 3314 2426 quid
3343 2355 3514 2424 lateat,
3543 2351 3730 2409 nondum

2252 2439 2541 2511 perspexi3
2577 2455 2706 2493 nam
2733 2437 2891 2510 quod
2913 2437 2972 2495 C.
2996 2439 3063 2497 F.
3088 2441 3449 2495 Her-mannus
3470 2442 3528 2494 in
3546 2441 3726 2494 Prooem.

2252 2523 2375 2578 ind.
2416 2523 2596 2580 schol.
2637 2525 2926 2600 Mal-burg.
2957 2542 3028 2580 an
3058 2524 3373 2594 1833-34
3402 2526 3614 2598 conjecit
3633 2523 3729 2579 διαι-

2252 2607 2347 2673 τὰς
2390 2608 2437 2666 δ’
2480 2613 2594 2667 sive
2642 2608 2901 2687 τέσσαρας
2947 2609 3331 2686 ἱπιλαμὸάνειν
3347 2657 3365 2688 ,
3399 2612 3456 2668 id
3501 2628 3610 2666 saue
3647 2626 3730 2662 nou

2251 2698 2492 2755 multum
2533 2698 2748 2754 recedit
2777 2699 2848 2755 ab
2886 2699 3178 2755 literarum
3215 2701 3481 2776 vestigiis,
3523 2703 3728 2770 repugml

2252 2795 2473 2854 autem,
2504 2785 2566 2840 ni
2593 2785 2782 2856 fallor,
2813 2795 2937 2841 tum
2973 2788 3095 2842 usui
3126 2789 3406 2846 sermonis
3439 2786 3598 2860 (certe
3621 2799 3725 2835 nun·
3797 2781 3798 2818 ³

2254 2889 2452 2944 quam,
2475 2871 2633 2945 quod
2649 2873 2837 2942 sciam,
2864 2869 3245 2948 ἐπιλαμὸάνεεν
3257 2869 3515 2943 διαιτητὴν
3531 2867 3725 2938 dicitur),

2254 2967 2374 3014 tum
2416 2961 2585 3015 etiam
2622 2961 2797 3034 magis
2844 2961 3191 3035 antiquitatis
3243 2960 3406 3032 fidei;
3450 2976 3563 3015 nam
3596 2971 3722 3009 unum

2253 3049 2569 3123 exemplum
2613 3064 2791 3103 causae
2834 3048 2907 3104 ab
2960 3060 3238 3122 quattuor
3285 3049 3497 3107 arbitris
3527 3043 3723 3116 judioet!

2252 3153 2323 3191 eo
2353 3138 2536 3192 minus
2565 3137 2775 3210 probat
2797 3137 3049 3193 debuisse
3081 3156 3279 3194 coram
3332 3133 3589 3213 quaternis
3611 3129 3722 3185 arbi‘

2252 3224 2353 3278 tris
2375 3241 2563 3280 causas
2586 3223 2905 3297 disceptari,
2924 3242 3041 3297 quo
3079 3227 3253 3299 plura
3276 3225 3522 3282 novimus
3531 3215 3720 3288 exempla

2250 3309 2432 3366 litium
2451 3310 2524 3366 ab
2539 3311 2769 3386 singulis
2792 3311 3017 3367 arbitris
3022 3310 3421 3383 judicatarum.
3445 3334 3468 3357 ν
3493 3302 3718 3385 [Equidem

2249 3413 2358 3469 pro
2383 3396 2662 3467 διαιτητεῖς
2695 3394 2824 3454 δέκα
2850 3394 2942 3467 ἔτη
2965 3396 3016 3455 λ.
3050 3400 3486 3473 proposuerim:
3522 3385 3718 3456 διιιῦὶτῦ(

2251 3483 2323 3547 εἷς
2344 3480 2492 3553 δίκην
2511 3482 2738 3551 ίκάστην
2749 3481 3062 3560 λαμὸάνειν,
3073 3486 3165 3540 vel
3180 3481 3519 3554 διαιτητᾶςῶς
3537 3469 3718 3534 δαῑπὲ(

2250 3565 2563 3644 λαμὸάνειν,
2608 3570 2766 3643 quod
2804 3588 2923 3626 non
2961 3572 3039 3628 ita
3082 3572 3258 3649 longe
3306 3572 3457 3629 abest
3501 3566 3563 3622 ab
3594 3560 3715 3618 lites*

2251 3674 2389 3733 quas
2419 3656 2647 3715 traditas
2678 3658 3019 3733 accepimus.
3051 3656 3162 3737 —]
3191 3684 3217 3711 ι
3253 3663 3456 3719 Verum
3489 3649 3604 3710 illud
3628 3654 3716 3701 utut

2250 3757 2360 3815 est,
2388 3746 2434 3800 si
2459 3745 2637 3801 modo
2670 3747 2866 3819 priora
2893 3747 3066 3803 verba
3094 3758 3249 3805 recte
3287 3741 3579 3809 emendavi,
3605 3737 3711 3795 Ῑῑῑόν

2250 3849 2374 3903 quae
2396 3841 2573 3886 essent
2598 3831 2745 3887 infra
2766 3831 2962 3887 decem
2990 3832 3314 3904 drachmas,
3337 3822 3584 3888 debebant
3601 3829 3712 3877 πω

2249 3916 2403 3990 apud
2429 3916 2672 3973 arbitros
2694 3916 3020 3991 disceptari,
3045 3936 3215 3992 quam
3237 3921 3302 3975 in
3316 3916 3565 3991 judicium
3579 3903 3710 3999 defef‘

2247 4014 2444 4059 rentur
2470 4004 2848 4073 heliasticum3
2889 4022 3017 4078 quae
3059 4006 3232 4080 igitur
3279 4006 3465 4062 decem
3500 3994 3709 4056 drachfflss

2249 4087 2488 4159 majores
2558 4099 2738 4147 essent
2777 4091 3010 4164 privatae
3056 4092 3474 4157 controversiae,
3515 4082 3708 4158 1²0oeram

2247 4177 2357 4232 illae
2381 4177 2613 4250 quidem
2630 4217 2646 4246 ,
2679 4178 2779 4233 sed
2800 4196 2919 4234 non
2953 4178 3236 4235 debebant
3267 4177 3482 4235 arbitris
3509 4180 3636 4226 anta
3659 4156 3708 4215 td

2248 4263 2668 4338 disceptandum
2705 4265 2856 4323 dari.
2893 4265 2964 4321 Id
3000 4284 3140 4323 vero
3181 4277 3305 4321 tum
3345 4274 3536 4320 natum
3569 4261 3705 4309 rerum

2247 4352 2669 4407 convenientius
2685 4362 2767 4407 est
2781 4392 2797 4420 ,
2822 4370 2992 4425 quam
3019 4371 3144 4426 quae
3161 4363 3242 4408 est
3256 4352 3480 4426 vulgatae
3493 4343 3704 4413 smpffi

2248 4437 2516 4493 sententia
2532 4477 2549 4505 ,
2583 4448 2650 4492 ut
2670 4436 2867 4494 decem
2898 4438 3178 4495 drachmis
3196 4438 3432 4511 majores
3448 4429 3701 4489 dehumi-

623 4525 3698 4567 W..

608 4599 767 4658 mille,
800 4600 1064 4652 mundum
1099 4601 1397 4652 nemeti-ium
1423 4602 1706 4654 phalereum
1746 4602 1875 4653 mille
1907 4601 2155 4667 quingenti

607 4676 853 4727 sedebant.
1500 4730 1507 4738 ,

666 4839 935 4889 Demetrius
958 4838 1213 4890 Phalereus
1236 4838 1353 4889 dicit
1374 4840 1632 4890 nonnullos
1666 4852 1771 4891 reos
1800 4841 1939 4891 malis
1973 4833 2156 4891 artibus

604 4917 654 4967 in
673 4920 974 4968 accusatores
991 4918 1062 4968 uti
1079 4931 1137 4968 eo
1148 4954 1164 4981 ,
1184 4917 1318 4981 quod
1334 4919 1683 4969 restitutionem
1701 4919 1799 4969 litis
1815 4922 2044 4982 peterent.
2065 4925 2156 4971 De·

605 4994 722 5044 bent
738 4994 864 5044 enim
888 4994 949 5056 ii,
969 5008 1175 5057 quorum
1204 4995 1262 5045 lis
1280 4997 1353 5045 est
1372 4995 1497 5044 infra
1517 4995 1683 5045 decem
1700 4994 2038 5046 drachmarum
2054 5010 2155 5059 pre·

608 5073 756 5133 tium,
781 5073 840 5121 ad
862 5072 1068 5122 arbitros
1093 5087 1200 5123 eam
1220 5073 1418 5124 deferre.
1443 5076 1597 5136 Atque
1619 5075 1691 5124 lex
1722 5075 1826 5124 erat
1845 5087 1905 5125 ne
1925 5074 2155 5136 ejusmodi

606 5164 749 5199 rausa
769 5150 818 5199 in
831 5150 1069 5211 judicium
1084 5151 1329 5213 publicum
1349 5152 1732 5203 introduceretur
1745 5155 2006 5215 antequam
2027 5154 2156 5215 apud

604 5226 810 5275 arbitms
840 5231 963 5278 esset
992 5228 1241 5278 instructa.
1281 5231 1391 5279 Jam
1420 5243 1534 5279 vero
1556 5229 1801 5292 nonnulli,
1838 5231 1920 5293 qui
1957 5231 2153 5292 Jusmioe

2241 4611 2402 4650 causae
2425 4613 2525 4650 suae
2558 4613 2729 4663 parum
2761 4601 2989 4664 fiderent,
3018 4604 3464 4665 vuereuturquene
3491 4593 3543 4643 ab
3569 4582 3701 4636 ὥ

2241 4676 2691 4737 condemnarentur,
2707 4690 2868 4728 moras
2882 4680 3141 4729 nectet-eae
3157 4660 3699 4744 pretextmeteffl
3785 4693 3786 4726 γ

2242 4753 2478 4815 speciosas
2496 4753 2669 4803 afferre
2688 4753 2971 4816 studebant3
2996 4767 3055 4804 ac
3075 4755 3286 4817 primum
3303 4751 3479 4818 quidem
3492 4739 3697 4800 oxoev¹¹⁰⁸²
3785 4735 3786 4824 1

2242 4829 2442 4879 actionis
2458 4842 2556 4879 non
2580 4833 2712 4898 recte
2730 4831 2961 4882 instituto
2991 4832 3089 4894 uti,
3113 4832 3286 4882 deinde
3313 4843 3422 4880 vero
3446 4820 3626 4874 morbum
3642 4807 3697 4856 ’ω

2243 4905 2666 4968 peregrinationem
2676 4907 2766 4956 sub
2776 4907 3083 4970 jurisjurandi
3094 4908 3189 4959 tide
3196 4894 3692 4974 praesentesw
3783 4955 3784 4962 ,

2243 4988 2427 5046 petere,
2442 4984 2788 5048 deniquedicta
2805 4986 2883 5036 die
2898 4988 2985 5036 aut
2997 4988 3193 5037 omnino
3209 4972 3692 5058 nomsutoeddeqssl‘·

2243 5061 2342 5110 sole
2354 5075 2406 5110 se
2417 5061 2635 5111 sistentes
2650 5061 2995 5112 restitutionem
3014 5063 3111 5113 litis
3128 5067 3290 5126 petere
3300 5099 3315 5125 ,
3329 5061 3438 5112 adeo
3454 5056 3499 5105 ut
3510 5045 3691 5100 den-W

2245 5153 2437 5202 prorsus
2464 5153 2607 5190 causa
2630 5140 2788 5190 denuo
2810 5141 3101 5192 instituenda
3127 5145 3270 5192 esset.
