<?xml version="1.0" encoding="UTF-8"?>
<!DOCTYPE html PUBLIC "-//W3C//DTD XHTML 1.0 Transitional//EN"
    "http://www.w3.org/TR/xhtml1/DTD/xhtml1-transitional.dtd">
<html xmlns="http://www.w3.org/1999/xhtml" xml:lang="en" lang="en">
 <head>
  <title>
</title>
<meta http-equiv="Content-Type" content="text/html;charset=utf-8" />
  <meta name='ocr-system' content='tesseract 3.04.00' />
  <meta name='ocr-capabilities' content='ocr_page ocr_carea ocr_par ocr_line ocrx_word'/>
</head>
<body>
  <div class='ocr_page' id='page_1' title='image "./fragmentahistor03unkngoog_0035.png"; bbox 0 0 3900 6042; ppageno 0'>
   <div class='ocr_carea' id='block_1_1' title="bbox 538 453 672 493">
    <p class='ocr_par' dir='ltr' id='par_1_1' title="bbox 538 453 672 493">
     <span class='ocr_line' id='line_1_1' title="bbox 538 453 672 493; baseline -0.007 0"><span class='ocrx_word' id='word_1_1' title='bbox 538 453 672 493; x_wconf 66' lang='grc' dir='ltr'>ΣΧΠ</span> 
     </span>
    </p>
   </div>
   <div class='ocr_carea' id='block_1_2' title="bbox 520 556 2104 3683">
    <p class='ocr_par' dir='ltr' id='par_1_2' title="bbox 520 556 2092 1078">
     <span class='ocr_line' id='line_1_2' title="bbox 612 556 2081 641; baseline -0.001 -17"><span class='ocrx_word' id='word_1_2' title='bbox 612 566 878 624; x_wconf 74' lang='lat' dir='ltr'><strong>XXVIH.</strong></span> <span class='ocrx_word' id='word_1_3' title='bbox 901 562 1030 623; x_wconf 70' lang='lat' dir='ltr'><strong>“Ort</strong></span> <span class='ocrx_word' id='word_1_4' title='bbox 1049 556 1174 634; x_wconf 70' lang='grc' dir='ltr'>ἧκεν</span> <span class='ocrx_word' id='word_1_5' title='bbox 1200 567 1269 630; x_wconf 83' lang='grc' dir='ltr'>εἷς</span> <span class='ocrx_word' id='word_1_6' title='bbox 1284 564 1378 634; x_wconf 76' lang='grc' dir='ltr'>τὴν</span> <span class='ocrx_word' id='word_1_7' title='bbox 1400 565 1617 639; x_wconf 80' lang='grc' dir='ltr'>Ῥώμην</span> <span class='ocrx_word' id='word_1_8' title='bbox 1645 565 1857 622; x_wconf 75' lang='grc' dir='ltr'>ἀπὸτοῦ</span> <span class='ocrx_word' id='word_1_9' title='bbox 1886 568 2081 641; x_wconf 81' lang='grc' dir='ltr'>βασιλι·</span> 
     </span>
     <span class='ocr_line' id='line_1_3' title="bbox 539 650 2091 730; baseline 0.001 -21"><span class='ocrx_word' id='word_1_10' title='bbox 539 656 630 710; x_wconf 73' lang='grc' dir='ltr'>κοῦ</span> <span class='ocrx_word' id='word_1_11' title='bbox 659 652 832 727; x_wconf 77' lang='grc' dir='ltr'>γένους</span> <span class='ocrx_word' id='word_1_12' title='bbox 860 650 1110 729; x_wconf 77' lang='grc' dir='ltr'>ὑπάρχων</span> <span class='ocrx_word' id='word_1_13' title='bbox 1138 652 1400 730; x_wconf 84' lang='grc' dir='ltr'>Ἰογόρθας</span> <span class='ocrx_word' id='word_1_14' title='bbox 1442 652 1639 729; x_wconf 81' lang='grc' dir='ltr'>ἕτερος,</span> <span class='ocrx_word' id='word_1_15' title='bbox 1674 654 2091 726; x_wconf 76' lang='grc' dir='ltr'>ἀντιποιούμενος</span> 
     </span>
     <span class='ocr_line' id='line_1_4' title="bbox 535 739 2088 817; baseline 0.001 -21"><span class='ocrx_word' id='word_1_16' title='bbox 535 744 628 809; x_wconf 71' lang='grc' dir='ltr'>τῆς</span> <span class='ocrx_word' id='word_1_17' title='bbox 651 740 954 815; x_wconf 75' lang='grc' dir='ltr'>Νομαδικῆς</span> <span class='ocrx_word' id='word_1_18' title='bbox 976 739 1265 817; x_wconf 79' lang='grc' dir='ltr'>βασιλείας.</span> <span class='ocrx_word' id='word_1_19' title='bbox 1294 741 1702 814; x_wconf 79' lang='grc' dir='ltr'>Εὖδοκιμοῦντος</span> <span class='ocrx_word' id='word_1_20' title='bbox 1723 739 1775 797; x_wconf 83' lang='grc' dir='ltr'>δὲ</span> <span class='ocrx_word' id='word_1_21' title='bbox 1797 742 1956 799; x_wconf 77' lang='grc' dir='ltr'>αὐτοῦ</span> <span class='ocrx_word' id='word_1_22' title='bbox 1973 746 2088 798; x_wconf 86' lang='grc' dir='ltr'>καθ’</span> 
     </span>
     <span class='ocr_line' id='line_1_5' title="bbox 520 825 2092 907; baseline 0.001 -24"><span class='ocrx_word' id='word_1_23' title='bbox 520 825 848 905; x_wconf 56' lang='lat' dir='ltr'><strong>&#39;saepem-hv,</strong></span> <span class='ocrx_word' id='word_1_24' title='bbox 887 831 914 883; x_wconf 81' lang='grc' dir='ltr'><strong>ὁ</strong></span> <span class='ocrx_word' id='word_1_25' title='bbox 956 827 1216 905; x_wconf 86' lang='grc' dir='ltr'>Ἰογόρθας</span> <span class='ocrx_word' id='word_1_26' title='bbox 1260 826 1651 903; x_wconf 85' lang='grc' dir='ltr'>μισθωσάμενός</span> <span class='ocrx_word' id='word_1_27' title='bbox 1690 850 1831 893; x_wconf 87' lang='grc' dir='ltr'>τινας</span> <span class='ocrx_word' id='word_1_28' title='bbox 1879 836 2092 907; x_wconf 70' lang='grc' dir='ltr'>σφαγεῖς</span> 
     </span>
     <span class='ocr_line' id='line_1_6' title="bbox 535 911 2092 993; baseline 0.001 -23"><span class='ocrx_word' id='word_1_29' title='bbox 535 918 715 971; x_wconf 73' lang='grc' dir='ltr'>’τοῦτον</span> <span class='ocrx_word' id='word_1_30' title='bbox 743 912 837 989; x_wconf 84' lang='grc' dir='ltr'>μὲν</span> <span class='ocrx_word' id='word_1_31' title='bbox 866 911 1255 993; x_wconf 75' lang='grc' dir='ltr'>ἐδολοφόνησεν,</span> <span class='ocrx_word' id='word_1_32' title='bbox 1287 913 1439 978; x_wconf 77' lang='grc' dir='ltr'>αὐτὸς</span> <span class='ocrx_word' id='word_1_33' title='bbox 1473 913 1527 969; x_wconf 87' lang='grc' dir='ltr'>δὲ</span> <span class='ocrx_word' id='word_1_34' title='bbox 1574 915 1775 978; x_wconf 76' lang='grc' dir='ltr'>οὐδενὸς</span> <span class='ocrx_word' id='word_1_35' title='bbox 1809 913 2092 979; x_wconf 84' lang='grc' dir='ltr'>κωλύοντος</span> 
     </span>
     <span class='ocr_line' id='line_1_7' title="bbox 539 999 1351 1078; baseline -0.001 -20"><span class='ocrx_word' id='word_1_36' title='bbox 539 1002 822 1070; x_wconf 73' lang='grc' dir='ltr'>ἐπανῆλθεν</span> <span class='ocrx_word' id='word_1_37' title='bbox 854 1002 923 1064; x_wconf 82' lang='grc' dir='ltr'>εἰς</span> <span class='ocrx_word' id='word_1_38' title='bbox 996 1024 1036 1069; x_wconf 77' lang='grc' dir='ltr'>,ν</span> <span class='ocrx_word' id='word_1_39' title='bbox 1064 999 1351 1078; x_wconf 86' lang='grc' dir='ltr'>βασιλείαν.</span> 
     </span>
    </p>

    <p class='ocr_par' dir='ltr' id='par_1_3' title="bbox 539 1083 2095 1491">
     <span class='ocr_line' id='line_1_8' title="bbox 616 1083 2090 1167; baseline -0.002 -20"><span class='ocrx_word' id='word_1_40' title='bbox 616 1089 826 1147; x_wconf 81' lang='lat' dir='ltr'><strong>XXIX.</strong></span> <span class='ocrx_word' id='word_1_41' title='bbox 854 1083 983 1146; x_wconf 72' lang='lat' dir='ltr'><strong>“Ort</strong></span> <span class='ocrx_word' id='word_1_42' title='bbox 1010 1092 1038 1146; x_wconf 86' lang='grc' dir='ltr'><strong><em>ὃ</em></strong></span> <span class='ocrx_word' id='word_1_43' title='bbox 1077 1086 1783 1167; x_wconf 75' lang='grc' dir='ltr'>πρεσὸύτερος·Πτολεμα”ιος</span> <span class='ocrx_word' id='word_1_44' title='bbox 1811 1091 1861 1145; x_wconf 84' lang='grc' dir='ltr'>ἐν</span> <span class='ocrx_word' id='word_1_45' title='bbox 1895 1090 2058 1146; x_wconf 82' lang='grc' dir='ltr'>Σελευ</span> <span class='ocrx_word' id='word_1_46' title='bbox 2079 1125 2090 1132; x_wconf 94' lang='grc'><strong>-</strong></span> 
     </span>
     <span class='ocr_line' id='line_1_9' title="bbox 539 1171 2092 1254; baseline -0.002 -23"><span class='ocrx_word' id='word_1_47' title='bbox 539 1173 653 1251; x_wconf 75' lang='grc' dir='ltr'>κείᾳ</span> <span class='ocrx_word' id='word_1_48' title='bbox 681 1177 748 1251; x_wconf 78' lang='grc' dir='ltr'>τῇ</span> <span class='ocrx_word' id='word_1_49' title='bbox 764 1174 912 1231; x_wconf 82' lang='grc' dir='ltr'>πόλει</span> <span class='ocrx_word' id='word_1_50' title='bbox 933 1171 1003 1230; x_wconf 78' lang='grc' dir='ltr'>ὢν</span> <span class='ocrx_word' id='word_1_51' title='bbox 1028 1174 1484 1250; x_wconf 84' lang='grc' dir='ltr'>συγκεκλεισμένος</span> <span class='ocrx_word' id='word_1_52' title='bbox 1499 1217 1513 1243; x_wconf 89' lang='grc'>,</span> <span class='ocrx_word' id='word_1_53' title='bbox 1537 1174 1636 1231; x_wconf 74' lang='grc' dir='ltr'>ὑπό</span> <span class='ocrx_word' id='word_1_54' title='bbox 1659 1197 1790 1239; x_wconf 79' lang='grc' dir='ltr'>τινος</span> <span class='ocrx_word' id='word_1_55' title='bbox 1808 1177 1908 1231; x_wconf 81' lang='grc' dir='ltr'>τῶν</span> <span class='ocrx_word' id='word_1_56' title='bbox 1930 1175 2092 1254; x_wconf 59' lang='grc' dir='ltr'>φίλων</span> 
     </span>
     <span class='ocr_line' id='line_1_10' title="bbox 540 1258 2088 1336; baseline -0.001 -19"><span class='ocrx_word' id='word_1_57' title='bbox 540 1258 916 1324; x_wconf 70' lang='grc' dir='ltr'>ἐπιόουλευθεὶς</span> <span class='ocrx_word' id='word_1_58' title='bbox 936 1305 952 1335; x_wconf 90' lang='grc'>,</span> <span class='ocrx_word' id='word_1_59' title='bbox 975 1260 1061 1316; x_wconf 80' lang='grc' dir='ltr'>τὸν</span> <span class='ocrx_word' id='word_1_60' title='bbox 1088 1259 1181 1336; x_wconf 82' lang='grc' dir='ltr'>μὲν</span> <span class='ocrx_word' id='word_1_61' title='bbox 1212 1258 1653 1317; x_wconf 76' lang='grc' dir='ltr'>ἐπιὸουλεύσαντα</span> <span class='ocrx_word' id='word_1_62' title='bbox 1683 1259 1963 1317; x_wconf 76' lang='grc' dir='ltr'>συλλαὸὼν</span> <span class='ocrx_word' id='word_1_63' title='bbox 1989 1263 2088 1317; x_wconf 85' lang='grc' dir='ltr'>ἐτι·</span> 
     </span>
     <span class='ocr_line' id='line_1_11' title="bbox 541 1344 2095 1425; baseline -0.001 -23"><span class='ocrx_word' id='word_1_64' title='bbox 541 1344 850 1425; x_wconf 80' lang='grc' dir='ltr'>μωρήσατο,</span> <span class='ocrx_word' id='word_1_65' title='bbox 900 1348 971 1412; x_wconf 86' lang='grc' dir='ltr'>εἷς</span> <span class='ocrx_word' id='word_1_66' title='bbox 1018 1346 1070 1403; x_wconf 86' lang='grc' dir='ltr'>δὲ</span> <span class='ocrx_word' id='word_1_67' title='bbox 1111 1349 1170 1404; x_wconf 87' lang='grc' dir='ltr'>τὸ</span> <span class='ocrx_word' id='word_1_68' title='bbox 1207 1346 1386 1403; x_wconf 82' lang='grc' dir='ltr'>λοιπὸν</span> <span class='ocrx_word' id='word_1_69' title='bbox 1424 1347 1481 1403; x_wconf 80' lang='grc' dir='ltr'>οὗ</span> <span class='ocrx_word' id='word_1_70' title='bbox 1531 1353 1637 1411; x_wconf 83' lang='grc' dir='ltr'>τοῖς</span> <span class='ocrx_word' id='word_1_71' title='bbox 1677 1353 1891 1423; x_wconf 78' lang='grc' dir='ltr'>τυχοῦσι</span> <span class='ocrx_word' id='word_1_72' title='bbox 1932 1346 2095 1424; x_wconf 84' lang='grc' dir='ltr'>φίλοις</span> 
     </span>
     <span class='ocr_line' id='line_1_12' title="bbox 541 1432 1037 1491; baseline 0.002 -1"><span class='ocrx_word' id='word_1_73' title='bbox 541 1432 721 1490; x_wconf 80' lang='grc' dir='ltr'>ἑαυτὸν</span> <span class='ocrx_word' id='word_1_74' title='bbox 751 1432 1037 1491; x_wconf 84' lang='grc' dir='ltr'>ἐπίστευεν.</span> 
     </span>
    </p>

    <p class='ocr_par' dir='ltr' id='par_1_4' title="bbox 539 1516 2104 3683">
     <span class='ocr_line' id='line_1_13' title="bbox 618 1516 2095 1598; baseline -0.003 -19"><span class='ocrx_word' id='word_1_75' title='bbox 618 1522 802 1580; x_wconf 82' lang='lat' dir='ltr'><strong>XXX.</strong></span> <span class='ocrx_word' id='word_1_76' title='bbox 831 1516 958 1579; x_wconf 70' lang='grc' dir='ltr'>ιὈτι</span> <span class='ocrx_word' id='word_1_77' title='bbox 983 1519 1177 1577; x_wconf 72' lang='grc' dir='ltr'>πολλαὶ</span> <span class='ocrx_word' id='word_1_78' title='bbox 1208 1519 1270 1598; x_wconf 85' lang='grc' dir='ltr'>(ι)</span> <span class='ocrx_word' id='word_1_79' title='bbox 1303 1519 1681 1585; x_wconf 77' lang='grc' dir='ltr'>ἐπαναστάσεις</span> <span class='ocrx_word' id='word_1_80' title='bbox 1710 1518 1943 1594; x_wconf 83' lang='grc' dir='ltr'>ἐγένοντο</span> <span class='ocrx_word' id='word_1_81' title='bbox 1966 1522 2095 1577; x_wconf 75' lang='grc' dir='ltr'>οἶκε·</span> 
     </span>
     <span class='ocr_line' id='line_1_14' title="bbox 540 1605 2095 1686; baseline -0.002 -22"><span class='ocrx_word' id='word_1_82' title='bbox 540 1612 658 1666; x_wconf 84' lang='grc' dir='ltr'>τῶν.</span> <span class='ocrx_word' id='word_1_83' title='bbox 693 1607 889 1686; x_wconf 78' lang='grc' dir='ltr'>Πρώτη</span> <span class='ocrx_word' id='word_1_84' title='bbox 924 1605 1019 1683; x_wconf 80' lang='grc' dir='ltr'>μὲν</span> <span class='ocrx_word' id='word_1_85' title='bbox 1047 1611 1080 1676; x_wconf 85' lang='grc' dir='ltr'>ἡ</span> <span class='ocrx_word' id='word_1_86' title='bbox 1104 1606 1223 1685; x_wconf 73' lang='grc' dir='ltr'>περὶ</span> <span class='ocrx_word' id='word_1_87' title='bbox 1246 1605 1340 1676; x_wconf 81' lang='grc' dir='ltr'>τὴν</span> <span class='ocrx_word' id='word_1_88' title='bbox 1373 1607 1437 1681; x_wconf 74' lang='lat'>(2)</span> <span class='ocrx_word' id='word_1_89' title='bbox 1473 1605 2095 1684; x_wconf 79' lang='grc' dir='ltr'>Νουκερίαν·”τριάκοντα</span> 
     </span>
     <span class='ocr_line' id='line_1_15' title="bbox 540 1691 2094 1771; baseline -0.003 -19"><span class='ocrx_word' id='word_1_90' title='bbox 540 1697 751 1752; x_wconf 82' lang='grc' dir='ltr'>οἰκετῶν</span> <span class='ocrx_word' id='word_1_91' title='bbox 780 1692 1497 1768; x_wconf 80' lang='grc' dir='ltr'>συνωμοσίανποιησαμένων</span> <span class='ocrx_word' id='word_1_92' title='bbox 1527 1692 1622 1750; x_wconf 78' lang='grc' dir='ltr'>καὶ</span> <span class='ocrx_word' id='word_1_93' title='bbox 1653 1691 1787 1771; x_wconf 72' lang='grc' dir='ltr'>ταχὺ</span> <span class='ocrx_word' id='word_1_94' title='bbox 1813 1692 2094 1751; x_wconf 83' lang='grc' dir='ltr'>κολασθέν-</span> 
     </span>
     <span class='ocr_line' id='line_1_16' title="bbox 540 1780 2099 1862; baseline -0.001 -23"><span class='ocrx_word' id='word_1_95' title='bbox 540 1806 641 1840; x_wconf 82' lang='grc' dir='ltr'>των</span> <span class='ocrx_word' id='word_1_96' title='bbox 659 1807 671 1818; x_wconf 93' lang='grc'><em>·</em></span> <span class='ocrx_word' id='word_1_97' title='bbox 693 1780 902 1862; x_wconf 87' lang='grc' dir='ltr'>δευτέρα</span> <span class='ocrx_word' id='word_1_98' title='bbox 930 1781 982 1839; x_wconf 83' lang='grc' dir='ltr'>δὲ</span> <span class='ocrx_word' id='word_1_99' title='bbox 1007 1782 1073 1860; x_wconf 83' lang='grc'>(3)</span> <span class='ocrx_word' id='word_1_100' title='bbox 1095 1788 1127 1851; x_wconf 80' lang='grc' dir='ltr'>ἡ</span> <span class='ocrx_word' id='word_1_101' title='bbox 1147 1782 1267 1862; x_wconf 77' lang='grc' dir='ltr'>περὶ</span> <span class='ocrx_word' id='word_1_102' title='bbox 1288 1781 1382 1851; x_wconf 79' lang='grc' dir='ltr'>τὴν</span> <span class='ocrx_word' id='word_1_103' title='bbox 1402 1781 1644 1851; x_wconf 80' lang='grc' dir='ltr'>Καπύην,</span> <span class='ocrx_word' id='word_1_104' title='bbox 1669 1780 1943 1838; x_wconf 76' lang='grc' dir='ltr'>διακοσίων</span> <span class='ocrx_word' id='word_1_105' title='bbox 1971 1782 2099 1838; x_wconf 79' lang='grc' dir='ltr'>οἶκε-</span> 
     </span>
     <span class='ocr_line' id='line_1_17' title="bbox 539 1865 2097 1947; baseline 0.001 -23"><span class='ocrx_word' id='word_1_106' title='bbox 539 1872 641 1925; x_wconf 83' lang='grc' dir='ltr'>τῶν</span> <span class='ocrx_word' id='word_1_107' title='bbox 668 1867 1068 1926; x_wconf 81' lang='grc' dir='ltr'>ἐπαναστάντων</span> <span class='ocrx_word' id='word_1_108' title='bbox 1097 1869 1185 1926; x_wconf 76' lang='grc' dir='ltr'>καὶ</span> <span class='ocrx_word' id='word_1_109' title='bbox 1215 1865 1352 1947; x_wconf 72' lang='grc' dir='ltr'>τριχὺ</span> <span class='ocrx_word' id='word_1_110' title='bbox 1381 1867 1733 1925; x_wconf 80' lang='grc' dir='ltr'>κολασθέντων</span> <span class='ocrx_word' id='word_1_111' title='bbox 1760 1869 1821 1943; x_wconf 75' lang='lat'>(⁴)</span> <span class='ocrx_word' id='word_1_112' title='bbox 1838 1890 1851 1902; x_wconf 91' lang='lat'><strong>·</strong></span> <span class='ocrx_word' id='word_1_113' title='bbox 1870 1867 2019 1947; x_wconf 87' lang='grc' dir='ltr'>τρίτη</span> <span class='ocrx_word' id='word_1_114' title='bbox 2043 1868 2097 1925; x_wconf 78' lang='grc' dir='ltr'>δὲ</span> 
     </span>
     <span class='ocr_line' id='line_1_18' title="bbox 544 1952 2093 2065; baseline 0 -53"><span class='ocrx_word' id='word_1_115' title='bbox 544 1955 828 2021; x_wconf 80' lang='grc' dir='ltr'>ἀπόστασις</span> <span class='ocrx_word' id='word_1_116' title='bbox 869 1954 1072 2031; x_wconf 83' lang='grc' dir='ltr'>ἐγένετο</span> <span class='ocrx_word' id='word_1_117' title='bbox 1107 1954 1394 2065; x_wconf 44' lang='grc' dir='ltr'>παρτάδοξος</span> <span class='ocrx_word' id='word_1_118' title='bbox 1442 1954 1532 2012; x_wconf 70' lang='grc' dir='ltr'>καὶ</span> <span class='ocrx_word' id='word_1_119' title='bbox 1574 1952 1707 2012; x_wconf 77' lang='grc' dir='ltr'>πολὺ</span> <span class='ocrx_word' id='word_1_120' title='bbox 1736 1952 1827 2021; x_wconf 80' lang='grc' dir='ltr'>τὰς</span> <span class='ocrx_word' id='word_1_121' title='bbox 1866 1955 2093 2031; x_wconf 80' lang='grc' dir='ltr'>εἰθισμέ-</span> 
     </span>
     <span class='ocr_line' id='line_1_19' title="bbox 542 2041 2100 2120; baseline 0.003 -24"><span class='ocrx_word' id='word_1_122' title='bbox 542 2067 631 2107; x_wconf 85' lang='grc' dir='ltr'>νας</span> <span class='ocrx_word' id='word_1_123' title='bbox 656 2041 1031 2100; x_wconf 84' lang='grc' dir='ltr'>διαλλάττουσα</span> <span class='ocrx_word' id='word_1_124' title='bbox 1081 2044 1167 2119; x_wconf 76' lang='grc' dir='ltr'>(ο).</span> <span class='ocrx_word' id='word_1_125' title='bbox 1230 2045 1303 2101; x_wconf 84' lang='grc' dir='ltr'>Ην</span> <span class='ocrx_word' id='word_1_126' title='bbox 1328 2041 1430 2120; x_wconf 88' lang='grc' dir='ltr'>γάρ</span> <span class='ocrx_word' id='word_1_127' title='bbox 1456 2065 1533 2107; x_wconf 89' lang='grc' dir='ltr'>τις</span> <span class='ocrx_word' id='word_1_128' title='bbox 1561 2041 1716 2107; x_wconf 89' lang='grc' dir='ltr'>Τίτος</span> <span class='ocrx_word' id='word_1_129' title='bbox 1736 2041 1829 2117; x_wconf 75' lang='grc' dir='ltr'>μὲν</span> <span class='ocrx_word' id='word_1_130' title='bbox 1855 2041 2100 2108; x_wconf 74' lang='grc' dir='ltr'>Οὐέττιος</span> 
     </span>
     <span class='ocr_line' id='line_1_20' title="bbox 544 2127 2096 2208; baseline 0 -21"><span class='ocrx_word' id='word_1_131' title='bbox 544 2128 729 2196; x_wconf 72' lang='grc' dir='ltr'>ἱππεὺς</span> <span class='ocrx_word' id='word_1_132' title='bbox 757 2128 815 2186; x_wconf 70' lang='grc' dir='ltr'>δὲ</span> <span class='ocrx_word' id='word_1_133' title='bbox 841 2132 901 2205; x_wconf 79' lang='grc'>(6)</span> <span class='ocrx_word' id='word_1_134' title='bbox 929 2127 1231 2204; x_wconf 81' lang='grc' dir='ltr'>Ῥωμαίων,</span> <span class='ocrx_word' id='word_1_135' title='bbox 1259 2128 1314 2194; x_wconf 82' lang='grc' dir='ltr'>ὃς</span> <span class='ocrx_word' id='word_1_136' title='bbox 1336 2127 1472 2207; x_wconf 80' lang='grc' dir='ltr'>ἔχων</span> <span class='ocrx_word' id='word_1_137' title='bbox 1502 2129 1703 2208; x_wconf 82' lang='grc' dir='ltr'>πατέρα</span> <span class='ocrx_word' id='word_1_138' title='bbox 1733 2129 2096 2205; x_wconf 86' lang='grc' dir='ltr'>μεγαλόπλου-</span> 
     </span>
     <span class='ocr_line' id='line_1_21' title="bbox 546 2206 2092 2291; baseline -0.001 -18"><span class='ocrx_word' id='word_1_139' title='bbox 546 2239 653 2289; x_wconf 82' lang='grc' dir='ltr'>τον,</span> <span class='ocrx_word' id='word_1_140' title='bbox 687 2214 777 2272; x_wconf 81' lang='grc' dir='ltr'>καὶ</span> <span class='ocrx_word' id='word_1_141' title='bbox 805 2216 911 2280; x_wconf 82' lang='grc' dir='ltr'>νέος</span> <span class='ocrx_word' id='word_1_142' title='bbox 942 2213 1013 2273; x_wconf 76' lang='grc' dir='ltr'>ὧν</span> <span class='ocrx_word' id='word_1_143' title='bbox 1050 2217 1342 2287; x_wconf 76' lang='grc' dir='ltr'>παντελῶς,</span> <span class='ocrx_word' id='word_1_144' title='bbox 1381 2219 1451 2281; x_wconf 78' lang='grc' dir='ltr'>εἰς</span> <span class='ocrx_word' id='word_1_145' title='bbox 1487 2216 1761 2291; x_wconf 82' lang='grc' dir='ltr'>ἐπιθυμίαν</span> <span class='ocrx_word' id='word_1_146' title='bbox 1788 2206 1911 2285; x_wconf 66' lang='grc' dir='ltr'>ἦλθε</span> <span class='ocrx_word' id='word_1_147' title='bbox 1940 2216 2092 2273; x_wconf 78' lang='grc' dir='ltr'>ἄλλο·</span> 
     </span>
     <span class='ocr_line' id='line_1_22' title="bbox 546 2301 2097 2383; baseline 0 -25"><span class='ocrx_word' id='word_1_148' title='bbox 546 2303 690 2381; x_wconf 89' lang='grc' dir='ltr'>τρίας</span> <span class='ocrx_word' id='word_1_149' title='bbox 729 2303 1086 2378; x_wconf 83' lang='grc' dir='ltr'>θεραπαινίδος</span> <span class='ocrx_word' id='word_1_150' title='bbox 1103 2348 1120 2378; x_wconf 90' lang='grc'>,</span> <span class='ocrx_word' id='word_1_151' title='bbox 1168 2301 1347 2361; x_wconf 85' lang='grc' dir='ltr'>κάλλει</span> <span class='ocrx_word' id='word_1_152' title='bbox 1390 2302 1749 2383; x_wconf 80' lang='grc' dir='ltr'>διαφερούσης.</span> <span class='ocrx_word' id='word_1_153' title='bbox 1832 2302 2097 2361; x_wconf 83' lang='grc' dir='ltr'>Ἐπιπλα·</span> 
     </span>
     <span class='ocr_line' id='line_1_23' title="bbox 545 2388 2101 2468; baseline 0 -22"><span class='ocrx_word' id='word_1_154' title='bbox 545 2389 653 2455; x_wconf 78' lang='grc' dir='ltr'>κεὶς</span> <span class='ocrx_word' id='word_1_155' title='bbox 683 2392 745 2466; x_wconf 89' lang='grc'>(7)</span> <span class='ocrx_word' id='word_1_156' title='bbox 777 2388 831 2447; x_wconf 81' lang='grc' dir='ltr'>δὲ</span> <span class='ocrx_word' id='word_1_157' title='bbox 863 2394 995 2468; x_wconf 81' lang='grc' dir='ltr'>αὐτῇ</span> <span class='ocrx_word' id='word_1_158' title='bbox 1019 2390 1109 2448; x_wconf 79' lang='grc' dir='ltr'>καὶ</span> <span class='ocrx_word' id='word_1_159' title='bbox 1143 2389 1447 2465; x_wconf 74' lang='grc' dir='ltr'>συμὸιώσας</span> <span class='ocrx_word' id='word_1_160' title='bbox 1475 2390 1651 2447; x_wconf 76' lang='grc' dir='ltr'>ἱκανόν</span> <span class='ocrx_word' id='word_1_161' title='bbox 1684 2414 1798 2448; x_wconf 88' lang='grc' dir='ltr'>τινα</span> <span class='ocrx_word' id='word_1_162' title='bbox 1822 2389 2007 2468; x_wconf 80' lang='grc' dir='ltr'>χρόνον</span> <span class='ocrx_word' id='word_1_163' title='bbox 2030 2391 2101 2454; x_wconf 82' lang='grc' dir='ltr'>εἰς</span> 
     </span>
     <span class='ocr_line' id='line_1_24' title="bbox 547 2476 2101 2557; baseline -0.001 -22"><span class='ocrx_word' id='word_1_164' title='bbox 547 2477 716 2556; x_wconf 82' lang='grc' dir='ltr'>ἔρωτα</span> <span class='ocrx_word' id='word_1_165' title='bbox 747 2476 1037 2554; x_wconf 79' lang='grc' dir='ltr'>παράδοξον</span> <span class='ocrx_word' id='word_1_166' title='bbox 1081 2476 1289 2535; x_wconf 86' lang='grc' dir='ltr'>ἐνέπεσε</span> <span class='ocrx_word' id='word_1_167' title='bbox 1323 2476 1413 2535; x_wconf 70' lang='grc' dir='ltr'>καὶ</span> <span class='ocrx_word' id='word_1_168' title='bbox 1447 2477 1670 2535; x_wconf 85' lang='grc' dir='ltr'>διάθεσιν</span> <span class='ocrx_word' id='word_1_169' title='bbox 1696 2477 1855 2557; x_wconf 75' lang='grc' dir='ltr'>μανίᾳ</span> <span class='ocrx_word' id='word_1_170' title='bbox 1887 2499 2101 2554; x_wconf 86' lang='grc' dir='ltr'>παρεμ-</span> 
     </span>
     <span class='ocr_line' id='line_1_25' title="bbox 546 2561 2099 2644; baseline -0.002 -22"><span class='ocrx_word' id='word_1_171' title='bbox 546 2568 697 2643; x_wconf 77' lang='grc' dir='ltr'>φερῆ.</span> <span class='ocrx_word' id='word_1_172' title='bbox 783 2564 885 2623; x_wconf 67' lang='grc' dir='ltr'>Διὰ</span> <span class='ocrx_word' id='word_1_173' title='bbox 904 2562 1006 2644; x_wconf 71' lang='grc' dir='ltr'>γὰρ</span> <span class='ocrx_word' id='word_1_174' title='bbox 1028 2562 1121 2634; x_wconf 78' lang='grc' dir='ltr'>τὴν</span> <span class='ocrx_word' id='word_1_175' title='bbox 1147 2564 1507 2643; x_wconf 79' lang='grc' dir='ltr'>φιλοστοργίαν</span> <span class='ocrx_word' id='word_1_176' title='bbox 1527 2561 1903 2639; x_wconf 70' lang='grc' dir='ltr'>ε’πιὸαλόμενος</span> <span class='ocrx_word' id='word_1_177' title='bbox 1922 2562 2099 2639; x_wconf 79' lang='grc' dir='ltr'>ἐξαγο-</span> 
     </span>
     <span class='ocr_line' id='line_1_26' title="bbox 548 2648 2100 2730; baseline -0.001 -25"><span class='ocrx_word' id='word_1_178' title='bbox 548 2650 704 2728; x_wconf 87' lang='grc' dir='ltr'>ράσαι</span> <span class='ocrx_word' id='word_1_179' title='bbox 727 2649 821 2719; x_wconf 69' lang='grc' dir='ltr'>τὴν</span> <span class='ocrx_word' id='word_1_180' title='bbox 841 2650 1146 2728; x_wconf 81' lang='grc' dir='ltr'>παιδίσκην,</span> <span class='ocrx_word' id='word_1_181' title='bbox 1165 2650 1227 2708; x_wconf 76' lang='grc' dir='ltr'>τὸ</span> <span class='ocrx_word' id='word_1_182' title='bbox 1247 2648 1342 2726; x_wconf 78' lang='grc' dir='ltr'>μὲν</span> <span class='ocrx_word' id='word_1_183' title='bbox 1363 2654 1568 2727; x_wconf 77' lang='grc' dir='ltr'>πρῶτον</span> <span class='ocrx_word' id='word_1_184' title='bbox 1594 2650 1714 2730; x_wconf 78' lang='grc' dir='ltr'>ἔσχε</span> <span class='ocrx_word' id='word_1_185' title='bbox 1736 2651 1824 2709; x_wconf 83' lang='grc' dir='ltr'>τὸν</span> <span class='ocrx_word' id='word_1_186' title='bbox 1847 2650 2100 2720; x_wconf 83' lang='grc' dir='ltr'>δεσπότην</span> 
     </span>
     <span class='ocr_line' id='line_1_27' title="bbox 546 2736 2103 2817; baseline 0.001 -25"><span class='ocrx_word' id='word_1_187' title='bbox 546 2737 703 2806; x_wconf 81' lang='grc' dir='ltr'>αὖτ’ῆς</span> <span class='ocrx_word' id='word_1_188' title='bbox 733 2736 1139 2816; x_wconf 74' lang='grc' dir='ltr'>ἀντιπράττοντα</span> <span class='ocrx_word' id='word_1_189' title='bbox 1160 2782 1178 2814; x_wconf 87' lang='grc'>,</span> <span class='ocrx_word' id='word_1_190' title='bbox 1199 2736 1344 2815; x_wconf 35' lang='grc' dir='ltr'>,μετὰ</span> <span class='ocrx_word' id='word_1_191' title='bbox 1373 2736 1427 2795; x_wconf 82' lang='grc' dir='ltr'>δὲ</span> <span class='ocrx_word' id='word_1_192' title='bbox 1467 2744 1633 2796; x_wconf 75' lang='grc' dir='ltr'>ταῦτα</span> <span class='ocrx_word' id='word_1_193' title='bbox 1671 2742 1746 2817; x_wconf 78' lang='grc' dir='ltr'>τῷ</span> <span class='ocrx_word' id='word_1_194' title='bbox 1782 2737 1986 2814; x_wconf 77' lang='grc' dir='ltr'>μεγέθει</span> <span class='ocrx_word' id='word_1_195' title='bbox 2014 2741 2103 2807; x_wconf 78' lang='grc' dir='ltr'>τῆς</span> 
     </span>
     <span class='ocr_line' id='line_1_28' title="bbox 544 2822 2099 2903; baseline 0 -25"><span class='ocrx_word' id='word_1_196' title='bbox 544 2827 700 2898; x_wconf 75' lang='grc' dir='ltr'>τιμῆς</span> <span class='ocrx_word' id='word_1_197' title='bbox 727 2823 1144 2903; x_wconf 77' lang='grc' dir='ltr'>προτρεψάμενος</span> <span class='ocrx_word' id='word_1_198' title='bbox 1171 2823 1479 2902; x_wconf 81' lang='grc' dir='ltr'>ἐξηγόρασεν</span> <span class='ocrx_word' id='word_1_199' title='bbox 1501 2824 1662 2895; x_wconf 84' lang='grc' dir='ltr'>αὐτὴν</span> <span class='ocrx_word' id='word_1_200' title='bbox 1686 2824 1958 2882; x_wconf 81' lang='grc' dir='ltr'>ταλάντων</span> <span class='ocrx_word' id='word_1_201' title='bbox 1979 2822 2099 2883; x_wconf 83' lang='grc' dir='ltr'>Ἀτ-</span> 
     </span>
     <span class='ocr_line' id='line_1_29' title="bbox 545 2908 2101 2986; baseline -0.001 -21"><span class='ocrx_word' id='word_1_202' title='bbox 545 2913 701 2966; x_wconf 81' lang='grc' dir='ltr'>τικῶν</span> <span class='ocrx_word' id='word_1_203' title='bbox 734 2910 895 2981; x_wconf 77' lang='grc' dir='ltr'>ἑπτὰ,</span> <span class='ocrx_word' id='word_1_204' title='bbox 937 2910 1027 2967; x_wconf 79' lang='grc' dir='ltr'>καὶ</span> <span class='ocrx_word' id='word_1_205' title='bbox 1061 2910 1153 2979; x_wconf 75' lang='grc' dir='ltr'>τὴν</span> <span class='ocrx_word' id='word_1_206' title='bbox 1202 2910 1451 2968; x_wconf 82' lang='grc' dir='ltr'>ἀπόδοσιν</span> <span class='ocrx_word' id='word_1_207' title='bbox 1486 2916 1579 2980; x_wconf 67' lang='grc' dir='ltr'>τῆς</span> <span class='ocrx_word' id='word_1_208' title='bbox 1614 2916 1768 2986; x_wconf 72' lang='grc' dir='ltr'>τιμῆς</span> <span class='ocrx_word' id='word_1_209' title='bbox 1806 2912 1876 2975; x_wconf 85' lang='grc' dir='ltr'>εἷς</span> <span class='ocrx_word' id='word_1_210' title='bbox 1912 2908 2101 2966; x_wconf 80' lang='grc' dir='ltr'>τακτὸν</span> 
     </span>
     <span class='ocr_line' id='line_1_30' title="bbox 544 2993 2102 3075; baseline -0.002 -23"><span class='ocrx_word' id='word_1_211' title='bbox 544 2995 726 3072; x_wconf 70' lang='grc' dir='ltr'>χρόνον</span> <span class='ocrx_word' id='word_1_212' title='bbox 756 2996 1008 3052; x_wconf 73' lang='grc' dir='ltr'>συνέθετο.</span> <span class='ocrx_word' id='word_1_213' title='bbox 1084 2996 1384 3061; x_wconf 78' lang='grc' dir='ltr'>Πιστευθεὶς</span> <span class='ocrx_word' id='word_1_214' title='bbox 1408 2997 1460 3053; x_wconf 78' lang='grc' dir='ltr'>δὲ</span> <span class='ocrx_word' id='word_1_215' title='bbox 1491 3002 1581 3054; x_wconf 75' lang='grc' dir='ltr'>τοῦ</span> <span class='ocrx_word' id='word_1_216' title='bbox 1605 2998 1874 3075; x_wconf 81' lang='grc' dir='ltr'>χρήματος</span> <span class='ocrx_word' id='word_1_217' title='bbox 1898 2993 1984 3051; x_wconf 78' lang='grc' dir='ltr'>διὰ</span> <span class='ocrx_word' id='word_1_218' title='bbox 2010 2993 2102 3064; x_wconf 78' lang='grc' dir='ltr'>τὴν</span> 
     </span>
     <span class='ocr_line' id='line_1_31' title="bbox 546 3080 2104 3161; baseline -0.001 -24"><span class='ocrx_word' id='word_1_219' title='bbox 546 3087 636 3137; x_wconf 77' lang='grc' dir='ltr'>τοῦ</span> <span class='ocrx_word' id='word_1_220' title='bbox 667 3080 861 3160; x_wconf 81' lang='grc' dir='ltr'>πατρὸς</span> <span class='ocrx_word' id='word_1_221' title='bbox 901 3081 1165 3161; x_wconf 82' lang='grc' dir='ltr'>εὐπορίαν,</span> <span class='ocrx_word' id='word_1_222' title='bbox 1213 3081 1456 3158; x_wconf 80' lang='grc' dir='ltr'>ἀπήγαγε</span> <span class='ocrx_word' id='word_1_223' title='bbox 1492 3083 1587 3151; x_wconf 72' lang='grc' dir='ltr'>τὴν</span> <span class='ocrx_word' id='word_1_224' title='bbox 1617 3080 1952 3160; x_wconf 86' lang='grc' dir='ltr'>θεραπαινίδα</span> <span class='ocrx_word' id='word_1_225' title='bbox 1971 3127 1986 3151; x_wconf 90' lang='grc'>,</span> <span class='ocrx_word' id='word_1_226' title='bbox 2014 3080 2104 3136; x_wconf 79' lang='grc' dir='ltr'>καὶ</span> 
     </span>
     <span class='ocr_line' id='line_1_32' title="bbox 547 3165 2101 3248; baseline -0.001 -23"><span class='ocrx_word' id='word_1_227' title='bbox 547 3166 773 3233; x_wconf 78' lang='grc' dir='ltr'>καταδὺς</span> <span class='ocrx_word' id='word_1_228' title='bbox 796 3167 865 3233; x_wconf 81' lang='grc' dir='ltr'>εἷς</span> <span class='ocrx_word' id='word_1_229' title='bbox 891 3191 1004 3225; x_wconf 87' lang='grc' dir='ltr'>τινα</span> <span class='ocrx_word' id='word_1_230' title='bbox 1040 3171 1143 3226; x_wconf 80' lang='grc' dir='ltr'>τῶν</span> <span class='ocrx_word' id='word_1_231' title='bbox 1184 3171 1451 3247; x_wconf 82' lang='grc' dir='ltr'>πατρικῶν</span> <span class='ocrx_word' id='word_1_232' title='bbox 1484 3172 1657 3248; x_wconf 75' lang='grc' dir='ltr'>ἀγρῶν</span> <span class='ocrx_word' id='word_1_233' title='bbox 1693 3166 1977 3247; x_wconf 79' lang='grc' dir='ltr'>ἐξεπλήρου</span> <span class='ocrx_word' id='word_1_234' title='bbox 2004 3165 2101 3238; x_wconf 80' lang='grc' dir='ltr'>τὴν</span> 
     </span>
     <span class='ocr_line' id='line_1_33' title="bbox 548 3253 2102 3335; baseline 0.001 -24"><span class='ocrx_word' id='word_1_235' title='bbox 548 3254 681 3312; x_wconf 77' lang='grc' dir='ltr'>ἰδίαν</span> <span class='ocrx_word' id='word_1_236' title='bbox 711 3254 1002 3331; x_wconf 81' lang='grc' dir='ltr'>ἐπιθυμίαν.</span> <span class='ocrx_word' id='word_1_237' title='bbox 1086 3255 1175 3320; x_wconf 77' lang='grc' dir='ltr'>Ὡς</span> <span class='ocrx_word' id='word_1_238' title='bbox 1200 3253 1253 3313; x_wconf 79' lang='grc' dir='ltr'>δὲ</span> <span class='ocrx_word' id='word_1_239' title='bbox 1275 3260 1302 3313; x_wconf 79' lang='grc' dir='ltr'>ὁ</span> <span class='ocrx_word' id='word_1_240' title='bbox 1326 3257 1655 3333; x_wconf 82' lang='grc' dir='ltr'>συγκείμενος</span> <span class='ocrx_word' id='word_1_241' title='bbox 1672 3261 1762 3315; x_wconf 77' lang='grc' dir='ltr'>τοῦ</span> <span class='ocrx_word' id='word_1_242' title='bbox 1784 3256 1967 3335; x_wconf 74' lang='grc' dir='ltr'>χρέους</span> <span class='ocrx_word' id='word_1_243' title='bbox 1986 3256 2102 3335; x_wconf 87' lang='grc' dir='ltr'>χρό-</span> 
     </span>
     <span class='ocr_line' id='line_1_34' title="bbox 548 3335 2100 3421; baseline 0.003 -25"><span class='ocrx_word' id='word_1_244' title='bbox 548 3365 631 3406; x_wconf 86' lang='grc' dir='ltr'>νος</span> <span class='ocrx_word' id='word_1_245' title='bbox 675 3342 897 3413; x_wconf 79' lang='grc' dir='ltr'>διῆλθεν,</span> <span class='ocrx_word' id='word_1_246' title='bbox 941 3335 1067 3413; x_wconf 65' lang='grc' dir='ltr'>ἧκον</span> <span class='ocrx_word' id='word_1_247' title='bbox 1111 3346 1158 3400; x_wconf 71' lang='grc' dir='ltr'>οἱ</span> <span class='ocrx_word' id='word_1_248' title='bbox 1198 3340 1515 3421; x_wconf 79' lang='grc' dir='ltr'>πεμφθέντες</span> <span class='ocrx_word' id='word_1_249' title='bbox 1554 3346 1623 3409; x_wconf 73' lang='grc' dir='ltr'>εἰς</span> <span class='ocrx_word' id='word_1_250' title='bbox 1662 3344 1758 3414; x_wconf 84' lang='grc' dir='ltr'>τὴν</span> <span class='ocrx_word' id='word_1_251' title='bbox 1794 3342 2100 3415; x_wconf 80' lang='grc' dir='ltr'>ἀπαίτησιν.</span> 
     </span>
     <span class='ocr_line' id='line_1_35' title="bbox 550 3427 2104 3508; baseline 0 -21"><span class='ocrx_word' id='word_1_252' title='bbox 550 3428 620 3487; x_wconf 87' lang='lat'>‘0</span> <span class='ocrx_word' id='word_1_253' title='bbox 653 3427 705 3486; x_wconf 81' lang='grc' dir='ltr'>δὲ</span> <span class='ocrx_word' id='word_1_254' title='bbox 749 3431 819 3493; x_wconf 82' lang='grc' dir='ltr'>εἰς</span> <span class='ocrx_word' id='word_1_255' title='bbox 854 3427 947 3498; x_wconf 77' lang='grc' dir='ltr'>τὴν</span> <span class='ocrx_word' id='word_1_256' title='bbox 989 3429 1299 3508; x_wconf 78' lang='grc' dir='ltr'>τριακοστὴν</span> <span class='ocrx_word' id='word_1_257' title='bbox 1333 3429 1535 3508; x_wconf 78' lang='grc' dir='ltr'>ἡμέραν</span> <span class='ocrx_word' id='word_1_258' title='bbox 1578 3429 1965 3507; x_wconf 71' lang='grc' dir='ltr'>ἄναὸαλόμενος</span> <span class='ocrx_word' id='word_1_259' title='bbox 2009 3430 2104 3498; x_wconf 72' lang='grc' dir='ltr'>τὴν</span> 
     </span>
     <span class='ocr_line' id='line_1_36' title="bbox 551 3514 2101 3595; baseline 0.001 -24"><span class='ocrx_word' id='word_1_260' title='bbox 551 3514 823 3585; x_wconf 66' lang='grc' dir='ltr'>ἂκόλυσιν,</span> <span class='ocrx_word' id='word_1_261' title='bbox 845 3516 937 3572; x_wconf 86' lang='grc' dir='ltr'>καὶ</span> <span class='ocrx_word' id='word_1_262' title='bbox 962 3515 1022 3572; x_wconf 82' lang='grc' dir='ltr'>τὸ</span> <span class='ocrx_word' id='word_1_263' title='bbox 1046 3514 1145 3590; x_wconf 80' lang='grc' dir='ltr'>μὲν</span> <span class='ocrx_word' id='word_1_264' title='bbox 1163 3520 1345 3595; x_wconf 76' lang='grc' dir='ltr'>χρῆμα</span> <span class='ocrx_word' id='word_1_265' title='bbox 1370 3517 1427 3573; x_wconf 84' lang='grc' dir='ltr'>οὐ</span> <span class='ocrx_word' id='word_1_266' title='bbox 1450 3516 1727 3592; x_wconf 87' lang='grc' dir='ltr'>δυνάμενος</span> <span class='ocrx_word' id='word_1_267' title='bbox 1754 3515 1999 3595; x_wconf 81' lang='grc' dir='ltr'>πορίσαι,</span> <span class='ocrx_word' id='word_1_268' title='bbox 2026 3518 2101 3595; x_wconf 60' lang='lat' dir='ltr'><strong>viii</strong></span> 
     </span>
     <span class='ocr_line' id='line_1_37' title="bbox 553 3600 2101 3683; baseline -0.001 -24"><span class='ocrx_word' id='word_1_269' title='bbox 553 3602 606 3659; x_wconf 83' lang='grc' dir='ltr'>δὲ</span> <span class='ocrx_word' id='word_1_270' title='bbox 623 3602 774 3680; x_wconf 85' lang='grc' dir='ltr'>ἔρωτι</span> <span class='ocrx_word' id='word_1_271' title='bbox 786 3601 1037 3660; x_wconf 77' lang='grc' dir='ltr'>δουλεύων</span> <span class='ocrx_word' id='word_1_272' title='bbox 1047 3646 1064 3678; x_wconf 90' lang='grc'>,</span> <span class='ocrx_word' id='word_1_273' title='bbox 1078 3603 1384 3681; x_wconf 79' lang='grc' dir='ltr'>ἐπεχείρησε</span> <span class='ocrx_word' id='word_1_274' title='bbox 1396 3601 1576 3683; x_wconf 82' lang='grc' dir='ltr'>πράξει</span> <span class='ocrx_word' id='word_1_275' title='bbox 1588 3602 2003 3682; x_wconf 83' lang='grc' dir='ltr'>παραλογωτάτῃ</span> <span class='ocrx_word' id='word_1_276' title='bbox 2020 3600 2081 3679; x_wconf 76' lang='lat' dir='ltr'>(s)</span> <span class='ocrx_word' id='word_1_277' title='bbox 2090 3647 2101 3658; x_wconf 95' lang='lat'><strong>.</strong></span> 
     </span>
    </p>
   </div>
   <div class='ocr_carea' id='block_1_3' title="bbox 1306 437 2957 505">
    <p class='ocr_par' dir='ltr' id='par_1_5' title="bbox 1306 437 2957 505">
     <span class='ocr_line' id='line_1_38' title="bbox 1306 437 2957 505; baseline 0.005 -13"><span class='ocrx_word' id='word_1_278' title='bbox 1306 437 1405 494; x_wconf 74' lang='grc' dir='ltr'>ΕΚ</span> <span class='ocrx_word' id='word_1_279' title='bbox 1447 438 1603 495; x_wconf 81' lang='grc' dir='ltr'>ΤΗΣ</span> <span class='ocrx_word' id='word_1_280' title='bbox 1646 437 1998 495; x_wconf 78' lang='grc' dir='ltr'><strong>ΙΣΤΟΡῙΑΣ</strong></span> <span class='ocrx_word' id='word_1_281' title='bbox 2040 439 2424 499; x_wconf 82' lang='grc' dir='ltr'><strong>ΔΙΟΔΩΡΟΥ</strong></span> <span class='ocrx_word' id='word_1_282' title='bbox 2465 442 2957 505; x_wconf 82' lang='grc' dir='ltr'>ΣΙΚΕΛΙΩΤΟΥ.</span> 
     </span>
    </p>
   </div>
   <div class='ocr_carea' id='block_1_4' title="bbox 2176 580 3742 1056">
    <p class='ocr_par' dir='ltr' id='par_1_6' title="bbox 2176 580 3742 1056">
     <span class='ocr_line' id='line_1_39' title="bbox 2237 580 3724 648; baseline 0.007 -22"><span class='ocrx_word' id='word_1_283' title='bbox 2237 580 2455 628; x_wconf 77' lang='lat' dir='ltr'><strong>xxviii.</strong></span> <span class='ocrx_word' id='word_1_284' title='bbox 2496 583 2696 630; x_wconf 85' lang='lat' dir='ltr'><strong>Romam</strong></span> <span class='ocrx_word' id='word_1_285' title='bbox 2733 583 2863 631; x_wconf 79' lang='lat' dir='ltr'><strong>venit</strong></span> <span class='ocrx_word' id='word_1_286' title='bbox 2897 597 2925 632; x_wconf 88' lang='lat' dir='ltr'>e</span> <span class='ocrx_word' id='word_1_287' title='bbox 2953 583 3078 645; x_wconf 85' lang='lat' dir='ltr'><strong>regia</strong></span> <span class='ocrx_word' id='word_1_288' title='bbox 3104 584 3280 633; x_wconf 77' lang='lat' dir='ltr'><strong>familia</strong></span> <span class='ocrx_word' id='word_1_289' title='bbox 3315 586 3450 633; x_wconf 82' lang='lat' dir='ltr'><strong>ortus</strong></span> <span class='ocrx_word' id='word_1_290' title='bbox 3484 588 3512 634; x_wconf 71' lang='lat' dir='ltr'>J</span> <span class='ocrx_word' id='word_1_291' title='bbox 3521 586 3724 648; x_wconf 77' lang='lat' dir='ltr'><strong>ugurtha</strong></span> 
     </span>
     <span class='ocr_line' id='line_1_40' title="bbox 2176 681 3742 773; baseline 0.007 -44"><span class='ocrx_word' id='word_1_292' title='bbox 2176 681 2314 741; x_wconf 77' lang='lat' dir='ltr'><strong>alter,</strong></span> <span class='ocrx_word' id='word_1_293' title='bbox 2341 695 2539 773; x_wconf 54' lang='lat' dir='ltr'><strong>regnum</strong></span> <span class='ocrx_word' id='word_1_294' title='bbox 2563 685 2876 734; x_wconf 78' lang='lat' dir='ltr'><strong>Numidarum</strong></span> <span class='ocrx_word' id='word_1_295' title='bbox 2904 686 2993 735; x_wconf 88' lang='lat' dir='ltr'><strong>sibi</strong></span> <span class='ocrx_word' id='word_1_296' title='bbox 3025 687 3368 736; x_wconf 78' lang='lat' dir='ltr'><strong>vindicaturus.</strong></span> <span class='ocrx_word' id='word_1_297' title='bbox 3451 688 3546 746; x_wconf 87' lang='lat' dir='ltr'>Qui</span> <span class='ocrx_word' id='word_1_298' title='bbox 3576 703 3742 752; x_wconf 72' lang='lat' dir='ltr'><strong>quum,</strong></span> 
     </span>
     <span class='ocr_line' id='line_1_41' title="bbox 2178 784 3732 855; baseline 0.005 -23"><span class='ocrx_word' id='word_1_299' title='bbox 2178 784 2331 833; x_wconf 86' lang='lat' dir='ltr'><strong>multa</strong></span> <span class='ocrx_word' id='word_1_300' title='bbox 2351 786 2503 847; x_wconf 82' lang='lat' dir='ltr'><strong>gratia</strong></span> <span class='ocrx_word' id='word_1_301' title='bbox 2526 787 2652 849; x_wconf 81' lang='lat' dir='ltr'><strong>apud</strong></span> <span class='ocrx_word' id='word_1_302' title='bbox 2672 790 2913 838; x_wconf 83' lang='lat' dir='ltr'><strong>Romanos</strong></span> <span class='ocrx_word' id='word_1_303' title='bbox 2926 789 3103 851; x_wconf 87' lang='lat' dir='ltr'><strong>pollere</strong></span> <span class='ocrx_word' id='word_1_304' title='bbox 3121 790 3339 851; x_wconf 76' lang='lat' dir='ltr'><strong>coepisset</strong></span> <span class='ocrx_word' id='word_1_305' title='bbox 3352 826 3366 851; x_wconf 91' lang='lat'><strong>,</strong></span> <span class='ocrx_word' id='word_1_306' title='bbox 3385 792 3412 838; x_wconf 86' lang='lat' dir='ltr'>J</span> <span class='ocrx_word' id='word_1_307' title='bbox 3418 793 3626 852; x_wconf 84' lang='lat' dir='ltr'><strong>ugurtha</strong></span> <span class='ocrx_word' id='word_1_308' title='bbox 3648 806 3732 855; x_wconf 84' lang='lat' dir='ltr'>per</span> 
     </span>
     <span class='ocr_line' id='line_1_42' title="bbox 2177 889 3732 958; baseline 0.006 -20"><span class='ocrx_word' id='word_1_309' title='bbox 2177 889 2370 939; x_wconf 78' lang='lat' dir='ltr'><strong>sicarios</strong></span> <span class='ocrx_word' id='word_1_310' title='bbox 2388 890 2606 939; x_wconf 81' lang='lat' dir='ltr'>mercede</span> <span class='ocrx_word' id='word_1_311' title='bbox 2623 891 2889 941; x_wconf 83' lang='lat' dir='ltr'><strong>conductos</strong></span> <span class='ocrx_word' id='word_1_312' title='bbox 2904 892 3282 942; x_wconf 79' lang='lat' dir='ltr'><strong>interficiendum</strong></span> <span class='ocrx_word' id='word_1_313' title='bbox 3297 896 3504 946; x_wconf 75' lang='lat' dir='ltr'><strong>curavit.</strong></span> <span class='ocrx_word' id='word_1_314' title='bbox 3525 898 3648 958; x_wconf 82' lang='lat' dir='ltr'><strong>lpse,</strong></span> <span class='ocrx_word' id='word_1_315' title='bbox 3660 911 3732 948; x_wconf 70' lang='lat' dir='ltr'>ue»</span> 
     </span>
     <span class='ocr_line' id='line_1_43' title="bbox 2177 992 3425 1056; baseline 0.005 -16"><span class='ocrx_word' id='word_1_316' title='bbox 2177 992 2307 1041; x_wconf 89' lang='lat' dir='ltr'><strong>mine</strong></span> <span class='ocrx_word' id='word_1_317' title='bbox 2324 994 2625 1055; x_wconf 82' lang='lat' dir='ltr'><strong>probibente,</strong></span> <span class='ocrx_word' id='word_1_318' title='bbox 2649 996 2697 1043; x_wconf 87' lang='lat' dir='ltr'>in</span> <span class='ocrx_word' id='word_1_319' title='bbox 2724 1008 2921 1056; x_wconf 78' lang='lat' dir='ltr'><strong>regnum</strong></span> <span class='ocrx_word' id='word_1_320' title='bbox 2944 1008 3086 1044; x_wconf 84' lang='lat' dir='ltr'><strong>suum</strong></span> <span class='ocrx_word' id='word_1_321' title='bbox 3101 1009 3320 1045; x_wconf 78' lang='lat' dir='ltr'><strong>reversus</strong></span> <span class='ocrx_word' id='word_1_322' title='bbox 3338 999 3425 1046; x_wconf 87' lang='lat' dir='ltr'><strong>est.</strong></span> 
     </span>
    </p>
   </div>
   <div class='ocr_carea' id='block_1_5' title="bbox 2178 1100 3754 3351">
    <p class='ocr_par' dir='ltr' id='par_1_7' title="bbox 2178 1100 3739 1493">
     <span class='ocr_line' id='line_1_44' title="bbox 2240 1100 3737 1168; baseline 0.004 -20"><span class='ocrx_word' id='word_1_323' title='bbox 2240 1103 2408 1150; x_wconf 77' lang='lat' dir='ltr'><strong>xxix.</strong></span> <span class='ocrx_word' id='word_1_324' title='bbox 2433 1102 2723 1168; x_wconf 66' lang='lat' dir='ltr'><strong>Ptolemaeus</strong></span> <span class='ocrx_word' id='word_1_325' title='bbox 2739 1102 2913 1161; x_wconf 85' lang='lat' dir='ltr'><strong>senior,</strong></span> <span class='ocrx_word' id='word_1_326' title='bbox 2938 1100 3124 1151; x_wconf 76' lang='lat' dir='ltr'><strong>damin</strong></span> <span class='ocrx_word' id='word_1_327' title='bbox 3148 1102 3364 1151; x_wconf 77' lang='lat' dir='ltr'>Seleucia</span> <span class='ocrx_word' id='word_1_328' title='bbox 3386 1102 3506 1152; x_wconf 87' lang='lat' dir='ltr'><strong>urbe</strong></span> <span class='ocrx_word' id='word_1_329' title='bbox 3528 1104 3737 1154; x_wconf 82' lang='lat' dir='ltr'><strong>inclusus</strong></span> 
     </span>
     <span class='ocr_line' id='line_1_45' title="bbox 2178 1213 3739 1279; baseline 0.003 -17"><span class='ocrx_word' id='word_1_330' title='bbox 2178 1214 2429 1263; x_wconf 83' lang='lat' dir='ltr'><strong>tenebatur</strong></span> <span class='ocrx_word' id='word_1_331' title='bbox 2441 1253 2454 1275; x_wconf 90' lang='lat'>,</span> <span class='ocrx_word' id='word_1_332' title='bbox 2484 1214 2624 1263; x_wconf 78' lang='lat' dir='ltr'><strong>amici</strong></span> <span class='ocrx_word' id='word_1_333' title='bbox 2642 1214 2890 1276; x_wconf 82' lang='lat' dir='ltr'><strong>cujusdam</strong></span> <span class='ocrx_word' id='word_1_334' title='bbox 2910 1213 3090 1263; x_wconf 74' lang='lat' dir='ltr'><strong>insidiis</strong></span> <span class='ocrx_word' id='word_1_335' title='bbox 3111 1216 3348 1277; x_wconf 82' lang='lat' dir='ltr'><strong>appetitus</strong></span> <span class='ocrx_word' id='word_1_336' title='bbox 3361 1217 3526 1275; x_wconf 60' lang='lat' dir='ltr'><strong>,bunc</strong></span> <span class='ocrx_word' id='word_1_337' title='bbox 3544 1218 3739 1279; x_wconf 84' lang='lat' dir='ltr'><strong>quidem</strong></span> 
     </span>
     <span class='ocr_line' id='line_1_46' title="bbox 2180 1308 3736 1390; baseline 0.004 -16"><span class='ocrx_word' id='word_1_338' title='bbox 2180 1327 2573 1389; x_wconf 85' lang='lat' dir='ltr'><strong>comprehensum</strong></span> <span class='ocrx_word' id='word_1_339' title='bbox 2586 1327 2818 1390; x_wconf 80' lang='lat' dir='ltr'><strong>supplicio</strong></span> <span class='ocrx_word' id='word_1_340' title='bbox 2837 1326 3022 1388; x_wconf 74' lang='lat' dir='ltr'><strong>affecit,</strong></span> <span class='ocrx_word' id='word_1_341' title='bbox 3043 1328 3092 1375; x_wconf 90' lang='lat' dir='ltr'>in</span> <span class='ocrx_word' id='word_1_342' title='bbox 3109 1308 3353 1389; x_wconf 56' lang='lat' dir='ltr'><strong>poster-uin</strong></span> <span class='ocrx_word' id='word_1_343' title='bbox 3372 1342 3485 1379; x_wconf 76' lang='lat' dir='ltr'><strong>vero</strong></span> <span class='ocrx_word' id='word_1_344' title='bbox 3503 1330 3634 1379; x_wconf 86' lang='lat' dir='ltr'><strong>baud</strong></span> <span class='ocrx_word' id='word_1_345' title='bbox 3651 1331 3736 1380; x_wconf 89' lang='lat' dir='ltr'>ob-</span> 
     </span>
     <span class='ocr_line' id='line_1_47' title="bbox 2186 1432 2909 1493; baseline 0.001 -13"><span class='ocrx_word' id='word_1_346' title='bbox 2186 1433 2275 1481; x_wconf 78' lang='lat' dir='ltr'><strong>viis</strong></span> <span class='ocrx_word' id='word_1_347' title='bbox 2300 1432 2569 1493; x_wconf 78' lang='lat' dir='ltr'>quibusque</span> <span class='ocrx_word' id='word_1_348' title='bbox 2585 1444 2637 1481; x_wconf 86' lang='lat' dir='ltr'>se</span> <span class='ocrx_word' id='word_1_349' title='bbox 2654 1432 2909 1481; x_wconf 80' lang='lat' dir='ltr'><strong>commisit.</strong></span> 
     </span>
    </p>

    <p class='ocr_par' dir='ltr' id='par_1_8' title="bbox 2184 1535 3754 3351">
     <span class='ocr_line' id='line_1_48' title="bbox 2244 1535 3739 1598; baseline 0.002 -13"><span class='ocrx_word' id='word_1_350' title='bbox 2244 1538 2392 1585; x_wconf 81' lang='lat' dir='ltr'><strong>xxx.</strong></span> <span class='ocrx_word' id='word_1_351' title='bbox 2425 1536 2708 1598; x_wconf 82' lang='lat' dir='ltr'><strong>Complures</strong></span> <span class='ocrx_word' id='word_1_352' title='bbox 2736 1539 2854 1585; x_wconf 86' lang='lat' dir='ltr'><strong>tunc</strong></span> <span class='ocrx_word' id='word_1_353' title='bbox 2879 1535 3132 1585; x_wconf 71' lang='lat' dir='ltr'>seditiones</span> <span class='ocrx_word' id='word_1_354' title='bbox 3156 1548 3403 1585; x_wconf 75' lang='lat' dir='ltr'><strong>servorum</strong></span> <span class='ocrx_word' id='word_1_355' title='bbox 3439 1541 3739 1588; x_wconf 80' lang='lat' dir='ltr'><strong>exarserunt.</strong></span> 
     </span>
     <span class='ocr_line' id='line_1_49' title="bbox 2185 1644 3744 1707; baseline 0.002 -15"><span class='ocrx_word' id='word_1_356' title='bbox 2185 1644 2344 1692; x_wconf 83' lang='lat' dir='ltr'><strong>Prima</strong></span> <span class='ocrx_word' id='word_1_357' title='bbox 2374 1644 2587 1694; x_wconf 69' lang='lat' dir='ltr'><strong>Nuceriae</strong></span> <span class='ocrx_word' id='word_1_358' title='bbox 2611 1644 2727 1705; x_wconf 72' lang='lat' dir='ltr'><strong>tuit,</strong></span> <span class='ocrx_word' id='word_1_359' title='bbox 2752 1644 2834 1693; x_wconf 91' lang='lat' dir='ltr'>ubi</span> <span class='ocrx_word' id='word_1_360' title='bbox 2854 1644 3048 1707; x_wconf 75' lang='lat' dir='ltr'><strong>triginta</strong></span> <span class='ocrx_word' id='word_1_361' title='bbox 3070 1644 3195 1693; x_wconf 78' lang='lat' dir='ltr'><strong>servi</strong></span> <span class='ocrx_word' id='word_1_362' title='bbox 3220 1644 3602 1706; x_wconf 74' lang='lat' dir='ltr'><strong>coniurationem</strong></span> <span class='ocrx_word' id='word_1_363' title='bbox 3623 1646 3744 1695; x_wconf 79' lang='lat' dir='ltr'><strong>inter</strong></span> 
     </span>
     <span class='ocr_line' id='line_1_50' title="bbox 2184 1755 3741 1829; baseline 0 -23"><span class='ocrx_word' id='word_1_364' title='bbox 2184 1771 2236 1806; x_wconf 88' lang='lat' dir='ltr'>se</span> <span class='ocrx_word' id='word_1_365' title='bbox 2256 1757 2498 1816; x_wconf 79' lang='lat' dir='ltr'><strong>fecerunt,</strong></span> <span class='ocrx_word' id='word_1_366' title='bbox 2521 1755 2604 1805; x_wconf 88' lang='lat' dir='ltr'>sed</span> <span class='ocrx_word' id='word_1_367' title='bbox 2623 1769 2736 1804; x_wconf 85' lang='lat' dir='ltr'>mox</span> <span class='ocrx_word' id='word_1_368' title='bbox 2758 1768 2921 1818; x_wconf 85' lang='lat' dir='ltr'><strong>poenas</strong></span> <span class='ocrx_word' id='word_1_369' title='bbox 2942 1755 3131 1829; x_wconf 73' lang='lat' dir='ltr'><strong>dedere.</strong></span> <span class='ocrx_word' id='word_1_370' title='bbox 3195 1756 3415 1805; x_wconf 87' lang='lat' dir='ltr'><strong>Secunda</strong></span> <span class='ocrx_word' id='word_1_371' title='bbox 3435 1757 3622 1806; x_wconf 80' lang='lat' dir='ltr'><strong>exstitit</strong></span> <span class='ocrx_word' id='word_1_372' title='bbox 3649 1760 3741 1807; x_wconf 87' lang='lat' dir='ltr'><strong>Ca-</strong></span> 
     </span>
     <span class='ocr_line' id='line_1_51' title="bbox 2186 1864 3741 1928; baseline 0 -14"><span class='ocrx_word' id='word_1_373' title='bbox 2186 1878 2312 1928; x_wconf 77' lang='lat' dir='ltr'><strong>puae,</strong></span> <span class='ocrx_word' id='word_1_374' title='bbox 2324 1864 2406 1913; x_wconf 86' lang='lat' dir='ltr'>ubi</span> <span class='ocrx_word' id='word_1_375' title='bbox 2417 1864 2542 1914; x_wconf 81' lang='lat' dir='ltr'><strong>servi</strong></span> <span class='ocrx_word' id='word_1_376' title='bbox 2564 1864 2756 1913; x_wconf 85' lang='lat' dir='ltr'><strong>ducenti</strong></span> <span class='ocrx_word' id='word_1_377' title='bbox 2772 1864 3086 1925; x_wconf 82' lang='lat' dir='ltr'><strong>rebellarunt,</strong></span> <span class='ocrx_word' id='word_1_378' title='bbox 3108 1866 3159 1912; x_wconf 82' lang='lat' dir='ltr'>at</span> <span class='ocrx_word' id='word_1_379' title='bbox 3173 1877 3286 1913; x_wconf 86' lang='lat' dir='ltr'>mox</span> <span class='ocrx_word' id='word_1_380' title='bbox 3310 1864 3423 1913; x_wconf 86' lang='lat' dir='ltr'><strong>item</strong></span> <span class='ocrx_word' id='word_1_381' title='bbox 3438 1865 3596 1926; x_wconf 85' lang='lat' dir='ltr'><strong>puniti</strong></span> <span class='ocrx_word' id='word_1_382' title='bbox 3614 1870 3741 1916; x_wconf 79' lang='lat' dir='ltr'><strong>sunt.</strong></span> 
     </span>
     <span class='ocr_line' id='line_1_52' title="bbox 2185 1974 3746 2038; baseline -0.001 -11"><span class='ocrx_word' id='word_1_383' title='bbox 2185 1977 2347 2027; x_wconf 79' lang='lat' dir='ltr'><strong>Tertia</strong></span> <span class='ocrx_word' id='word_1_384' title='bbox 2369 1990 2399 2025; x_wconf 83' lang='lat' dir='ltr'><strong>a</strong></span> <span class='ocrx_word' id='word_1_385' title='bbox 2421 1976 2614 2038; x_wconf 87' lang='lat' dir='ltr'><strong>reliquis</strong></span> <span class='ocrx_word' id='word_1_386' title='bbox 2634 1989 2743 2037; x_wconf 79' lang='lat' dir='ltr'><strong>quoe</strong></span> <span class='ocrx_word' id='word_1_387' title='bbox 2775 1975 2878 2024; x_wconf 75' lang='lat' dir='ltr'><strong>{ieri</strong></span> <span class='ocrx_word' id='word_1_388' title='bbox 2901 1975 3118 2026; x_wconf 68' lang='lat' dir='ltr'><strong>mlebant</strong></span> <span class='ocrx_word' id='word_1_389' title='bbox 3139 1974 3282 2037; x_wconf 84' lang='lat' dir='ltr'><strong>plane</strong></span> <span class='ocrx_word' id='word_1_390' title='bbox 3306 1975 3532 2025; x_wconf 73' lang='lat' dir='ltr'><strong>disserens</strong></span> <span class='ocrx_word' id='word_1_391' title='bbox 3567 1977 3746 2026; x_wconf 86' lang='lat' dir='ltr'><strong>mirum</strong></span> 
     </span>
     <span class='ocr_line' id='line_1_53' title="bbox 2187 2083 3743 2149; baseline 0.003 -16"><span class='ocrx_word' id='word_1_392' title='bbox 2187 2086 2237 2134; x_wconf 90' lang='lat' dir='ltr'>in</span> <span class='ocrx_word' id='word_1_393' title='bbox 2259 2084 2458 2135; x_wconf 82' lang='lat' dir='ltr'><strong>modum</strong></span> <span class='ocrx_word' id='word_1_394' title='bbox 2476 2084 2665 2134; x_wconf 87' lang='lat' dir='ltr'><strong>accidit.</strong></span> <span class='ocrx_word' id='word_1_395' title='bbox 2729 2085 2866 2134; x_wconf 81' lang='lat' dir='ltr'><strong>Titus</strong></span> <span class='ocrx_word' id='word_1_396' title='bbox 2887 2083 3082 2146; x_wconf 86' lang='lat' dir='ltr'><strong>quidam</strong></span> <span class='ocrx_word' id='word_1_397' title='bbox 3107 2084 3297 2134; x_wconf 85' lang='lat' dir='ltr'><strong>Vettius</strong></span> <span class='ocrx_word' id='word_1_398' title='bbox 3317 2089 3453 2149; x_wconf 86' lang='lat' dir='ltr'><strong>erat,</strong></span> <span class='ocrx_word' id='word_1_399' title='bbox 3470 2099 3624 2149; x_wconf 75' lang='lat' dir='ltr'><strong>eques</strong></span> <span class='ocrx_word' id='word_1_400' title='bbox 3648 2090 3743 2137; x_wconf 83' lang='lat' dir='ltr'><strong>Ro-</strong></span> 
     </span>
     <span class='ocr_line' id='line_1_54' title="bbox 2190 2194 3743 2258; baseline 0.003 -15"><span class='ocrx_word' id='word_1_401' title='bbox 2190 2208 2382 2256; x_wconf 79' lang='lat' dir='ltr'><strong>manus,</strong></span> <span class='ocrx_word' id='word_1_402' title='bbox 2403 2198 2536 2258; x_wconf 83' lang='lat' dir='ltr'><strong>patre</strong></span> <span class='ocrx_word' id='word_1_403' title='bbox 2552 2198 2696 2244; x_wconf 80' lang='lat' dir='ltr'><strong>natus</strong></span> <span class='ocrx_word' id='word_1_404' title='bbox 2710 2194 2959 2244; x_wconf 81' lang='lat' dir='ltr'><strong>ditissimo.</strong></span> <span class='ocrx_word' id='word_1_405' title='bbox 3020 2197 3069 2246; x_wconf 80' lang='lat' dir='ltr'>Is</span> <span class='ocrx_word' id='word_1_406' title='bbox 3083 2231 3097 2257; x_wconf 91' lang='lat'>,</span> <span class='ocrx_word' id='word_1_407' title='bbox 3115 2194 3304 2256; x_wconf 76' lang='lat' dir='ltr'><strong>iuvenis</strong></span> <span class='ocrx_word' id='word_1_408' title='bbox 3335 2195 3602 2245; x_wconf 84' lang='lat' dir='ltr'>admodum</span> <span class='ocrx_word' id='word_1_409' title='bbox 3623 2233 3639 2258; x_wconf 93' lang='lat'>‚</span> <span class='ocrx_word' id='word_1_410' title='bbox 3675 2198 3743 2247; x_wconf 84' lang='lat' dir='ltr'><strong>fa·</strong></span> 
     </span>
     <span class='ocr_line' id='line_1_55' title="bbox 2192 2305 3748 2369; baseline 0.003 -16"><span class='ocrx_word' id='word_1_411' title='bbox 2192 2306 2338 2354; x_wconf 78' lang='lat' dir='ltr'><strong>mulae</strong></span> <span class='ocrx_word' id='word_1_412' title='bbox 2365 2305 2560 2365; x_wconf 75' lang='lat' dir='ltr'><strong>alienae,</strong></span> <span class='ocrx_word' id='word_1_413' title='bbox 2597 2305 2844 2367; x_wconf 79' lang='lat' dir='ltr'><strong>insigniter</strong></span> <span class='ocrx_word' id='word_1_414' title='bbox 2863 2306 3101 2368; x_wconf 73' lang='lat' dir='ltr'><strong>sormosae,</strong></span> <span class='ocrx_word' id='word_1_415' title='bbox 3128 2317 3291 2355; x_wconf 84' lang='lat' dir='ltr'><strong>amore</strong></span> <span class='ocrx_word' id='word_1_416' title='bbox 3313 2307 3480 2369; x_wconf 81' lang='lat' dir='ltr'><strong>captus</strong></span> <span class='ocrx_word' id='word_1_417' title='bbox 3513 2309 3608 2356; x_wconf 87' lang='lat' dir='ltr'><strong>est.</strong></span> <span class='ocrx_word' id='word_1_418' title='bbox 3690 2310 3748 2357; x_wconf 83' lang='lat' dir='ltr'>Et</span> 
     </span>
     <span class='ocr_line' id='line_1_56' title="bbox 2190 2419 3747 2485; baseline 0.003 -17"><span class='ocrx_word' id='word_1_419' title='bbox 2190 2420 2410 2481; x_wconf 79' lang='lat' dir='ltr'><strong>amplexu</strong></span> <span class='ocrx_word' id='word_1_420' title='bbox 2434 2419 2538 2481; x_wconf 80' lang='lat' dir='ltr'><strong>ejus</strong></span> <span class='ocrx_word' id='word_1_421' title='bbox 2553 2421 2730 2485; x_wconf 78' lang='lat' dir='ltr'><strong>potitus</strong></span> <span class='ocrx_word' id='word_1_422' title='bbox 2746 2420 2795 2469; x_wconf 87' lang='lat' dir='ltr'>et</span> <span class='ocrx_word' id='word_1_423' title='bbox 2817 2432 2904 2482; x_wconf 87' lang='lat' dir='ltr'>per</span> <span class='ocrx_word' id='word_1_424' title='bbox 2920 2421 3111 2482; x_wconf 83' lang='lat' dir='ltr'><strong>tempus</strong></span> <span class='ocrx_word' id='word_1_425' title='bbox 3129 2420 3324 2482; x_wconf 83' lang='lat' dir='ltr'><strong>aliquod</strong></span> <span class='ocrx_word' id='word_1_426' title='bbox 3343 2433 3451 2469; x_wconf 84' lang='lat' dir='ltr'>cum</span> <span class='ocrx_word' id='word_1_427' title='bbox 3475 2435 3531 2470; x_wconf 79' lang='lat' dir='ltr'>ea</span> <span class='ocrx_word' id='word_1_428' title='bbox 3549 2434 3747 2473; x_wconf 84' lang='lat' dir='ltr'><strong>consue·</strong></span> 
     </span>
     <span class='ocr_line' id='line_1_57' title="bbox 2191 2525 3744 2591; baseline 0.002 -16"><span class='ocrx_word' id='word_1_429' title='bbox 2191 2539 2342 2588; x_wconf 85' lang='lat' dir='ltr'><strong>scens,</strong></span> <span class='ocrx_word' id='word_1_430' title='bbox 2363 2525 2562 2575; x_wconf 80' lang='lat' dir='ltr'><strong>mirifice</strong></span> <span class='ocrx_word' id='word_1_431' title='bbox 2579 2526 2787 2588; x_wconf 80' lang='lat' dir='ltr'><strong>puellam</strong></span> <span class='ocrx_word' id='word_1_432' title='bbox 2797 2527 2846 2575; x_wconf 86' lang='lat' dir='ltr'>et</span> <span class='ocrx_word' id='word_1_433' title='bbox 2864 2526 2923 2575; x_wconf 80' lang='lat' dir='ltr'><strong>ad</strong></span> <span class='ocrx_word' id='word_1_434' title='bbox 2939 2525 3171 2576; x_wconf 81' lang='lat' dir='ltr'><strong>insaniam</strong></span> <span class='ocrx_word' id='word_1_435' title='bbox 3186 2539 3337 2589; x_wconf 84' lang='lat' dir='ltr'><strong>usque</strong></span> <span class='ocrx_word' id='word_1_436' title='bbox 3351 2527 3564 2589; x_wconf 83' lang='lat' dir='ltr'><strong>deperire</strong></span> <span class='ocrx_word' id='word_1_437' title='bbox 3581 2528 3744 2591; x_wconf 79' lang='lat' dir='ltr'><strong>coepit.</strong></span> 
     </span>
     <span class='ocr_line' id='line_1_58' title="bbox 2193 2634 3749 2699; baseline 0.004 -18"><span class='ocrx_word' id='word_1_438' title='bbox 2193 2638 2298 2691; x_wconf 81' lang='lat' dir='ltr'>Qua</span> <span class='ocrx_word' id='word_1_439' title='bbox 2316 2634 2491 2683; x_wconf 83' lang='lat' dir='ltr'><strong>amoris</strong></span> <span class='ocrx_word' id='word_1_440' title='bbox 2512 2634 2813 2684; x_wconf 70' lang='lat' dir='ltr'><strong>vehementia</strong></span> <span class='ocrx_word' id='word_1_441' title='bbox 2843 2634 3078 2696; x_wconf 78' lang='lat' dir='ltr'><strong>impulsus</strong></span> <span class='ocrx_word' id='word_1_442' title='bbox 3098 2649 3248 2697; x_wconf 85' lang='lat' dir='ltr'><strong>quum</strong></span> <span class='ocrx_word' id='word_1_443' title='bbox 3273 2636 3504 2687; x_wconf 77' lang='lat' dir='ltr'><strong>redimere</strong></span> <span class='ocrx_word' id='word_1_444' title='bbox 3535 2639 3749 2699; x_wconf 81' lang='lat' dir='ltr'><strong>pueliam</strong></span> 
     </span>
     <span class='ocr_line' id='line_1_59' title="bbox 2191 2742 3750 2809; baseline 0.004 -18"><span class='ocrx_word' id='word_1_445' title='bbox 2191 2744 2335 2792; x_wconf 80' lang='lat' dir='ltr'><strong>vellet</strong></span> <span class='ocrx_word' id='word_1_446' title='bbox 2347 2779 2362 2804; x_wconf 89' lang='lat'>‚</span> <span class='ocrx_word' id='word_1_447' title='bbox 2384 2743 2517 2792; x_wconf 90' lang='lat' dir='ltr'><strong>initio</strong></span> <span class='ocrx_word' id='word_1_448' title='bbox 2530 2742 2779 2792; x_wconf 89' lang='lat' dir='ltr'><strong>dominum</strong></span> <span class='ocrx_word' id='word_1_449' title='bbox 2802 2743 3153 2805; x_wconf 77' lang='lat' dir='ltr'><strong>obstrepentem</strong></span> <span class='ocrx_word' id='word_1_450' title='bbox 3170 2744 3352 2805; x_wconf 83' lang='lat' dir='ltr'><strong>babuit,</strong></span> <span class='ocrx_word' id='word_1_451' title='bbox 3374 2758 3488 2794; x_wconf 80' lang='lat' dir='ltr'>mox</span> <span class='ocrx_word' id='word_1_452' title='bbox 3505 2748 3750 2809; x_wconf 77' lang='lat' dir='ltr'><strong>magnitu-</strong></span> 
     </span>
     <span class='ocr_line' id='line_1_60' title="bbox 2192 2851 3750 2913; baseline 0.003 -12"><span class='ocrx_word' id='word_1_453' title='bbox 2192 2852 2301 2901; x_wconf 79' lang='lat' dir='ltr'><strong>dine</strong></span> <span class='ocrx_word' id='word_1_454' title='bbox 2324 2852 2462 2913; x_wconf 83' lang='lat' dir='ltr'><strong>pretii</strong></span> <span class='ocrx_word' id='word_1_455' title='bbox 2483 2864 2595 2901; x_wconf 88' lang='lat' dir='ltr'>eum</span> <span class='ocrx_word' id='word_1_456' title='bbox 2615 2851 2893 2900; x_wconf 79' lang='lat' dir='ltr'><strong>demulcens</strong></span> <span class='ocrx_word' id='word_1_457' title='bbox 2914 2851 3033 2900; x_wconf 89' lang='lat' dir='ltr'><strong>emit</strong></span> <span class='ocrx_word' id='word_1_458' title='bbox 3052 2851 3262 2913; x_wconf 80' lang='lat' dir='ltr'>puellam</span> <span class='ocrx_word' id='word_1_459' title='bbox 3278 2853 3468 2902; x_wconf 85' lang='lat' dir='ltr'><strong>talentis</strong></span> <span class='ocrx_word' id='word_1_460' title='bbox 3485 2856 3665 2905; x_wconf 78' lang='lat' dir='ltr'><strong>Atticis</strong></span> <span class='ocrx_word' id='word_1_461' title='bbox 3685 2870 3750 2906; x_wconf 82' lang='lat' dir='ltr'>se·</span> 
     </span>
     <span class='ocr_line' id='line_1_61' title="bbox 2193 2958 3752 3022; baseline 0.001 -14"><span class='ocrx_word' id='word_1_462' title='bbox 2193 2962 2342 3021; x_wconf 85' lang='lat' dir='ltr'><strong>ptem,</strong></span> <span class='ocrx_word' id='word_1_463' title='bbox 2360 2962 2640 3021; x_wconf 84' lang='lat' dir='ltr'><strong>certumque</strong></span> <span class='ocrx_word' id='word_1_464' title='bbox 2662 2958 2904 3008; x_wconf 81' lang='lat' dir='ltr'><strong>solvendae</strong></span> <span class='ocrx_word' id='word_1_465' title='bbox 2922 2959 3135 3022; x_wconf 67' lang='lat' dir='ltr'><strong>pecuniae</strong></span> <span class='ocrx_word' id='word_1_466' title='bbox 3149 2958 3274 3009; x_wconf 91' lang='lat' dir='ltr'><strong>diem</strong></span> <span class='ocrx_word' id='word_1_467' title='bbox 3295 2959 3560 3009; x_wconf 84' lang='lat' dir='ltr'><strong>constituit.</strong></span> <span class='ocrx_word' id='word_1_468' title='bbox 3582 2960 3752 3010; x_wconf 81' lang='lat' dir='ltr'><strong>Fidem</strong></span> 
     </span>
     <span class='ocr_line' id='line_1_62' title="bbox 2193 3068 3750 3132; baseline 0 -14"><span class='ocrx_word' id='word_1_469' title='bbox 2193 3069 2480 3119; x_wconf 83' lang='lat' dir='ltr'><strong>conciliabat</strong></span> <span class='ocrx_word' id='word_1_470' title='bbox 2496 3069 2855 3132; x_wconf 78' lang='lat' dir='ltr'><strong>patrimonium.</strong></span> <span class='ocrx_word' id='word_1_471' title='bbox 2938 3071 3110 3131; x_wconf 83' lang='lat' dir='ltr'><strong>ltaque</strong></span> <span class='ocrx_word' id='word_1_472' title='bbox 3143 3082 3331 3118; x_wconf 81' lang='lat' dir='ltr'><strong>servam</strong></span> <span class='ocrx_word' id='word_1_473' title='bbox 3349 3068 3579 3129; x_wconf 79' lang='lat' dir='ltr'><strong>abduxit,</strong></span> <span class='ocrx_word' id='word_1_474' title='bbox 3619 3072 3672 3120; x_wconf 85' lang='lat' dir='ltr'>et</span> <span class='ocrx_word' id='word_1_475' title='bbox 3703 3070 3750 3118; x_wconf 86' lang='lat' dir='ltr'>in</span> 
     </span>
     <span class='ocr_line' id='line_1_63' title="bbox 2194 3176 3749 3240; baseline 0.002 -15"><span class='ocrx_word' id='word_1_476' title='bbox 2194 3190 2346 3226; x_wconf 90' lang='lat' dir='ltr'><strong>unum</strong></span> <span class='ocrx_word' id='word_1_477' title='bbox 2380 3190 2441 3226; x_wconf 85' lang='lat' dir='ltr'>ex</span> <span class='ocrx_word' id='word_1_478' title='bbox 2465 3177 2590 3240; x_wconf 85' lang='lat' dir='ltr'><strong>agris</strong></span> <span class='ocrx_word' id='word_1_479' title='bbox 2608 3177 2819 3240; x_wconf 81' lang='lat' dir='ltr'><strong>paternis</strong></span> <span class='ocrx_word' id='word_1_480' title='bbox 2851 3190 2903 3227; x_wconf 85' lang='lat' dir='ltr'>se</span> <span class='ocrx_word' id='word_1_481' title='bbox 2928 3177 3223 3226; x_wconf 82' lang='lat' dir='ltr'><strong>abscondens</strong></span> <span class='ocrx_word' id='word_1_482' title='bbox 3258 3176 3501 3227; x_wconf 81' lang='lat' dir='ltr'><strong>libidinem</strong></span> <span class='ocrx_word' id='word_1_483' title='bbox 3538 3179 3749 3230; x_wconf 77' lang='lat' dir='ltr'><strong>satiavit.</strong></span> 
     </span>
     <span class='ocr_line' id='line_1_64' title="bbox 2194 3252 3754 3351; baseline 0 -13"><span class='ocrx_word' id='word_1_484' title='bbox 2194 3292 2306 3339; x_wconf 81' lang='lat' dir='ltr'><strong>Mox</strong></span> <span class='ocrx_word' id='word_1_485' title='bbox 2329 3301 2480 3351; x_wconf 85' lang='lat' dir='ltr'><strong>quum</strong></span> <span class='ocrx_word' id='word_1_486' title='bbox 2504 3287 2604 3337; x_wconf 83' lang='lat' dir='ltr'><strong>dies</strong></span> <span class='ocrx_word' id='word_1_487' title='bbox 2632 3287 2845 3350; x_wconf 67' lang='lat' dir='ltr'><strong>pecuniae</strong></span> <span class='ocrx_word' id='word_1_488' title='bbox 2876 3286 3118 3337; x_wconf 75' lang='lat' dir='ltr'><strong>solvendae</strong></span> <span class='ocrx_word' id='word_1_489' title='bbox 3152 3252 3362 3348; x_wconf 62' lang='lat' dir='ltr'><strong>adesset,</strong></span> <span class='ocrx_word' id='word_1_490' title='bbox 3395 3290 3642 3338; x_wconf 72' lang='lat' dir='ltr'><strong>venerunt</strong></span> <span class='ocrx_word' id='word_1_491' title='bbox 3669 3289 3754 3351; x_wconf 84' lang='lat' dir='ltr'>qui</span> 
     </span>
    </p>
   </div>
   <div class='ocr_carea' id='block_1_6' title="bbox 2193 3396 3755 3666">
    <p class='ocr_par' dir='ltr' id='par_1_9' title="bbox 2193 3396 3755 3666">
     <span class='ocr_line' id='line_1_65' title="bbox 2194 3396 3752 3463; baseline -0.001 -15"><span class='ocrx_word' id='word_1_492' title='bbox 2194 3401 2400 3463; x_wconf 85' lang='lat' dir='ltr'><strong>pretium</strong></span> <span class='ocrx_word' id='word_1_493' title='bbox 2414 3399 2669 3461; x_wconf 81' lang='lat' dir='ltr'><strong>exigerent.</strong></span> <span class='ocrx_word' id='word_1_494' title='bbox 2694 3399 2780 3448; x_wconf 81' lang='lat' dir='ltr'><strong>ille</strong></span> <span class='ocrx_word' id='word_1_495' title='bbox 2802 3398 2850 3446; x_wconf 90' lang='lat' dir='ltr'>in</span> <span class='ocrx_word' id='word_1_496' title='bbox 2869 3397 3162 3459; x_wconf 63' lang='lat' dir='ltr'><strong>trigesimum</strong></span> <span class='ocrx_word' id='word_1_497' title='bbox 3182 3396 3293 3446; x_wconf 86' lang='lat' dir='ltr'><strong>inde</strong></span> <span class='ocrx_word' id='word_1_498' title='bbox 3309 3396 3435 3445; x_wconf 86' lang='lat' dir='ltr'><strong>diem</strong></span> <span class='ocrx_word' id='word_1_499' title='bbox 3457 3397 3752 3446; x_wconf 88' lang='lat' dir='ltr'><strong>solutionem</strong></span> 
     </span>
     <span class='ocr_line' id='line_1_66' title="bbox 2193 3480 3755 3564; baseline -0.003 -10"><span class='ocrx_word' id='word_1_500' title='bbox 2193 3503 2390 3554; x_wconf 78' lang='lat' dir='ltr'><strong>remisit.</strong></span> <span class='ocrx_word' id='word_1_501' title='bbox 2416 3504 2477 3552; x_wconf 82' lang='lat' dir='ltr'>Et</span> <span class='ocrx_word' id='word_1_502' title='bbox 2497 3515 2647 3563; x_wconf 87' lang='lat' dir='ltr'><strong>quum</strong></span> <span class='ocrx_word' id='word_1_503' title='bbox 2666 3501 2809 3550; x_wconf 87' lang='lat' dir='ltr'><strong>etiam</strong></span> <span class='ocrx_word' id='word_1_504' title='bbox 2835 3480 2952 3550; x_wconf 75' lang='lat' dir='ltr'><strong>tunc</strong></span> <span class='ocrx_word' id='word_1_505' title='bbox 2964 3500 3194 3550; x_wconf 83' lang='lat' dir='ltr'><strong>solvendo</strong></span> <span class='ocrx_word' id='word_1_506' title='bbox 3216 3512 3312 3548; x_wconf 89' lang='lat' dir='ltr'><strong>non</strong></span> <span class='ocrx_word' id='word_1_507' title='bbox 3330 3502 3482 3561; x_wconf 81' lang='lat' dir='ltr'><strong>esset,</strong></span> <span class='ocrx_word' id='word_1_508' title='bbox 3509 3499 3755 3564; x_wconf 86' lang='lat' dir='ltr'><strong>simulque</strong></span> 
     </span>
     <span class='ocr_line' id='line_1_67' title="bbox 2193 3602 3755 3666; baseline -0.001 -12"><span class='ocrx_word' id='word_1_509' title='bbox 2193 3606 2369 3656; x_wconf 82' lang='lat' dir='ltr'><strong>amoris</strong></span> <span class='ocrx_word' id='word_1_510' title='bbox 2382 3606 2430 3653; x_wconf 78' lang='lat' dir='ltr'>vi</span> <span class='ocrx_word' id='word_1_511' title='bbox 2445 3604 2672 3654; x_wconf 87' lang='lat' dir='ltr'><strong>subactus</strong></span> <span class='ocrx_word' id='word_1_512' title='bbox 2681 3605 2940 3666; x_wconf 82' lang='lat' dir='ltr'><strong>teneretur,</strong></span> <span class='ocrx_word' id='word_1_513' title='bbox 2955 3603 3137 3653; x_wconf 76' lang='lat' dir='ltr'><strong>facinus</strong></span> <span class='ocrx_word' id='word_1_514' title='bbox 3150 3602 3338 3651; x_wconf 82' lang='lat' dir='ltr'><strong>tandem</strong></span> <span class='ocrx_word' id='word_1_515' title='bbox 3349 3602 3557 3652; x_wconf 83' lang='lat' dir='ltr'><strong>insolens</strong></span> <span class='ocrx_word' id='word_1_516' title='bbox 3569 3616 3755 3666; x_wconf 76' lang='lat' dir='ltr'><strong>aggres-</strong></span> 
     </span>
    </p>
   </div>
   <div class='ocr_carea' id='block_1_7' title="bbox 554 3711 3758 5295">
    <p class='ocr_par' dir='ltr' id='par_1_10' title="bbox 566 3711 3742 3733">
     <span class='ocr_line' id='line_1_68' title="bbox 566 3711 3742 3733; baseline -0.003 -4"><span class='ocrx_word' id='word_1_517' title='bbox 566 3711 3742 3733; x_wconf 54' lang='grc' dir='ltr'><strong><em>Μ</em></strong></span> 
     </span>
    </p>

    <p class='ocr_par' dir='ltr' id='par_1_11' title="bbox 554 3760 3757 3899">
     <span class='ocr_line' id='line_1_69' title="bbox 616 3760 3757 3831; baseline -0.001 -17"><span class='ocrx_word' id='word_1_518' title='bbox 616 3770 833 3816; x_wconf 81' lang='lat' dir='ltr'><strong>xxviii.</strong></span> <span class='ocrx_word' id='word_1_519' title='bbox 870 3767 976 3818; x_wconf 80' lang='lat' dir='ltr'><strong>Fol.</strong></span> <span class='ocrx_word' id='word_1_520' title='bbox 1019 3776 1130 3827; x_wconf 80' lang='lat'>185,</span> <span class='ocrx_word' id='word_1_521' title='bbox 1156 3775 1215 3817; x_wconf 84' lang='lat'>22</span> <span class='ocrx_word' id='word_1_522' title='bbox 1233 3795 1296 3805; x_wconf 90' lang='lat'><em>-</em></span> <span class='ocrx_word' id='word_1_523' title='bbox 1316 3775 1374 3817; x_wconf 82' lang='lat'>26</span> <span class='ocrx_word' id='word_1_524' title='bbox 1398 3781 1441 3816; x_wconf 87' lang='lat' dir='ltr'>r.</span> <span class='ocrx_word' id='word_1_525' title='bbox 1479 3769 1771 3831; x_wconf 75' lang='grc' dir='ltr'>Ἰογόρθας</span> <span class='ocrx_word' id='word_1_526' title='bbox 1798 3765 2032 3829; x_wconf 71' lang='grc' dir='ltr'>ἕτερος]</span> <span class='ocrx_word' id='word_1_527' title='bbox 2060 3767 2342 3815; x_wconf 75' lang='lat' dir='ltr'><strong>Massivam</strong></span> <span class='ocrx_word' id='word_1_528' title='bbox 2371 3761 2578 3825; x_wconf 84' lang='lat' dir='ltr'><strong>appellat</strong></span> <span class='ocrx_word' id='word_1_529' title='bbox 2606 3761 2800 3811; x_wconf 85' lang='lat' dir='ltr'><strong>Sallust.</strong></span> <span class='ocrx_word' id='word_1_530' title='bbox 2819 3763 2928 3826; x_wconf 76' lang='lat' dir='ltr'><strong>Jug.</strong></span> <span class='ocrx_word' id='word_1_531' title='bbox 2951 3765 3040 3820; x_wconf 73' lang='lat'>353</span> <span class='ocrx_word' id='word_1_532' title='bbox 3071 3760 3172 3808; x_wconf 82' lang='lat' dir='ltr'><strong>Liv.</strong></span> <span class='ocrx_word' id='word_1_533' title='bbox 3198 3762 3284 3821; x_wconf 80' lang='lat' dir='ltr'><strong>Ep.</strong></span> <span class='ocrx_word' id='word_1_534' title='bbox 3306 3763 3385 3810; x_wconf 70' lang='grc'>64.</span> <span class='ocrx_word' id='word_1_535' title='bbox 3411 3761 3757 3821; x_wconf 80' lang='lat' dir='ltr'><strong>Fragmentum</strong></span> 
     </span>
     <span class='ocr_line' id='line_1_70' title="bbox 554 3837 1630 3899; baseline 0.001 -14"><span class='ocrx_word' id='word_1_536' title='bbox 554 3850 676 3899; x_wconf 83' lang='lat' dir='ltr'><strong>pone</strong></span> <span class='ocrx_word' id='word_1_537' title='bbox 695 3842 799 3898; x_wconf 84' lang='lat' dir='ltr'><strong>post</strong></span> <span class='ocrx_word' id='word_1_538' title='bbox 820 3837 900 3886; x_wconf 92' lang='lat' dir='ltr'><strong>lib.</strong></span> <span class='ocrx_word' id='word_1_539' title='bbox 928 3841 1146 3897; x_wconf 79' lang='lat' dir='ltr'><strong>xxxiv,</strong></span> <span class='ocrx_word' id='word_1_540' title='bbox 1166 3852 1209 3886; x_wconf 88' lang='lat' dir='ltr'><strong>c.</strong></span> <span class='ocrx_word' id='word_1_541' title='bbox 1237 3843 1292 3888; x_wconf 85' lang='lat'>35</span> <span class='ocrx_word' id='word_1_542' title='bbox 1316 3838 1332 3898; x_wconf 85' lang='lat'><strong>(</strong></span> <span class='ocrx_word' id='word_1_543' title='bbox 1353 3844 1440 3888; x_wconf 84' lang='grc'>110</span> <span class='ocrx_word' id='word_1_544' title='bbox 1465 3852 1510 3887; x_wconf 85' lang='lat' dir='ltr'>a.</span> <span class='ocrx_word' id='word_1_545' title='bbox 1532 3840 1630 3898; x_wconf 87' lang='lat' dir='ltr'><strong>C.).</strong></span> 
     </span>
    </p>

    <p class='ocr_par' dir='ltr' id='par_1_12' title="bbox 555 3897 3755 4246">
     <span class='ocr_line' id='line_1_71' title="bbox 617 3897 3755 3969; baseline -0.002 -14"><span class='ocrx_word' id='word_1_546' title='bbox 617 3909 791 3956; x_wconf 78' lang='grc' dir='ltr'>ΧΧΙΧ.</span> <span class='ocrx_word' id='word_1_547' title='bbox 826 3908 936 3956; x_wconf 81' lang='lat' dir='ltr'><strong>Fol.</strong></span> <span class='ocrx_word' id='word_1_548' title='bbox 976 3913 1059 3957; x_wconf 84' lang='grc'>185</span> <span class='ocrx_word' id='word_1_549' title='bbox 1074 3943 1087 3965; x_wconf 85' lang='grc'>.</span> <span class='ocrx_word' id='word_1_550' title='bbox 1104 3913 1286 3957; x_wconf 74' lang='grc'>26-29</span> <span class='ocrx_word' id='word_1_551' title='bbox 1307 3920 1354 3957; x_wconf 81' lang='lat' dir='ltr'>r.</span> <span class='ocrx_word' id='word_1_552' title='bbox 1377 3909 1403 3955; x_wconf 84' lang='grc' dir='ltr'><strong>ὁ</strong></span> <span class='ocrx_word' id='word_1_553' title='bbox 1433 3908 1830 3969; x_wconf 71' lang='grc' dir='ltr'>πρεσὸύτερος</span> <span class='ocrx_word' id='word_1_554' title='bbox 1851 3901 2246 3967; x_wconf 71' lang='grc' dir='ltr'>Πτολεμαῖος]</span> <span class='ocrx_word' id='word_1_555' title='bbox 2270 3903 2558 3951; x_wconf 69' lang='lat' dir='ltr'><strong>Ptolemaeus</strong></span> <span class='ocrx_word' id='word_1_556' title='bbox 2574 3902 2690 3949; x_wconf 80' lang='lat' dir='ltr'><strong>vill</strong></span> <span class='ocrx_word' id='word_1_557' title='bbox 2710 3901 2848 3949; x_wconf 85' lang='lat' dir='ltr'><strong>Soter</strong></span> <span class='ocrx_word' id='word_1_558' title='bbox 2870 3901 2942 3958; x_wconf 81' lang='grc' dir='ltr'>ΙΙ,</span> <span class='ocrx_word' id='word_1_559' title='bbox 2961 3898 3087 3948; x_wconf 76' lang='lat' dir='ltr'><strong>filius</strong></span> <span class='ocrx_word' id='word_1_560' title='bbox 3115 3897 3357 3947; x_wconf 78' lang='lat' dir='ltr'><strong>Ptolemoei</strong></span> <span class='ocrx_word' id='word_1_561' title='bbox 3381 3900 3470 3946; x_wconf 86' lang='lat' dir='ltr'>Vll</span> <span class='ocrx_word' id='word_1_562' title='bbox 3489 3899 3675 3949; x_wconf 86' lang='lat' dir='ltr'><strong>Soteris</strong></span> <span class='ocrx_word' id='word_1_563' title='bbox 3707 3903 3755 3959; x_wconf 82' lang='grc' dir='ltr'>Ι,</span> 
     </span>
     <span class='ocr_line' id='line_1_72' title="bbox 555 3966 3753 4038; baseline -0.002 -15"><span class='ocrx_word' id='word_1_564' title='bbox 555 3976 701 4025; x_wconf 71' lang='lat' dir='ltr'><strong>frater</strong></span> <span class='ocrx_word' id='word_1_565' title='bbox 718 3976 874 4037; x_wconf 84' lang='lat' dir='ltr'><strong>major</strong></span> <span class='ocrx_word' id='word_1_566' title='bbox 897 3976 1150 4026; x_wconf 75' lang='lat' dir='ltr'><strong>Alexandri</strong></span> <span class='ocrx_word' id='word_1_567' title='bbox 1177 3981 1216 4026; x_wconf 87' lang='lat'><strong>1.</strong></span> <span class='ocrx_word' id='word_1_568' title='bbox 1246 3981 1291 4025; x_wconf 84' lang='lat' dir='ltr'>ls</span> <span class='ocrx_word' id='word_1_569' title='bbox 1310 3990 1452 4038; x_wconf 82' lang='lat' dir='ltr'><strong>regno</strong></span> <span class='ocrx_word' id='word_1_570' title='bbox 1476 3978 1641 4038; x_wconf 81' lang='lat' dir='ltr'><strong>pulsus</strong></span> <span class='ocrx_word' id='word_1_571' title='bbox 1666 3980 1681 4033; x_wconf 87' lang='lat'>(</span> <span class='ocrx_word' id='word_1_572' title='bbox 1704 3981 1785 4025; x_wconf 87' lang='lat'>107</span> <span class='ocrx_word' id='word_1_573' title='bbox 1812 3990 1858 4024; x_wconf 86' lang='lat' dir='ltr'>a.</span> <span class='ocrx_word' id='word_1_574' title='bbox 1882 3976 2004 4035; x_wconf 81' lang='grc'>0.),</span> <span class='ocrx_word' id='word_1_575' title='bbox 2025 3988 2052 4023; x_wconf 92' lang='lat' dir='ltr'>e</span> <span class='ocrx_word' id='word_1_576' title='bbox 2071 3977 2229 4034; x_wconf 79' lang='lat' dir='ltr'><strong>cypro</strong></span> <span class='ocrx_word' id='word_1_577' title='bbox 2247 4009 2262 4033; x_wconf 83' lang='lat'><em>,</em></span> <span class='ocrx_word' id='word_1_578' title='bbox 2288 3985 2436 4033; x_wconf 84' lang='lat' dir='ltr'><strong>quam</strong></span> <span class='ocrx_word' id='word_1_579' title='bbox 2455 3970 2727 4028; x_wconf 82' lang='lat' dir='ltr'><strong>obtinebat,</strong></span> <span class='ocrx_word' id='word_1_580' title='bbox 2752 3970 2800 4019; x_wconf 94' lang='lat' dir='ltr'>in</span> <span class='ocrx_word' id='word_1_581' title='bbox 2833 3970 3018 4030; x_wconf 81' lang='lat' dir='ltr'><strong>Syriam</strong></span> <span class='ocrx_word' id='word_1_582' title='bbox 3046 3968 3257 4028; x_wconf 80' lang='lat' dir='ltr'><strong>trajecit,</strong></span> <span class='ocrx_word' id='word_1_583' title='bbox 3279 3970 3336 4015; x_wconf 90' lang='lat' dir='ltr'>ut</span> <span class='ocrx_word' id='word_1_584' title='bbox 3360 3966 3592 4015; x_wconf 78' lang='lat' dir='ltr'><strong>Antiocho</strong></span> <span class='ocrx_word' id='word_1_585' title='bbox 3609 3968 3753 4030; x_wconf 75' lang='lat' dir='ltr'><strong>Cyzi-</strong></span> 
     </span>
     <span class='ocr_line' id='line_1_73' title="bbox 555 4036 3754 4106; baseline -0.001 -16"><span class='ocrx_word' id='word_1_586' title='bbox 555 4058 673 4093; x_wconf 67' lang='lat' dir='ltr'><strong>ceno</strong></span> <span class='ocrx_word' id='word_1_587' title='bbox 692 4048 860 4093; x_wconf 83' lang='lat' dir='ltr'><strong>contra</strong></span> <span class='ocrx_word' id='word_1_588' title='bbox 886 4045 1173 4093; x_wconf 75' lang='lat' dir='ltr'><strong>Antiochum</strong></span> <span class='ocrx_word' id='word_1_589' title='bbox 1194 4048 1407 4106; x_wconf 74' lang='lat' dir='ltr'><strong>Grypum</strong></span> <span class='ocrx_word' id='word_1_590' title='bbox 1429 4043 1741 4092; x_wconf 75' lang='lat' dir='ltr'><strong>auxiliaretur</strong></span> <span class='ocrx_word' id='word_1_591' title='bbox 1764 4044 1779 4103; x_wconf 94' lang='lat'>(</span> <span class='ocrx_word' id='word_1_592' title='bbox 1804 4050 1885 4092; x_wconf 83' lang='grc'>103</span> <span class='ocrx_word' id='word_1_593' title='bbox 1914 4056 1961 4092; x_wconf 87' lang='lat' dir='ltr'>a.</span> <span class='ocrx_word' id='word_1_594' title='bbox 1983 4046 2037 4091; x_wconf 88' lang='lat' dir='ltr'><strong>C.</strong></span> <span class='ocrx_word' id='word_1_595' title='bbox 2051 4041 2085 4100; x_wconf 90' lang='lat'><strong>).</strong></span> <span class='ocrx_word' id='word_1_596' title='bbox 2104 4046 2226 4098; x_wconf 79' lang='lat' dir='ltr'><strong>Quae</strong></span> <span class='ocrx_word' id='word_1_597' title='bbox 2245 4042 2294 4089; x_wconf 90' lang='lat' dir='ltr'>in</span> <span class='ocrx_word' id='word_1_598' title='bbox 2311 4042 2448 4103; x_wconf 82' lang='lat' dir='ltr'><strong>Syria</strong></span> <span class='ocrx_word' id='word_1_599' title='bbox 2464 4039 2656 4101; x_wconf 55' lang='lat' dir='ltr'><strong>gesserit</strong></span> <span class='ocrx_word' id='word_1_600' title='bbox 2678 4038 2964 4088; x_wconf 82' lang='lat' dir='ltr'><strong>Ptolemn·us</strong></span> <span class='ocrx_word' id='word_1_601' title='bbox 2988 4040 3150 4085; x_wconf 79' lang='lat' dir='ltr'><strong>narrat</strong></span> <span class='ocrx_word' id='word_1_602' title='bbox 3169 4036 3404 4098; x_wconf 83' lang='lat' dir='ltr'><strong>Josepbus</strong></span> <span class='ocrx_word' id='word_1_603' title='bbox 3422 4039 3528 4084; x_wconf 82' lang='lat' dir='ltr'><strong>xiil</strong></span> <span class='ocrx_word' id='word_1_604' title='bbox 3552 4071 3568 4096; x_wconf 94' lang='lat'>‚</span> <span class='ocrx_word' id='word_1_605' title='bbox 3598 4042 3656 4086; x_wconf 77' lang='lat'>12</span> <span class='ocrx_word' id='word_1_606' title='bbox 3671 4073 3685 4097; x_wconf 85' lang='lat'>,</span> <span class='ocrx_word' id='word_1_607' title='bbox 3706 4045 3754 4086; x_wconf 78' lang='grc'>3.</span> 
     </span>
     <span class='ocr_line' id='line_1_74' title="bbox 555 4104 3751 4174; baseline -0.003 -14"><span class='ocrx_word' id='word_1_608' title='bbox 555 4116 736 4162; x_wconf 79' lang='lat' dir='ltr'><strong>Verum</strong></span> <span class='ocrx_word' id='word_1_609' title='bbox 765 4113 825 4161; x_wconf 87' lang='lat' dir='ltr'>de</span> <span class='ocrx_word' id='word_1_610' title='bbox 844 4126 954 4174; x_wconf 83' lang='lat' dir='ltr'><strong>rege</strong></span> <span class='ocrx_word' id='word_1_611' title='bbox 971 4113 1019 4161; x_wconf 91' lang='lat' dir='ltr'>in</span> <span class='ocrx_word' id='word_1_612' title='bbox 1036 4113 1252 4163; x_wconf 85' lang='lat' dir='ltr'><strong>Seleucia</strong></span> <span class='ocrx_word' id='word_1_613' title='bbox 1271 4113 1388 4161; x_wconf 87' lang='lat' dir='ltr'><strong>urbe</strong></span> <span class='ocrx_word' id='word_1_614' title='bbox 1405 4112 1596 4160; x_wconf 79' lang='lat' dir='ltr'><strong>obsesso</strong></span> <span class='ocrx_word' id='word_1_615' title='bbox 1613 4112 1729 4160; x_wconf 88' lang='lat' dir='ltr'><strong>nibil</strong></span> <span class='ocrx_word' id='word_1_616' title='bbox 1752 4111 1818 4160; x_wconf 88' lang='lat' dir='ltr'>ibi</span> <span class='ocrx_word' id='word_1_617' title='bbox 1837 4111 2058 4160; x_wconf 85' lang='lat' dir='ltr'><strong>traditur.</strong></span> <span class='ocrx_word' id='word_1_618' title='bbox 2080 4112 2152 4157; x_wconf 89' lang='lat' dir='ltr'>De</span> <span class='ocrx_word' id='word_1_619' title='bbox 2174 4109 2468 4171; x_wconf 81' lang='lat' dir='ltr'><strong>temporibus</strong></span> <span class='ocrx_word' id='word_1_620' title='bbox 2485 4107 2588 4169; x_wconf 85' lang='lat' dir='ltr'><strong>ejus</strong></span> <span class='ocrx_word' id='word_1_621' title='bbox 2610 4121 2657 4155; x_wconf 79' lang='lat' dir='ltr'><strong>v.</strong></span> <span class='ocrx_word' id='word_1_622' title='bbox 2682 4107 3050 4169; x_wconf 85' lang='lat' dir='ltr'><strong>disputationem</strong></span> <span class='ocrx_word' id='word_1_623' title='bbox 3070 4104 3310 4155; x_wconf 88' lang='lat' dir='ltr'><strong>Letronnii</strong></span> <span class='ocrx_word' id='word_1_624' title='bbox 3329 4104 3378 4153; x_wconf 89' lang='lat' dir='ltr'>in</span> <span class='ocrx_word' id='word_1_625' title='bbox 3397 4107 3650 4166; x_wconf 77' lang='lat' dir='ltr'><strong>Inscripc.</strong></span> <span class='ocrx_word' id='word_1_626' title='bbox 3673 4118 3751 4168; x_wconf 73' lang='lat' dir='ltr'>qr.</span> 
     </span>
     <span class='ocr_line' id='line_1_75' title="bbox 555 4179 2369 4246; baseline -0.004 -13"><span class='ocrx_word' id='word_1_627' title='bbox 555 4186 618 4233; x_wconf 82' lang='lat' dir='ltr'>de</span> <span class='ocrx_word' id='word_1_628' title='bbox 640 4179 887 4246; x_wconf 73' lang='lat' dir='ltr'><strong>l&#39;qupte.</strong></span> <span class='ocrx_word' id='word_1_629' title='bbox 908 4187 1029 4232; x_wconf 88' lang='lat' dir='ltr'><strong>tom.</strong></span> <span class='ocrx_word' id='word_1_630' title='bbox 1052 4187 1103 4243; x_wconf 82' lang='lat'>1,</span> <span class='ocrx_word' id='word_1_631' title='bbox 1122 4197 1171 4245; x_wconf 85' lang='lat' dir='ltr'><strong>p.</strong></span> <span class='ocrx_word' id='word_1_632' title='bbox 1197 4188 1255 4233; x_wconf 80' lang='lat'>53</span> <span class='ocrx_word' id='word_1_633' title='bbox 1273 4196 1376 4245; x_wconf 81' lang='lat' dir='ltr'><strong>sqq.</strong></span> <span class='ocrx_word' id='word_1_634' title='bbox 1401 4186 1559 4232; x_wconf 83' lang='lat' dir='ltr'><strong>insere</strong></span> <span class='ocrx_word' id='word_1_635' title='bbox 1582 4183 1900 4244; x_wconf 77' lang='lat' dir='ltr'><strong>fragmentum</strong></span> <span class='ocrx_word' id='word_1_636' title='bbox 1923 4183 2031 4243; x_wconf 81' lang='lat' dir='ltr'><strong>post</strong></span> <span class='ocrx_word' id='word_1_637' title='bbox 2047 4182 2269 4241; x_wconf 79' lang='lat' dir='ltr'><strong>XXXW,</strong></span> <span class='ocrx_word' id='word_1_638' title='bbox 2292 4183 2369 4228; x_wconf 79' lang='grc'>39.</span> 
     </span>
    </p>

    <p class='ocr_par' dir='ltr' id='par_1_13' title="bbox 556 4244 3758 5295">
     <span class='ocr_line' id='line_1_76' title="bbox 617 4244 3754 4315; baseline -0.003 -12"><span class='ocrx_word' id='word_1_639' title='bbox 617 4258 763 4305; x_wconf 75' lang='lat' dir='ltr'><strong>xxx.</strong></span> <span class='ocrx_word' id='word_1_640' title='bbox 782 4255 890 4304; x_wconf 81' lang='lat' dir='ltr'><strong>Fol.</strong></span> <span class='ocrx_word' id='word_1_641' title='bbox 917 4259 1023 4315; x_wconf 76' lang='lat'>185,</span> <span class='ocrx_word' id='word_1_642' title='bbox 1047 4260 1107 4303; x_wconf 81' lang='lat'>30</span> <span class='ocrx_word' id='word_1_643' title='bbox 1126 4267 1172 4302; x_wconf 86' lang='lat' dir='ltr'>r.</span> <span class='ocrx_word' id='word_1_644' title='bbox 1191 4280 1249 4290; x_wconf 91' lang='lat'>—</span> <span class='ocrx_word' id='word_1_645' title='bbox 1272 4256 1439 4312; x_wconf 74' lang='lat'><strong>185,24</strong></span> <span class='ocrx_word' id='word_1_646' title='bbox 1459 4266 1507 4302; x_wconf 83' lang='lat' dir='ltr'><strong>v.</strong></span> <span class='ocrx_word' id='word_1_647' title='bbox 1532 4252 1765 4301; x_wconf 81' lang='lat' dir='ltr'><strong>Diodorus</strong></span> <span class='ocrx_word' id='word_1_648' title='bbox 1778 4253 1837 4301; x_wconf 88' lang='lat' dir='ltr'>de</span> <span class='ocrx_word' id='word_1_649' title='bbox 1857 4251 2019 4302; x_wconf 87' lang='lat' dir='ltr'><strong>Siculo</strong></span> <span class='ocrx_word' id='word_1_650' title='bbox 2037 4250 2163 4298; x_wconf 88' lang='lat' dir='ltr'><strong>bello</strong></span> <span class='ocrx_word' id='word_1_651' title='bbox 2183 4262 2447 4309; x_wconf 73' lang='lat' dir='ltr'><strong>servorum,</strong></span> <span class='ocrx_word' id='word_1_652' title='bbox 2467 4247 2596 4309; x_wconf 80' lang='lat' dir='ltr'><strong>quod</strong></span> <span class='ocrx_word' id='word_1_653' title='bbox 2612 4249 2796 4309; x_wconf 82' lang='lat' dir='ltr'><strong>gestum</strong></span> <span class='ocrx_word' id='word_1_654' title='bbox 2814 4246 2886 4295; x_wconf 81' lang='lat' dir='ltr'>est</span> <span class='ocrx_word' id='word_1_655' title='bbox 2903 4244 3014 4293; x_wconf 86' lang='lat' dir='ltr'><strong>inde</strong></span> <span class='ocrx_word' id='word_1_656' title='bbox 3032 4245 3093 4293; x_wconf 83' lang='lat' dir='ltr'>ab</span> <span class='ocrx_word' id='word_1_657' title='bbox 3111 4256 3237 4292; x_wconf 82' lang='lat' dir='ltr'><strong>anuo</strong></span> <span class='ocrx_word' id='word_1_658' title='bbox 3264 4249 3349 4293; x_wconf 78' lang='lat'>102</span> <span class='ocrx_word' id='word_1_659' title='bbox 3370 4257 3415 4292; x_wconf 80' lang='lat' dir='ltr'>a.</span> <span class='ocrx_word' id='word_1_660' title='bbox 3432 4247 3486 4293; x_wconf 68' lang='lat' dir='ltr'>c,</span> <span class='ocrx_word' id='word_1_661' title='bbox 3510 4245 3754 4306; x_wconf 76' lang='lat' dir='ltr'><strong>expositu·</strong></span> 
     </span>
     <span class='ocr_line' id='line_1_77' title="bbox 557 4313 3758 4385; baseline -0.003 -15"><span class='ocrx_word' id='word_1_662' title='bbox 557 4338 655 4383; x_wconf 70' lang='lat' dir='ltr'><strong>ruS,</strong></span> <span class='ocrx_word' id='word_1_663' title='bbox 676 4324 904 4385; x_wconf 77' lang='lat' dir='ltr'><strong>praemisit</strong></span> <span class='ocrx_word' id='word_1_664' title='bbox 922 4324 1152 4372; x_wconf 85' lang='lat' dir='ltr'><strong>nonnulla</strong></span> <span class='ocrx_word' id='word_1_665' title='bbox 1170 4323 1231 4371; x_wconf 87' lang='lat' dir='ltr'>de</span> <span class='ocrx_word' id='word_1_666' title='bbox 1247 4321 1479 4371; x_wconf 79' lang='lat' dir='ltr'><strong>similibus</strong></span> <span class='ocrx_word' id='word_1_667' title='bbox 1497 4321 1829 4370; x_wconf 79' lang='lat' dir='ltr'><strong>rebellionibus</strong></span> <span class='ocrx_word' id='word_1_668' title='bbox 1840 4359 1854 4382; x_wconf 92' lang='lat'>‚</span> <span class='ocrx_word' id='word_1_669' title='bbox 1874 4333 1984 4382; x_wconf 82' lang='lat' dir='ltr'><strong>quae</strong></span> <span class='ocrx_word' id='word_1_670' title='bbox 1999 4319 2110 4368; x_wconf 87' lang='lat' dir='ltr'><strong>alibi</strong></span> <span class='ocrx_word' id='word_1_671' title='bbox 2130 4321 2240 4368; x_wconf 83' lang='lat' dir='ltr'><strong>ante</strong></span> <span class='ocrx_word' id='word_1_672' title='bbox 2256 4319 2461 4368; x_wconf 88' lang='lat' dir='ltr'><strong>Siculam</strong></span> <span class='ocrx_word' id='word_1_673' title='bbox 2479 4317 2610 4367; x_wconf 89' lang='lat' dir='ltr'><strong>illam</strong></span> <span class='ocrx_word' id='word_1_674' title='bbox 2628 4316 2796 4366; x_wconf 86' lang='lat' dir='ltr'><strong>iisdem</strong></span> <span class='ocrx_word' id='word_1_675' title='bbox 2810 4315 2908 4364; x_wconf 74' lang='lat' dir='ltr'><strong>sere</strong></span> <span class='ocrx_word' id='word_1_676' title='bbox 2921 4314 3217 4376; x_wconf 79' lang='lat' dir='ltr'><strong>temporibus</strong></span> <span class='ocrx_word' id='word_1_677' title='bbox 3232 4313 3512 4363; x_wconf 72' lang='lat' dir='ltr'><strong>exarserint.</strong></span> <span class='ocrx_word' id='word_1_678' title='bbox 3534 4314 3758 4363; x_wconf 81' lang='lat' dir='ltr'><strong>Eundem</strong></span> 
     </span>
     <span class='ocr_line' id='line_1_78' title="bbox 556 4383 3754 4453; baseline -0.003 -13"><span class='ocrx_word' id='word_1_679' title='bbox 556 4395 714 4440; x_wconf 81' lang='lat' dir='ltr'><strong>locum</strong></span> <span class='ocrx_word' id='word_1_680' title='bbox 728 4393 873 4440; x_wconf 78' lang='lat' dir='ltr'><strong>etiam</strong></span> <span class='ocrx_word' id='word_1_681' title='bbox 891 4392 1088 4441; x_wconf 81' lang='lat' dir='ltr'><strong>Pbotius</strong></span> <span class='ocrx_word' id='word_1_682' title='bbox 1103 4405 1151 4453; x_wconf 85' lang='lat' dir='ltr'><strong>p.</strong></span> <span class='ocrx_word' id='word_1_683' title='bbox 1171 4397 1260 4440; x_wconf 78' lang='lat'>529</span> <span class='ocrx_word' id='word_1_684' title='bbox 1275 4390 1511 4452; x_wconf 75' lang='lat' dir='ltr'><strong>excerpsit</strong></span> <span class='ocrx_word' id='word_1_685' title='bbox 1532 4389 1756 4451; x_wconf 87' lang='lat' dir='ltr'><strong>(Diodor.</strong></span> <span class='ocrx_word' id='word_1_686' title='bbox 1777 4392 1993 4451; x_wconf 78' lang='lat' dir='ltr'><strong>xxxvi,</strong></span> <span class='ocrx_word' id='word_1_687' title='bbox 2013 4393 2040 4435; x_wconf 83' lang='lat'><strong>2</strong></span> <span class='ocrx_word' id='word_1_688' title='bbox 2057 4403 2103 4451; x_wconf 83' lang='grc' dir='ltr'>ρ.</span> <span class='ocrx_word' id='word_1_689' title='bbox 2127 4395 2215 4439; x_wconf 80' lang='lat'>550</span> <span class='ocrx_word' id='word_1_690' title='bbox 2230 4389 2308 4438; x_wconf 86' lang='lat' dir='ltr'>ed.</span> <span class='ocrx_word' id='word_1_691' title='bbox 2330 4388 2531 4449; x_wconf 88' lang='lat' dir='ltr'><strong>Didot.).</strong></span> <span class='ocrx_word' id='word_1_692' title='bbox 2548 4387 2733 4437; x_wconf 83' lang='lat' dir='ltr'><strong>Notabo</strong></span> <span class='ocrx_word' id='word_1_693' title='bbox 2752 4385 3032 4434; x_wconf 74' lang='lat' dir='ltr'><strong>varietatem</strong></span> <span class='ocrx_word' id='word_1_694' title='bbox 3056 4383 3289 4431; x_wconf 85' lang='lat' dir='ltr'><strong>lectionis.</strong></span> <span class='ocrx_word' id='word_1_695' title='bbox 3307 4392 3417 4432; x_wconf 85' lang='lat'><strong>-1.</strong></span> <span class='ocrx_word' id='word_1_696' title='bbox 3439 4383 3646 4432; x_wconf 80' lang='lat' dir='ltr'><strong>Pliotius</strong></span> <span class='ocrx_word' id='word_1_697' title='bbox 3659 4384 3754 4446; x_wconf 82' lang='lat' dir='ltr'><strong>ple·</strong></span> 
     </span>
     <span class='ocr_line' id='line_1_79' title="bbox 557 4451 3753 4522; baseline -0.002 -15"><span class='ocrx_word' id='word_1_698' title='bbox 557 4462 664 4510; x_wconf 80' lang='lat' dir='ltr'><strong>nius</strong></span> <span class='ocrx_word' id='word_1_699' title='bbox 682 4461 746 4508; x_wconf 74' lang='lat' dir='ltr'>ita</span> <span class='ocrx_word' id='word_1_700' title='bbox 769 4479 780 4507; x_wconf 73' lang='lat' dir='ltr'>e</span> <span class='ocrx_word' id='word_1_701' title='bbox 805 4461 901 4522; x_wconf 86' lang='grc' dir='ltr'>ΙΙρὸ</span> <span class='ocrx_word' id='word_1_702' title='bbox 920 4461 970 4509; x_wconf 79' lang='grc' dir='ltr'>δὲ</span> <span class='ocrx_word' id='word_1_703' title='bbox 986 4467 1066 4519; x_wconf 84' lang='grc' dir='ltr'>τῆς</span> <span class='ocrx_word' id='word_1_704' title='bbox 1089 4462 1211 4509; x_wconf 82' lang='grc' dir='ltr'>κατὰ</span> <span class='ocrx_word' id='word_1_705' title='bbox 1227 4462 1310 4518; x_wconf 80' lang='grc' dir='ltr'>τήν</span> <span class='ocrx_word' id='word_1_706' title='bbox 1328 4459 1539 4509; x_wconf 81' lang='grc' dir='ltr'>Σικελίαν</span> <span class='ocrx_word' id='word_1_707' title='bbox 1556 4465 1650 4508; x_wconf 89' lang='grc' dir='ltr'>τῶν</span> <span class='ocrx_word' id='word_1_708' title='bbox 1667 4459 1843 4507; x_wconf 80' lang='grc' dir='ltr'>δούλων</span> <span class='ocrx_word' id='word_1_709' title='bbox 1865 4459 2223 4514; x_wconf 84' lang='grc' dir='ltr'>ἐπαναστάσεως</span> <span class='ocrx_word' id='word_1_710' title='bbox 2243 4459 2450 4520; x_wconf 80' lang='grc' dir='ltr'>ἐγένοντο</span> <span class='ocrx_word' id='word_1_711' title='bbox 2466 4458 2589 4505; x_wconf 84' lang='grc' dir='ltr'>κατὰ</span> <span class='ocrx_word' id='word_1_712' title='bbox 2613 4457 2693 4514; x_wconf 78' lang='grc' dir='ltr'>τὴν</span> <span class='ocrx_word' id='word_1_713' title='bbox 2710 4455 2911 4504; x_wconf 82' lang='grc' dir='ltr'>Ἰταλίαν</span> <span class='ocrx_word' id='word_1_714' title='bbox 2937 4452 3120 4506; x_wconf 85' lang='grc' dir='ltr'>πλείους</span> <span class='ocrx_word' id='word_1_715' title='bbox 3143 4451 3423 4506; x_wconf 84' lang='grc' dir='ltr'>ἀποστάσεις</span> <span class='ocrx_word' id='word_1_716' title='bbox 3444 4452 3753 4515; x_wconf 82' lang='grc' dir='ltr'>ὀλιγοχρόνιοι</span> 
     </span>
     <span class='ocr_line' id='line_1_80' title="bbox 556 4522 3753 4592; baseline -0.002 -16"><span class='ocrx_word' id='word_1_717' title='bbox 556 4532 634 4577; x_wconf 86' lang='grc' dir='ltr'>καὶ</span> <span class='ocrx_word' id='word_1_718' title='bbox 655 4532 840 4592; x_wconf 81' lang='grc' dir='ltr'>μικραὶ,</span> <span class='ocrx_word' id='word_1_719' title='bbox 860 4529 1065 4591; x_wconf 83' lang='grc' dir='ltr'>καθάπερ</span> <span class='ocrx_word' id='word_1_720' title='bbox 1085 4535 1169 4578; x_wconf 79' lang='grc' dir='ltr'>τοῦ</span> <span class='ocrx_word' id='word_1_721' title='bbox 1187 4530 1426 4592; x_wconf 82' lang='grc' dir='ltr'>δαιμονίου</span> <span class='ocrx_word' id='word_1_722' title='bbox 1450 4531 1843 4591; x_wconf 83' lang='grc' dir='ltr'>προσημαίνοντος</span> <span class='ocrx_word' id='word_1_723' title='bbox 1866 4531 1919 4575; x_wconf 89' lang='grc' dir='ltr'>τὸ</span> <span class='ocrx_word' id='word_1_724' title='bbox 1940 4529 2128 4589; x_wconf 84' lang='grc' dir='ltr'>μέγεθος</span> <span class='ocrx_word' id='word_1_725' title='bbox 2148 4532 2228 4584; x_wconf 89' lang='grc' dir='ltr'>τῆς</span> <span class='ocrx_word' id='word_1_726' title='bbox 2248 4527 2467 4592; x_wconf 83' lang='grc' dir='ltr'>ἐσομένης</span> <span class='ocrx_word' id='word_1_727' title='bbox 2486 4528 2607 4575; x_wconf 80' lang='grc' dir='ltr'>κατὰ</span> <span class='ocrx_word' id='word_1_728' title='bbox 2629 4528 2712 4584; x_wconf 82' lang='grc' dir='ltr'>τήν</span> <span class='ocrx_word' id='word_1_729' title='bbox 2731 4525 2939 4574; x_wconf 76' lang='grc' dir='ltr'>Σικελίαν</span> <span class='ocrx_word' id='word_1_730' title='bbox 2958 4522 3335 4577; x_wconf 75' lang='grc' dir='ltr'>ἐπαναστάσεως.</span> <span class='ocrx_word' id='word_1_731' title='bbox 3359 4523 3528 4584; x_wconf 84' lang='grc' dir='ltr'>Πρώτη</span> <span class='ocrx_word' id='word_1_732' title='bbox 3555 4524 3639 4584; x_wconf 78' lang='grc' dir='ltr'>μὲν</span> <span class='ocrx_word' id='word_1_733' title='bbox 3654 4524 3753 4571; x_wconf 82' lang='grc' dir='ltr'>κτλ.</span> 
     </span>
     <span class='ocr_line' id='line_1_81' title="bbox 557 4592 3755 4663; baseline -0.002 -18"><span class='ocrx_word' id='word_1_734' title='bbox 557 4602 613 4647; x_wconf 85' lang='lat' dir='ltr'>ut</span> <span class='ocrx_word' id='word_1_735' title='bbox 633 4601 758 4661; x_wconf 84' lang='lat' dir='ltr'><strong>apud</strong></span> <span class='ocrx_word' id='word_1_736' title='bbox 783 4603 1025 4649; x_wconf 85' lang='lat' dir='ltr'><strong>Nostrum.</strong></span> <span class='ocrx_word' id='word_1_737' title='bbox 1046 4626 1106 4634; x_wconf 98' lang='lat'><strong>—</strong></span> <span class='ocrx_word' id='word_1_738' title='bbox 1126 4607 1171 4648; x_wconf 85' lang='lat'><strong>2.</strong></span> <span class='ocrx_word' id='word_1_739' title='bbox 1192 4599 1328 4663; x_wconf 87' lang='grc' dir='ltr'>τήν]</span> <span class='ocrx_word' id='word_1_740' title='bbox 1352 4613 1450 4648; x_wconf 85' lang='lat' dir='ltr'>om.</span> <span class='ocrx_word' id='word_1_741' title='bbox 1475 4601 1616 4649; x_wconf 81' lang='grc' dir='ltr'>ΡΙιοῑ.</span> <span class='ocrx_word' id='word_1_742' title='bbox 1637 4627 1697 4635; x_wconf 92' lang='grc'><strong>-</strong></span> <span class='ocrx_word' id='word_1_743' title='bbox 1720 4607 1763 4649; x_wconf 83' lang='grc'>3.</span> <span class='ocrx_word' id='word_1_744' title='bbox 1783 4597 1873 4660; x_wconf 81' lang='grc' dir='ltr'>δὲ]</span> <span class='ocrx_word' id='word_1_745' title='bbox 1893 4612 1991 4647; x_wconf 91' lang='lat' dir='ltr'>om.</span> <span class='ocrx_word' id='word_1_746' title='bbox 2019 4600 2156 4647; x_wconf 77' lang='lat' dir='ltr'><strong>Puot.</strong></span> <span class='ocrx_word' id='word_1_747' title='bbox 2183 4627 2243 4639; x_wconf 93' lang='lat'>—</span> <span class='ocrx_word' id='word_1_748' title='bbox 2263 4601 2308 4646; x_wconf 73' lang='lat'><strong>4.</strong></span> <span class='ocrx_word' id='word_1_749' title='bbox 2326 4598 2670 4647; x_wconf 83' lang='grc' dir='ltr'>καταλυθέντων</span> <span class='ocrx_word' id='word_1_750' title='bbox 2687 4595 2913 4655; x_wconf 62' lang='lat' dir='ltr'><strong>mintius,</strong></span> <span class='ocrx_word' id='word_1_751' title='bbox 2933 4593 3116 4641; x_wconf 85' lang='lat' dir='ltr'><strong>melius.</strong></span> <span class='ocrx_word' id='word_1_752' title='bbox 3134 4620 3197 4633; x_wconf 88' lang='lat'>—</span> <span class='ocrx_word' id='word_1_753' title='bbox 3216 4599 3260 4642; x_wconf 77' lang='lat'><strong>5.</strong></span> <span class='ocrx_word' id='word_1_754' title='bbox 3285 4593 3452 4654; x_wconf 79' lang='grc' dir='ltr'>τρίτη</span> <span class='ocrx_word' id='word_1_755' title='bbox 3471 4593 3575 4640; x_wconf 79' lang='grc' dir='ltr'>δὲ...</span> <span class='ocrx_word' id='word_1_756' title='bbox 3599 4592 3755 4639; x_wconf 83' lang='grc' dir='ltr'>ὃιαλ·</span> 
     </span>
     <span class='ocr_line' id='line_1_82' title="bbox 556 4661 3758 4735; baseline -0.003 -18"><span class='ocrx_word' id='word_1_757' title='bbox 556 4672 879 4735; x_wconf 73' lang='grc' dir='ltr'>λάττουσα]</span> <span class='ocrx_word' id='word_1_758' title='bbox 904 4672 1101 4721; x_wconf 78' lang='lat' dir='ltr'><strong>Photius</strong></span> <span class='ocrx_word' id='word_1_759' title='bbox 1122 4671 1312 4720; x_wconf 75' lang='lat' dir='ltr'><strong>brevius</strong></span> <span class='ocrx_word' id='word_1_760' title='bbox 1334 4691 1345 4719; x_wconf 80' lang='lat' dir='ltr'><strong><em>z</em></strong></span> <span class='ocrx_word' id='word_1_761' title='bbox 1372 4670 1511 4733; x_wconf 89' lang='grc' dir='ltr'>Τρίτη</span> <span class='ocrx_word' id='word_1_762' title='bbox 1536 4672 1586 4718; x_wconf 83' lang='grc' dir='ltr'>δὲ</span> <span class='ocrx_word' id='word_1_763' title='bbox 1610 4669 1866 4732; x_wconf 79' lang='grc' dir='ltr'>παράδοξος</span> <span class='ocrx_word' id='word_1_764' title='bbox 1892 4671 2053 4730; x_wconf 83' lang='grc' dir='ltr'>γέγονέ</span> <span class='ocrx_word' id='word_1_765' title='bbox 2069 4686 2155 4725; x_wconf 87' lang='grc' dir='ltr'>τις.</span> <span class='ocrx_word' id='word_1_766' title='bbox 2177 4673 2237 4719; x_wconf 87' lang='lat' dir='ltr'>Et</span> <span class='ocrx_word' id='word_1_767' title='bbox 2261 4668 2431 4717; x_wconf 80' lang='lat' dir='ltr'><strong>deinde</strong></span> <span class='ocrx_word' id='word_1_768' title='bbox 2453 4687 2465 4715; x_wconf 89' lang='lat'>:</span> <span class='ocrx_word' id='word_1_769' title='bbox 2491 4666 2582 4716; x_wconf 83' lang='grc' dir='ltr'>Ἤν</span> <span class='ocrx_word' id='word_1_770' title='bbox 2606 4666 2741 4722; x_wconf 87' lang='grc' dir='ltr'>Τίτος</span> <span class='ocrx_word' id='word_1_771' title='bbox 2762 4664 3029 4718; x_wconf 81' lang='grc' dir='ltr'>Μενουίτιος</span> <span class='ocrx_word' id='word_1_772' title='bbox 3046 4697 3060 4722; x_wconf 92' lang='grc'>,</span> <span class='ocrx_word' id='word_1_773' title='bbox 3085 4661 3273 4710; x_wconf 79' lang='lat' dir='ltr'><strong>omissis</strong></span> <span class='ocrx_word' id='word_1_774' title='bbox 3300 4663 3388 4723; x_wconf 79' lang='grc' dir='ltr'>γάρ</span> <span class='ocrx_word' id='word_1_775' title='bbox 3406 4678 3496 4717; x_wconf 85' lang='grc' dir='ltr'>τις.</span> <span class='ocrx_word' id='word_1_776' title='bbox 3516 4664 3610 4708; x_wconf 85' lang='lat' dir='ltr'>Pro</span> <span class='ocrx_word' id='word_1_777' title='bbox 3633 4663 3758 4709; x_wconf 78' lang='grc' dir='ltr'>Μεν-</span> 
     </span>
     <span class='ocr_line' id='line_1_83' title="bbox 558 4731 3754 4803; baseline -0.003 -15"><span class='ocrx_word' id='word_1_778' title='bbox 558 4743 707 4795; x_wconf 79' lang='grc' dir='ltr'>ούτιος</span> <span class='ocrx_word' id='word_1_779' title='bbox 724 4742 821 4801; x_wconf 80' lang='lat' dir='ltr'><strong>ipse</strong></span> <span class='ocrx_word' id='word_1_780' title='bbox 844 4744 1039 4790; x_wconf 78' lang='lat' dir='ltr'><strong>Pbotius</strong></span> <span class='ocrx_word' id='word_1_781' title='bbox 1053 4744 1101 4791; x_wconf 91' lang='lat' dir='ltr'>in</span> <span class='ocrx_word' id='word_1_782' title='bbox 1121 4755 1255 4803; x_wconf 83' lang='lat' dir='ltr'><strong>seqq.</strong></span> <span class='ocrx_word' id='word_1_783' title='bbox 1279 4741 1421 4790; x_wconf 86' lang='lat' dir='ltr'><strong>habet</strong></span> <span class='ocrx_word' id='word_1_784' title='bbox 1439 4742 1671 4796; x_wconf 72' lang='grc' dir='ltr'>Οὐέττιος.</span> <span class='ocrx_word' id='word_1_785' title='bbox 1692 4740 1826 4788; x_wconf 82' lang='lat' dir='ltr'><strong>Unde</strong></span> <span class='ocrx_word' id='word_1_786' title='bbox 1846 4740 2002 4801; x_wconf 85' lang='lat' dir='ltr'><strong>priore</strong></span> <span class='ocrx_word' id='word_1_787' title='bbox 2018 4740 2125 4788; x_wconf 84' lang='lat' dir='ltr'><strong>loco</strong></span> <span class='ocrx_word' id='word_1_788' title='bbox 2143 4737 2465 4800; x_wconf 83' lang='lat' dir='ltr'><strong>reponendum</strong></span> <span class='ocrx_word' id='word_1_789' title='bbox 2484 4750 2586 4786; x_wconf 80' lang='lat' dir='ltr'><strong>esse</strong></span> <span class='ocrx_word' id='word_1_790' title='bbox 2600 4738 2680 4798; x_wconf 84' lang='grc' dir='ltr'>μὲν</span> <span class='ocrx_word' id='word_1_791' title='bbox 2700 4735 2915 4789; x_wconf 76' lang='grc' dir='ltr'>Οὐέττιος</span> <span class='ocrx_word' id='word_1_792' title='bbox 2934 4736 3062 4782; x_wconf 87' lang='lat' dir='ltr'><strong>recte</strong></span> <span class='ocrx_word' id='word_1_793' title='bbox 3080 4732 3265 4781; x_wconf 88' lang='lat' dir='ltr'><strong>monuit</strong></span> <span class='ocrx_word' id='word_1_794' title='bbox 3285 4731 3646 4792; x_wconf 79' lang='lat' dir='ltr'><strong>wesselingius.</strong></span> <span class='ocrx_word' id='word_1_795' title='bbox 3669 4733 3754 4779; x_wconf 78' lang='grc' dir='ltr'>οο-</span> 
     </span>
     <span class='ocr_line' id='line_1_84' title="bbox 558 4801 3751 4873; baseline -0.003 -16"><span class='ocrx_word' id='word_1_796' title='bbox 558 4818 715 4858; x_wconf 76' lang='lat' dir='ltr'><strong>terum</strong></span> <span class='ocrx_word' id='word_1_797' title='bbox 733 4824 819 4873; x_wconf 82' lang='lat' dir='ltr'>pro</span> <span class='ocrx_word' id='word_1_798' title='bbox 833 4812 967 4868; x_wconf 86' lang='grc' dir='ltr'>Τίτος</span> <span class='ocrx_word' id='word_1_799' title='bbox 982 4813 1029 4860; x_wconf 89' lang='lat' dir='ltr'>in</span> <span class='ocrx_word' id='word_1_800' title='bbox 1054 4816 1217 4861; x_wconf 86' lang='lat' dir='ltr'><strong>nostro</strong></span> <span class='ocrx_word' id='word_1_801' title='bbox 1234 4812 1397 4861; x_wconf 79' lang='lat' dir='ltr'><strong>codice</strong></span> <span class='ocrx_word' id='word_1_802' title='bbox 1415 4815 1487 4860; x_wconf 83' lang='lat' dir='ltr'>est</span> <span class='ocrx_word' id='word_1_803' title='bbox 1503 4812 1667 4871; x_wconf 86' lang='grc' dir='ltr'>τύγγος</span> <span class='ocrx_word' id='word_1_804' title='bbox 1689 4811 1770 4871; x_wconf 81' lang='grc' dir='ltr'>μὲν</span> <span class='ocrx_word' id='word_1_805' title='bbox 1788 4809 1998 4864; x_wconf 77' lang='grc' dir='ltr'>οὐίττιος.</span> <span class='ocrx_word' id='word_1_806' title='bbox 2019 4835 2083 4844; x_wconf 95' lang='grc'>-</span> <span class='ocrx_word' id='word_1_807' title='bbox 2101 4814 2147 4856; x_wconf 84' lang='grc'>6.</span> <span class='ocrx_word' id='word_1_808' title='bbox 2168 4808 2364 4858; x_wconf 80' lang='lat' dir='ltr'><strong>Photius</strong></span> <span class='ocrx_word' id='word_1_809' title='bbox 2380 4827 2395 4857; x_wconf 70' lang='grc' dir='ltr'>ε</span> <span class='ocrx_word' id='word_1_810' title='bbox 2410 4808 2574 4863; x_wconf 77' lang='grc' dir='ltr'>ἱππεὺς</span> <span class='ocrx_word' id='word_1_811' title='bbox 2593 4808 2674 4869; x_wconf 75' lang='grc' dir='ltr'>μὲν</span> <span class='ocrx_word' id='word_1_812' title='bbox 2691 4805 2957 4868; x_wconf 84' lang='grc' dir='ltr'>Ῥωμαίων,</span> <span class='ocrx_word' id='word_1_813' title='bbox 2978 4802 3353 4865; x_wconf 78' lang='grc' dir='ltr'>μεγαλοπλούτου</span> <span class='ocrx_word' id='word_1_814' title='bbox 3371 4802 3422 4849; x_wconf 86' lang='grc' dir='ltr'>δὲ</span> <span class='ocrx_word' id='word_1_815' title='bbox 3440 4801 3613 4862; x_wconf 83' lang='grc' dir='ltr'>πατρὸς</span> <span class='ocrx_word' id='word_1_816' title='bbox 3625 4807 3751 4856; x_wconf 79' lang='grc' dir='ltr'>παῖς.</span> 
     </span>
     <span class='ocr_line' id='line_1_85' title="bbox 559 4869 3752 4947; baseline -0.004 -20"><span class='ocrx_word' id='word_1_817' title='bbox 559 4878 708 4934; x_wconf 78' lang='grc' dir='ltr'>Οὗτος</span> <span class='ocrx_word' id='word_1_818' title='bbox 733 4879 909 4947; x_wconf 72' lang='grc' dir='ltr'>ἠράσθη</span> <span class='ocrx_word' id='word_1_819' title='bbox 933 4882 1244 4943; x_wconf 74' lang='grc' dir='ltr'>θεραπαινίδος</span> <span class='ocrx_word' id='word_1_820' title='bbox 1268 4881 1504 4941; x_wconf 81' lang='grc' dir='ltr'>ἀλλοτρίας</span> <span class='ocrx_word' id='word_1_821' title='bbox 1526 4880 1680 4928; x_wconf 82' lang='grc' dir='ltr'>κάλλει</span> <span class='ocrx_word' id='word_1_822' title='bbox 1702 4880 1824 4940; x_wconf 74' lang='grc' dir='ltr'>διαφ.</span> <span class='ocrx_word' id='word_1_823' title='bbox 1849 4907 1909 4918; x_wconf 91' lang='lat'>-</span> <span class='ocrx_word' id='word_1_824' title='bbox 1932 4882 1958 4926; x_wconf 90' lang='grc'>7</span> <span class='ocrx_word' id='word_1_825' title='bbox 1966 4914 1978 4926; x_wconf 93' lang='grc'>.</span> <span class='ocrx_word' id='word_1_826' title='bbox 2004 4878 2201 4928; x_wconf 88' lang='lat' dir='ltr'><strong>Pbotius</strong></span> <span class='ocrx_word' id='word_1_827' title='bbox 2218 4880 2501 4940; x_wconf 78' lang='grc' dir='ltr'>συμπλακεὶς</span> <span class='ocrx_word' id='word_1_828' title='bbox 2529 4878 2546 4936; x_wconf 90' lang='grc'>(</span> <span class='ocrx_word' id='word_1_829' title='bbox 2567 4876 2733 4926; x_wconf 81' lang='lat' dir='ltr'><strong>vocab.</strong></span> <span class='ocrx_word' id='word_1_830' title='bbox 2759 4874 2909 4923; x_wconf 81' lang='lat' dir='ltr'><strong>rarius</strong></span> <span class='ocrx_word' id='word_1_831' title='bbox 2929 4871 3196 4926; x_wconf 84' lang='grc' dir='ltr'>ἐπιπλακεὶς</span> <span class='ocrx_word' id='word_1_832' title='bbox 3222 4870 3391 4919; x_wconf 82' lang='lat' dir='ltr'><strong>eodem</strong></span> <span class='ocrx_word' id='word_1_833' title='bbox 3410 4882 3551 4917; x_wconf 86' lang='lat' dir='ltr'><strong>seusu</strong></span> <span class='ocrx_word' id='word_1_834' title='bbox 3570 4880 3598 4915; x_wconf 88' lang='lat' dir='ltr'>e</span> <span class='ocrx_word' id='word_1_835' title='bbox 3618 4869 3752 4915; x_wconf 75' lang='lat' dir='ltr'><strong>Posi—</strong></span> 
     </span>
     <span class='ocr_line' id='line_1_86' title="bbox 557 4938 3742 5013; baseline -0.002 -21"><span class='ocrx_word' id='word_1_836' title='bbox 557 4948 702 4995; x_wconf 78' lang='lat' dir='ltr'><strong>donio</strong></span> <span class='ocrx_word' id='word_1_837' title='bbox 728 4948 872 4997; x_wconf 82' lang='lat' dir='ltr'><strong>babes</strong></span> <span class='ocrx_word' id='word_1_838' title='bbox 889 4963 967 5011; x_wconf 85' lang='lat' dir='ltr'>ap.</span> <span class='ocrx_word' id='word_1_839' title='bbox 996 4951 1167 4999; x_wconf 76' lang='lat' dir='ltr'><strong>Athen.</strong></span> <span class='ocrx_word' id='word_1_840' title='bbox 1192 4965 1240 5013; x_wconf 85' lang='lat' dir='ltr'><strong>p.</strong></span> <span class='ocrx_word' id='word_1_841' title='bbox 1263 4956 1370 5011; x_wconf 82' lang='grc'>211,</span> <span class='ocrx_word' id='word_1_842' title='bbox 1394 4954 1446 4999; x_wconf 87' lang='lat' dir='ltr'><strong>F.</strong></span> <span class='ocrx_word' id='word_1_843' title='bbox 1475 4949 1649 4998; x_wconf 77' lang='lat' dir='ltr'><strong>Eodem</strong></span> <span class='ocrx_word' id='word_1_844' title='bbox 1668 4950 1796 4997; x_wconf 83' lang='lat' dir='ltr'><strong>sonte</strong></span> <span class='ocrx_word' id='word_1_845' title='bbox 1819 4949 1973 4996; x_wconf 87' lang='lat' dir='ltr'><strong>utitur</strong></span> <span class='ocrx_word' id='word_1_846' title='bbox 1995 4946 2248 4998; x_wconf 60' lang='lat' dir='ltr'><strong>Diodorus</strong></span> <span class='ocrx_word' id='word_1_847' title='bbox 2269 4947 2390 4996; x_wconf 85' lang='lat' dir='ltr'><strong>Vide</strong></span> <span class='ocrx_word' id='word_1_848' title='bbox 2411 4947 2628 4996; x_wconf 84' lang='lat' dir='ltr'><strong>Posidon.</strong></span> <span class='ocrx_word' id='word_1_849' title='bbox 2649 4947 2709 4995; x_wconf 80' lang='lat' dir='ltr'>fr.</span> <span class='ocrx_word' id='word_1_850' title='bbox 2733 4944 2819 5002; x_wconf 81' lang='lat'>15)</span> <span class='ocrx_word' id='word_1_851' title='bbox 2839 4943 2879 4991; x_wconf 88' lang='grc' dir='ltr'>δ’</span> <span class='ocrx_word' id='word_1_852' title='bbox 2898 4944 3016 5005; x_wconf 79' lang='grc' dir='ltr'>αὐτῇ</span> <span class='ocrx_word' id='word_1_853' title='bbox 3039 4943 3117 4990; x_wconf 86' lang='grc' dir='ltr'>καὶ</span> <span class='ocrx_word' id='word_1_854' title='bbox 3136 4942 3200 4997; x_wconf 78' lang='grc' dir='ltr'>εἰς</span> <span class='ocrx_word' id='word_1_855' title='bbox 3222 4941 3370 5003; x_wconf 80' lang='grc' dir='ltr'>ἔρωτα</span> <span class='ocrx_word' id='word_1_856' title='bbox 3391 4938 3649 5000; x_wconf 79' lang='grc' dir='ltr'>παράδοξον</span> <span class='ocrx_word' id='word_1_857' title='bbox 3665 4938 3742 4985; x_wconf 83' lang='grc' dir='ltr'>αὐ-</span> 
     </span>
     <span class='ocr_line' id='line_1_87' title="bbox 558 5008 3751 5082; baseline -0.006 -11"><span class='ocrx_word' id='word_1_858' title='bbox 558 5022 638 5073; x_wconf 68' lang='grc' dir='ltr'>τῆς</span> <span class='ocrx_word' id='word_1_859' title='bbox 660 5017 876 5077; x_wconf 81' lang='grc' dir='ltr'>ἐμπεσὼν</span> <span class='ocrx_word' id='word_1_860' title='bbox 890 5019 1162 5082; x_wconf 79' lang='grc' dir='ltr'>ἐξηγόρασεν</span> <span class='ocrx_word' id='word_1_861' title='bbox 1188 5021 1350 5078; x_wconf 73' lang='grc' dir='ltr'>αὐτὴν,</span> <span class='ocrx_word' id='word_1_862' title='bbox 1369 5021 1492 5067; x_wconf 82' lang='grc' dir='ltr'>οὕτω</span> <span class='ocrx_word' id='word_1_863' title='bbox 1515 5024 1598 5066; x_wconf 79' lang='grc' dir='ltr'>τοῦ</span> <span class='ocrx_word' id='word_1_864' title='bbox 1619 5034 1669 5065; x_wconf 88' lang='grc' dir='ltr'>τε</span> <span class='ocrx_word' id='word_1_865' title='bbox 1693 5019 1952 5078; x_wconf 81' lang='grc' dir='ltr'>μανιώδους</span> <span class='ocrx_word' id='word_1_866' title='bbox 1975 5017 2143 5078; x_wconf 74' lang='grc' dir='ltr'>ἔρωτος</span> <span class='ocrx_word' id='word_1_867' title='bbox 2163 5018 2433 5078; x_wconf 82' lang='grc' dir='ltr'>βιαζομένου</span> <span class='ocrx_word' id='word_1_868' title='bbox 2452 5018 2531 5063; x_wconf 85' lang='grc' dir='ltr'>καὶ</span> <span class='ocrx_word' id='word_1_869' title='bbox 2549 5021 2631 5064; x_wconf 81' lang='grc' dir='ltr'>τοῦ</span> <span class='ocrx_word' id='word_1_870' title='bbox 2650 5015 2809 5077; x_wconf 79' lang='grc' dir='ltr'>κυρίου</span> <span class='ocrx_word' id='word_1_871' title='bbox 2831 5018 2912 5071; x_wconf 87' lang='grc' dir='ltr'>τῆς</span> <span class='ocrx_word' id='word_1_872' title='bbox 2931 5012 3068 5074; x_wconf 83' lang='grc' dir='ltr'>κόρης</span> <span class='ocrx_word' id='word_1_873' title='bbox 3084 5011 3168 5068; x_wconf 84' lang='grc' dir='ltr'>τὴν</span> <span class='ocrx_word' id='word_1_874' title='bbox 3188 5013 3355 5071; x_wconf 81' lang='grc' dir='ltr'>πρᾶσιν</span> <span class='ocrx_word' id='word_1_875' title='bbox 3375 5008 3504 5070; x_wconf 86' lang='grc' dir='ltr'>μόλις</span> <span class='ocrx_word' id='word_1_876' title='bbox 3523 5022 3751 5055; x_wconf 82' lang='grc' dir='ltr'>κατανευ·</span> 
     </span>
     <span class='ocr_line' id='line_1_88' title="bbox 559 5075 3751 5151; baseline -0.005 -14"><span class='ocrx_word' id='word_1_877' title='bbox 559 5102 721 5142; x_wconf 80' lang='grc' dir='ltr'>σαντος</span> <span class='ocrx_word' id='word_1_878' title='bbox 736 5124 750 5148; x_wconf 83' lang='grc'>,</span> <span class='ocrx_word' id='word_1_879' title='bbox 768 5089 1003 5137; x_wconf 83' lang='grc' dir='ltr'>ταλάντων</span> <span class='ocrx_word' id='word_1_880' title='bbox 1022 5090 1235 5139; x_wconf 82' lang='grc' dir='ltr'>Ἀττικῶν</span> <span class='ocrx_word' id='word_1_881' title='bbox 1257 5091 1373 5137; x_wconf 83' lang='grc' dir='ltr'>ἑπτὰ</span> <span class='ocrx_word' id='word_1_882' title='bbox 1385 5126 1400 5150; x_wconf 83' lang='grc'>,</span> <span class='ocrx_word' id='word_1_883' title='bbox 1425 5090 1503 5137; x_wconf 81' lang='grc' dir='ltr'>καὶ</span> <span class='ocrx_word' id='word_1_884' title='bbox 1519 5088 1682 5149; x_wconf 84' lang='grc' dir='ltr'>χρόνον</span> <span class='ocrx_word' id='word_1_885' title='bbox 1697 5090 1837 5151; x_wconf 84' lang='grc' dir='ltr'>ὥρισε</span> <span class='ocrx_word' id='word_1_886' title='bbox 1857 5086 1963 5135; x_wconf 86' lang='grc' dir='ltr'>καθ’</span> <span class='ocrx_word' id='word_1_887' title='bbox 1984 5088 2036 5133; x_wconf 88' lang='grc' dir='ltr'>ὃν</span> <span class='ocrx_word' id='word_1_888' title='bbox 2059 5086 2268 5135; x_wconf 82' lang='grc' dir='ltr'>ἀποτίσει</span> <span class='ocrx_word' id='word_1_889' title='bbox 2284 5088 2339 5135; x_wconf 87' lang='grc' dir='ltr'>τὸ</span> <span class='ocrx_word' id='word_1_890' title='bbox 2362 5087 2510 5149; x_wconf 83' lang='grc' dir='ltr'>χρέος.</span> <span class='ocrx_word' id='word_1_891' title='bbox 2527 5084 2822 5133; x_wconf 84' lang='grc' dir='ltr'>Ἐπιστεύετο</span> <span class='ocrx_word' id='word_1_892' title='bbox 2840 5083 2887 5131; x_wconf 82' lang='grc' dir='ltr'>δὲ</span> <span class='ocrx_word' id='word_1_893' title='bbox 2906 5082 2982 5130; x_wconf 80' lang='grc' dir='ltr'>διὰ</span> <span class='ocrx_word' id='word_1_894' title='bbox 2998 5082 3080 5136; x_wconf 79' lang='grc' dir='ltr'>τήν</span> <span class='ocrx_word' id='word_1_895' title='bbox 3099 5079 3320 5140; x_wconf 82' lang='grc' dir='ltr'>πατρῴαν</span> <span class='ocrx_word' id='word_1_896' title='bbox 3342 5076 3624 5139; x_wconf 85' lang='grc' dir='ltr'>περιουσίαν.</span> <span class='ocrx_word' id='word_1_897' title='bbox 3648 5075 3751 5124; x_wconf 85' lang='grc' dir='ltr'>Ἐν-</span> 
     </span>
     <span class='ocr_line' id='line_1_89' title="bbox 558 5144 3752 5225; baseline -0.004 -21"><span class='ocrx_word' id='word_1_898' title='bbox 558 5158 749 5212; x_wconf 85' lang='grc' dir='ltr'>στάντος</span> <span class='ocrx_word' id='word_1_899' title='bbox 767 5160 815 5206; x_wconf 81' lang='grc' dir='ltr'>δὲ</span> <span class='ocrx_word' id='word_1_900' title='bbox 832 5164 915 5207; x_wconf 81' lang='grc' dir='ltr'>τοῦ</span> <span class='ocrx_word' id='word_1_901' title='bbox 935 5161 1188 5221; x_wconf 83' lang='grc' dir='ltr'>ὁρισθέντος</span> <span class='ocrx_word' id='word_1_902' title='bbox 1200 5197 1214 5221; x_wconf 84' lang='grc'>,</span> <span class='ocrx_word' id='word_1_903' title='bbox 1234 5162 1313 5208; x_wconf 86' lang='grc' dir='ltr'>καὶ</span> <span class='ocrx_word' id='word_1_904' title='bbox 1334 5162 1398 5219; x_wconf 77' lang='grc' dir='ltr'>μὴ</span> <span class='ocrx_word' id='word_1_905' title='bbox 1418 5160 1540 5220; x_wconf 74' lang='grc' dir='ltr'>ἔχων</span> <span class='ocrx_word' id='word_1_906' title='bbox 1563 5159 1836 5216; x_wconf 78' lang='grc' dir='ltr'>ἀποδοῦναι,</span> <span class='ocrx_word' id='word_1_907' title='bbox 1858 5157 1994 5205; x_wconf 80' lang='grc' dir='ltr'>πάλιν</span> <span class='ocrx_word' id='word_1_908' title='bbox 2010 5157 2141 5212; x_wconf 77' lang='grc' dir='ltr'>ἔταξε</span> <span class='ocrx_word' id='word_1_909' title='bbox 2160 5156 2403 5218; x_wconf 82' lang='grc' dir='ltr'>τριάκοντα</span> <span class='ocrx_word' id='word_1_910' title='bbox 2423 5158 2604 5217; x_wconf 80' lang='grc' dir='ltr'>ἡμερῶν</span> <span class='ocrx_word' id='word_1_911' title='bbox 2623 5152 2922 5216; x_wconf 86' lang='grc' dir='ltr'>προθεσμίαν.</span> <span class='ocrx_word' id='word_1_912' title='bbox 2943 5151 3025 5205; x_wconf 70' lang='grc' dir='ltr'>Ὠς</span> <span class='ocrx_word' id='word_1_913' title='bbox 3048 5150 3095 5197; x_wconf 85' lang='grc' dir='ltr'>δὲ</span> <span class='ocrx_word' id='word_1_914' title='bbox 3115 5150 3193 5196; x_wconf 84' lang='grc' dir='ltr'>καὶ</span> <span class='ocrx_word' id='word_1_915' title='bbox 3212 5147 3380 5202; x_wconf 82' lang='grc' dir='ltr'>ταύτης</span> <span class='ocrx_word' id='word_1_916' title='bbox 3399 5144 3655 5224; x_wconf 75' lang='grc' dir='ltr'>ἐπιστάσης</span> <span class='ocrx_word' id='word_1_917' title='bbox 3667 5179 3681 5203; x_wconf 87' lang='grc'>,</span> <span class='ocrx_word' id='word_1_918' title='bbox 3707 5145 3752 5225; x_wconf 61' lang='lat' dir='ltr'>oi</span> 
     </span>
     <span class='ocr_line' id='line_1_90' title="bbox 561 5216 3757 5295; baseline -0.004 -22"><span class='ocrx_word' id='word_1_919' title='bbox 561 5228 640 5287; x_wconf 74' lang='grc' dir='ltr'>μὲν</span> <span class='ocrx_word' id='word_1_920' title='bbox 660 5227 905 5295; x_wconf 70' lang='grc' dir='ltr'>ἀπήντουν,</span> <span class='ocrx_word' id='word_1_921' title='bbox 930 5229 956 5275; x_wconf 90' lang='grc' dir='ltr'>ό</span> <span class='ocrx_word' id='word_1_922' title='bbox 979 5229 1028 5276; x_wconf 82' lang='grc' dir='ltr'>δὲ</span> <span class='ocrx_word' id='word_1_923' title='bbox 1052 5229 1181 5277; x_wconf 75' lang='grc' dir='ltr'>οὐδὲν</span> <span class='ocrx_word' id='word_1_924' title='bbox 1204 5230 1341 5277; x_wconf 83' lang='grc' dir='ltr'>πλέον</span> <span class='ocrx_word' id='word_1_925' title='bbox 1368 5228 1490 5289; x_wconf 76' lang='grc' dir='ltr'>εἶχεν</span> <span class='ocrx_word' id='word_1_926' title='bbox 1514 5228 1683 5288; x_wconf 77' lang='grc' dir='ltr'>ἀνύειν,</span> <span class='ocrx_word' id='word_1_927' title='bbox 1709 5229 1734 5275; x_wconf 86' lang='grc' dir='ltr'><strong><em>ὁ</em></strong></span> <span class='ocrx_word' id='word_1_928' title='bbox 1754 5228 1793 5276; x_wconf 79' lang='grc' dir='ltr'>δ’</span> <span class='ocrx_word' id='word_1_929' title='bbox 1815 5228 1925 5289; x_wconf 80' lang='grc' dir='ltr'>ἐρως</span> <span class='ocrx_word' id='word_1_930' title='bbox 1948 5228 2169 5288; x_wconf 73' lang='grc' dir='ltr'>ἤκμαζεν,</span> <span class='ocrx_word' id='word_1_931' title='bbox 2191 5226 2457 5287; x_wconf 80' lang='grc' dir='ltr'>ἐπεχείρησε</span> <span class='ocrx_word' id='word_1_932' title='bbox 2482 5224 2634 5285; x_wconf 79' lang='grc' dir='ltr'>πράξει</span> <span class='ocrx_word' id='word_1_933' title='bbox 2658 5219 3043 5287; x_wconf 79' lang='grc' dir='ltr'>παραλογωτάτῃ.</span> <span class='ocrx_word' id='word_1_934' title='bbox 3077 5216 3390 5266; x_wconf 75' lang='grc' dir='ltr'>Ἑπιὸουλεύει</span> <span class='ocrx_word' id='word_1_935' title='bbox 3417 5216 3497 5277; x_wconf 83' lang='grc' dir='ltr'>μὲν</span> <span class='ocrx_word' id='word_1_936' title='bbox 3529 5230 3619 5275; x_wconf 83' lang='grc' dir='ltr'>γαρ</span> <span class='ocrx_word' id='word_1_937' title='bbox 3644 5228 3757 5266; x_wconf 73' lang='grc' dir='ltr'>τους</span> 
     </span>
    </p>
   </div>
   <div class='ocr_carea' id='block_1_8' title="bbox 3853 0 3898 5453">
    <p class='ocr_par' dir='ltr' id='par_1_14' title="bbox 3853 0 3898 5453">
     <span class='ocr_line' id='line_1_91' title="bbox 3853 0 3898 5453; baseline 0 0"><span class='ocrx_word' id='word_1_938' title='bbox 3853 0 3898 5453; x_wconf 95' lang='lat' dir='ltr'> </span> 
     </span>
    </p>
   </div>
  </div>
 </body>
</html>
