3900 6042
436 411 1297 447 QQOEGQGQQQ-‘u‘ae-oeae
1304 406 3186 446 &atssdfl‘aedtssnfiwfflD--me’D-wffiffim

1358 747 2289 915 PRAEFATIO.

527 1420 859 1495 Historiae
894 1421 1215 1491 studium
1252 1424 1335 1491 iis
1379 1423 1681 1490 maxime
1710 1423 2157 1518 temporibus
2185 1423 2274 1494 ad
2303 1422 2610 1493 fructum
2651 1424 3094 1493 uberrimum
3131 1435 3192 1490 et

427 1549 519 1620 ad
559 1547 982 1618 suavitatem
1014 1543 1624 1637 jucundissimum
1666 1557 1805 1631 est,
1846 1544 2111 1639 quibus
2157 1560 2396 1613 motus
2441 1544 2536 1614 illi
2572 1544 3038 1613 revolvuntur
3092 1546 3203 1614 in-

426 1685 709 1766 genteS,
742 1666 941 1737 unde
976 1690 1207 1736 novus
1248 1690 1483 1734 rerum
1508 1664 1985 1734 h‘umanarum
2033 1663 2212 1733 ordo
2240 1667 2580 1759 exsurgit,
2603 1691 2683 1734 ac
2707 1690 2888 1735 nova
2916 1665 3202 1761 populis

434 1793 570 1863 fata
618 1789 1092 1859 destinantur.
1149 1786 1778 1856 Verumenimvero
1830 1784 2004 1853 dum
2055 1811 2364 1881 proesens
2419 1803 2864 1857 momentum
2925 1789 3205 1856 animos

430 1925 738 2008 occupat
773 1925 846 1979 et
893 1909 1112 1979 futuri
1142 1909 1573 2004 exspectatio
1619 1909 1807 1978 inter
1845 1934 2044 2005 spem
2092 1925 2508 2005 metumque
2550 1926 2738 1981 tenet
2787 1936 3206 2006 suspenSOS,

431 2036 777 2105 exterritae
794 2038 1007 2103 Musae
1022 2031 1499 2101 conticescere
1515 2055 1596 2099 ac
1610 2029 1884 2101 deserta
1902 2032 2302 2128 priscorum
2321 2049 2785 2103 monumenta
2805 2034 3206 2104 seculorum

435 2156 760 2252 squalere
800 2153 1055 2223 solent.
1087 2156 1367 2237 Quaeras
1407 2153 1618 2245 igitur
1648 2177 1958 2247 quanam
1996 2152 2433 2223 confidentia
2475 2168 2544 2222 et
2586 2156 2992 2241 securitate,
3033 2154 3205 2224 dum

434 2275 803 2346 ruentium
839 2272 1109 2365 fragore
1140 2296 1524 2366 regnorum
1563 2272 1806 2342 omnia
1842 2273 2256 2369 implentur,
2297 2299 2427 2344 nos
2453 2274 2729 2345 tabulas
2763 2277 3029 2371 quibus
3062 2277 3211 2346 lon-

433 2399 705 2493 ginqua
734 2393 1168 2490 populorum
1218 2394 1564 2463 memoria
1601 2395 2015 2489 consignata
2036 2412 2164 2483 est,
2210 2397 2575 2491 colligere,
2611 2398 2906 2468 collecta
2945 2400 3020 2468 in
3071 2424 3205 2494 pu·

438 2518 712 2613 hlicum
762 2540 957 2585 nunc
1008 2513 1219 2584 edere
1270 2538 1640 2583 conemur.
1698 2515 2055 2587 Nimirum
2101 2542 2248 2587 non
2309 2533 2454 2587 tam
2521 2534 2891 2613 stupemus
2945 2519 3019 2589 in
3077 2519 3212 2590 hac

440 2651 863 2734 tempestate
897 2635 1168 2731 fulgura
1205 2635 1322 2706 illa
1353 2635 1648 2723 Gallica,
1687 2637 1953 2732 quibus
1985 2662 2332 2708 concussa
2361 2642 2639 2731 Europa
2673 2641 3011 2710 miscetur
3050 2643 3212 2710 uni·

440 2785 640 2830 versa
658 2812 677 2846 ,
706 2783 921 2855 quam
958 2757 1394 2827 admiramur
1421 2756 1581 2827 coeli
1606 2756 1919 2852 solisque
1946 2760 2394 2829 serenitatem
2414 2810 2433 2847 ,
2463 2784 2620 2855 quoe
2648 2776 2950 2830 sonante
2979 2761 3216 2831 adhuc

443 2882 717 2953 tonitru
746 2904 874 2975 per
902 2894 1086 2949 atras
1128 2878 1357 2949 nubes
1388 2877 1719 2974 refulget,
1750 2881 1932 2967 sive,
1962 2896 2042 2950 ut
2080 2880 2412 2951 disertius
2441 2881 2842 2977 loquamur,
2881 2883 3212 2953 eximiam

442 3003 735 3074 victoris
765 3000 1013 3097 populi
1045 2999 1609 3070 moderationem
1643 3024 2143 3098 summamque
2165 3004 2479 3100 virorum
2511 3004 2776 3099 quibus
2809 3003 3216 3099 reipublicae

444 3122 927 3219 gubernacula
967 3124 1348 3191 commissa
1386 3137 1590 3207 sunt,
1641 3122 2093 3217 prudentiam
2135 3151 2150 3192 :
2192 3149 2334 3219 qua
2373 3124 2668 3220 quidem
2712 3124 3044 3195 effectum
3074 3142 3214 3211 est,

448 3261 530 3316 ut
560 3244 649 3314 ad
681 3258 879 3313 sueta
921 3242 1204 3337 negotia
1241 3241 1465 3312 cuivis
1493 3241 1641 3334 jam
1673 3242 1902 3313 redire
1935 3244 2172 3331 liceat,
2213 3245 2431 3316 modo
2467 3270 2556 3315 ne
2597 3270 2772 3315 vana
2807 3249 3095 3318 terroris
3128 3251 3216 3318 si-

449 3367 763 3436 mulacra
794 3363 1011 3458 fingat
1039 3363 1439 3460 trepidatio.
1474 3366 1776 3434 Tantum
1820 3366 2032 3459 igitur
2069 3366 2301 3453 abest,
2340 3382 2418 3437 ut
2464 3367 2909 3461 antiquitatis
2941 3368 3176 3440 studia
3199 3424 3214 3455 ,

450 3469 777 3585 piaeclara
798 3487 1038 3583 patriae
1054 3485 1313 3556 amoris
1334 3486 1832 3573 instrumenta,
1853 3486 2294 3558 oblivionem
2307 3487 2451 3581 jam
2477 3512 2761 3558 manere
2779 3513 3217 3576 censeamuS,

450 3625 535 3681 ut
566 3635 648 3680 ex
696 3632 883 3680 nova
924 3607 1249 3679 libertate
1284 3632 1552 3677 novum
1586 3607 1673 3676 iis
1701 3605 1924 3677 robur
1960 3632 2410 3679 accessurum
2447 3634 2600 3679 esse
2637 3633 3054 3705 persuasum
3104 3612 3216 3681 sit.

450 3737 692 3828 Neque
716 3732 1173 3828 desperamus
1196 3728 1692 3799 collectionem
1726 3729 2153 3825 scriptorum
2171 3734 2604 3819 Graecorum,
2641 3750 2853 3827 quam
2890 3755 3016 3826 per
3046 3731 3222 3801 duo·

450 3854 687 3924 decim
718 3877 914 3924 nunc
951 3876 1181 3922 annos
1207 3856 1556 3921 menrus
1588 3855 1819 3920 Dmo’r
1855 3866 2217 3921 crescente
2250 3853 2322 3920 in
2375 3851 2566 3922 diem
2606 3851 2822 3922 studii
2865 3852 3221 3924 alacritate

451 4000 623 4047 cum
654 3976 924 4071 ingenti
963 3997 1185 4069 opum
1225 3971 1609 4067 dispendio
1648 3972 1985 4055 instituit,
2033 3971 2416 4066 plaudente
2447 3960 2808 4043 lit‘erarum
2862 3973 3221 4069 republica

454 4099 534 4167 in
574 4096 926 4167 honorem
954 4094 1194 4191 patriae
1222 4117 1429 4189 posse
1462 4091 1765 4179 absolvi,
1796 4090 2118 4189 adeoque
2167 4095 2379 4164 semel
2428 4111 2615 4165 certe
2654 4097 3100 4190 contingere,
3146 4113 3217 4165 ut

454 4215 759 4285 literaria
776 4215 1059 4285 Graeciae
1085 4228 1555 4284 monumenta
1574 4213 1643 4281 in
1672 4200 1895 4282 unur‘n
1926 4215 2166 4283 omnia
2182 4216 2380 4310 quasi
2400 4241 2659 4312 corpus
2675 4228 3220 4309 componantur.

556 4340 884 4407 Ceterum
925 4338 1092 4406 satis
1128 4349 1407 4404 constat
1440 4358 1585 4403 non
1622 4335 2070 4428 acquiescere
2112 4336 2509 4405 Firminum
2555 4336 2775 4405 Didot
2807 4336 2879 4404 in
2925 4333 3225 4403 edendis

459 4454 836 4552 operibuS,
882 4478 1040 4551 quae
1089 4455 1356 4548 integra
1392 4451 1480 4521 ad
1517 4477 1649 4522 nos
1692 4452 2209 4548 perdurarunt,
2251 4454 2373 4525 sed
2417 4457 2627 4525 etiam
2683 4454 3222 4550 deperditorum

462 4577 722 4647 rudera
740 4574 1139 4670 colligenda
1165 4590 1235 4644 et
1262 4573 1353 4643 ad
1383 4574 1594 4669 prisci
1616 4572 1892 4644 ordinis
1919 4575 2461 4645 similitudinem
2489 4574 2942 4670 disponenda
2958 4599 3225 4644 curare.

458 4697 681 4784 Quod
711 4697 1119 4766 institutum
1157 4720 1385 4791 quum
1419 4695 1491 4763 in
1518 4693 1809 4790 reliquis
1847 4695 2070 4766 literis
2100 4696 2403 4792 perutile
2432 4710 2573 4781 est,
2606 4711 2754 4765 tum
2789 4721 2958 4766 vero
2990 4697 3062 4765 in
3104 4697 3225 4783 iis,

458 4841 623 4921 quae
666 4815 754 4886 ad
798 4815 1164 4885 historiam
1196 4816 1594 4911 pertinent,
1634 4817 1895 4885 summi
1929 4832 2122 4913 patet
2160 4842 2312 4888 esse
2351 4818 2719 4888 momenti.
2756 4818 2958 4887 Viam
2986 4819 3058 4887 in
3114 4817 3229 4889 his

459 4962 757 5037 quoque
785 4939 1055 5033 praeivit
1079 4964 1160 5009 ac
1190 4938 1413 5009 facem
1441 4937 1747 5035 praetulit
1778 4936 1964 5008 libro
1996 4938 2486 5012 laudatissimo
2516 4941 2963 5037 (Fragmenta
2996 4940 3229 5011 histo·

466 5063 775 5131 tic-orum
803 5064 1471 5155 antiquissimorum,
1507 5058 1977 5154 Heiclelbergce
2002 5061 2208 5156 1806)
2227 5061 2687 5133 venerandus
2710 5066 2966 5132 Nestor
2997 5062 3230 5157 philo-

470 5184 826 5275 logorum,
843 5186 892 5249 F
895 5206 1252 5252 mosaicus
1283 5188 1337 5251 (Σ
1342 5206 1706 5252 asnznans.
1726 5182 1943 5274 Cujus
1977 5183 2104 5252 viri
2132 5183 2572 5253 celeberrimi
2603 5199 3004 5279 prementes
3033 5186 3234 5252 testi-

727 5314 1031 5357 ,ῑηΑυκητΑ
1063 5314 1132 5349 m
1120 5313 1182 5347 τ.
1216 5314 1290 5347 cu.
1316 5314 1493 5351 —vot..
1533 5315 1582 5349 n.
2924 5325 2959 5363 a
3199 5260 3259 5409 Γῤ

3265 5192 3392 5349 ‚tl-
