3900 6042
1466 471 1967 535 FRAGMENTA.

128 614 230 668 per
264 594 579 649 humanum
604 612 779 667 genus
795 592 982 663 suisse-
1007 596 1261 663 creditur,
1309 607 1556 651 aucwres
1580 597 1692 651 ha-

134 681 219 735 bet
251 680 649 753 Pythagoram
672 680 922 734 Samium
955 691 1015 736 et
1048 680 1295 736 Ocellam
1320 683 1599 737 Lucanum
1635 695 1693 739 et

136 766 439 839 Amlqrtam
496 769 852 822 Tarentinum
896 786 1188 841 omnesque
1226 769 1364 823 adeo
1396 769 1691 842 Pythago-

135 861 285 912 ricos.
315 856 440 911 Sed
449 868 513 910 et
533 857 697 911 Plato
714 855 1066 912 Atheniensis
1086 868 1141 910 et
1152 857 1491 911 Xenocrates
1512 869 1569 912 et
1596 860 1689 911 Di-

135 942 416 997 coearchus
452 945 770 998 Messenius
815 949 1053 1016 itemque
1089 948 1339 1015 antiquoe
1371 946 1693 1000 Academiae

3208 489 3319 538 2³5

1782 610 1965 652 turam
1991 598 2406 664 descenderunt,
2446 603 2502 651 in
2529 617 2642 670 qua
2668 618 2777 653 ex.
2793 600 2998 653 duobus
3036 607 3324 673 superiori·

1780 685 1878 741 bus
1918 690 2256 739 retinuerunt
2297 684 2496 750 multa,
2551 696 2609 738 et
2654 702 2758 756 quo
2797 686 3194 740 descenderant
3247 688 3328 740 ibi

1774 782 2156 844 processerunt
2198 773 2381 844 longe,
2419 772 2550 825 dum
2577 773 2658 825 acl
2697 790 2797 826 nos
2814 762 3196 845 pervenirent:

1865 859 1939 913 Ue
1972 877 2047 913 ex
2085 858 2437 912 arboribus...
2462 863 2544 911 sic
2573 854 2718 932 etc.]
2741 876 2930 913 sensus
2960 877 2974 912 ι
3005 883 3028 907 ι
3051 858 3194 913 adeo
3226 869 3324 928 ut,

1776 944 2261 1017 quemadmodum
2289 947 2471 1018 prima
2499 954 2655 999 aetate
2672 964 2735 1000 ex
2766 945 3066 1000 arboribus
3083 956 3219 1016 etc.,
3250 946 3329 999 sic

127 1030 454 1103 philosophi
494 1048 607 1084 non
634 1031 799 1083 aliud
821 1030 1071 1084 videntur
1091 1035 1328 1103 opinati.
1372 1032 1693 1085 Aristoteles
1782 1036 1839 1088 in
1865 1035 2109 1089 secunda
2130 1052 2199 1089 ex
2226 1034 2559 1089 animalibus
2576 1046 2684 1089 etc.
2715 1060 2737 1082 ι
2758 1036 2944 1105 Quare
2970 1034 3329 1089 scribendum

139 1135 340 1189 quoque
364 1117 677 1188 Stagirites
703 1129 762 1170 et
800 1116 1206 1189 Theophrastus
1233 1118 1497 1190 multique
1531 1137 1689 1190 μαε-

142 1218 287 1259 terea
319 1223 435 1258 non
467 1205 744 1279 ignobiles
780 1206 1140 1278 Peripatetici
1176 1205 1323 1260 idem
1363 1210 1699 1278 scripserunt

142 1297 352 1364 ejusque
392 1296 480 1346 rei
520 1292 783 1363 exempla
803 1292 1017 1357 dicunt,
1052 1292 1203 1364 quod
1234 1304 1441 1363 negent
1470 1297 1694 1347 omnino

138 1397 288 1450 posse
308 1384 573 1453 reperiri,
608 1396 805 1433 avesne
839 1390 973 1433 ante
1011 1397 1087 1433 an
1114 1398 1219 1433 ova
1253 1392 1524 1459 generata
1547 1386 1682 1447 sint,

145 1484 295 1536 quum
313 1477 372 1519 et
385 1484 549 1519 ovum
571 1470 695 1521 sine
708 1483 807 1520 ave
827 1476 886 1519 et
898 1469 1012 1518 avis
1023 1469 1141 1519 sine
1156 1484 1253 1520 ovo
1265 1470 1430 1539 gigni
1447 1485 1557 1521 non
1570 1485 1697 1539 pos-

146 1556 229 1605 sit.
269 1553 476 1626 ltaque
527 1564 585 1607 et
624 1557 891 1617 omnium,
947 1570 1074 1625 quoe
1120 1557 1179 1606 in
1216 1558 1548 1626 sempiterno
1596 1560 1699 1609 isto

150 1640 337 1693 mundo
349 1658 577 1712 semper
579 1637 817 1710 suerunt
822 1636 1130 1711 suturaque
1140 1651 1288 1704 sunt,
1313 1644 1473 1694 aiunt
1482 1646 1696 1713 princi·

145 1731 287 1797 pium
290 1723 476 1796 fuisse
489 1728 735 1793 nullum,
770 1728 871 1780 sed
890 1726 1073 1781 orbem
1095 1744 1213 1780 esse
1233 1728 1507 1799 quendam
1526 1746 1696 1799 gene·

151 1818 372 1868 rantium
391 1819 864 1886 tremendumque,
896 1818 954 1866 in
975 1831 1081 1886 quo
1099 1818 1512 1886 uniuscujusque
1526 1818 1702 1887 geniti

153 1905 348 1955 initium
382 1903 567 1955 simul
582 1913 643 1955 et
657 1900 804 1974 finis
825 1918 941 1955 esse
967 1901 1232 1956 videatur.
1261 1901 1346 1958 cf.
1382 1902 1702 1956 Lactantius

156 1990 233 2056 11,
264 2008 359 2057 103
390 1989 653 2045 Stobaeus
676 1988 791 2044 Ecl.
814 1989 975 2060 Phys.
999 1994 1139 2044 to'm.
1164 1989 1223 2055 Ι,
1248 2006 1307 2060 p.
1340 1994 1477 2053 4¹2·

223 2076 345 2129 Non
365 2094 519 2150 nego
543 2076 908 2147 quaestionem
919 2074 1063 2129 hanc
1082 2092 1113 2128 a
1131 2075 1453 2129 Dicaearcho
1466 2074 1526 2128 in
1544 2075 1703 2131 libris

160 2164 235 2216 De
256 2167 474 2217 interitu
493 2162 631 2217 data
651 2178 825 2234 opera
840 2178 952 2215 esse
974 2170 1289 2228 tractatam3
1309 2160 1546 2216 eandem
1562 2179 1701 2217 vero

161 2267 262 2303 rem
282 2251 443 2304 etiam
465 2250 531 2303 in
568 2250 699 2302 Vita
726 2249 979 2313 Gra-cire,
1014 2246 1171 2318 eujus
1193 2247 1357 2303 initio
1382 2247 1454 2302 de
1472 2248 1702 2303 humani

162 2338 357 2408 generis
367 2336 667 2410 principiis
687 2345 815 2407 apte
838 2352 1021 2389 sermo
1046 2336 1255 2389 institui
1276 2336 1489 2407 potuit,
1512 2339 1704 2409 paucis

164 2442 261 2477 esse
285 2425 623 2497 explicatam
647 2463 662 2490 ,
707 2419 935 2495 colligas
960 2423 1005 2476 si
1028 2440 1156 2477 cum
1184 2422 1507 2497 fragmentis
1534 2444 1557 2480 1
1576 2425 1700 2482 —3

165 2511 572 2583 comparaveris
611 2509 880 2567 Varronis
913 2508 1104 2564 locum
1128 2509 1245 2580 jam
1282 2511 1700 2583 apponendum.

234 2719 402 2773 Varro
428 2719 517 2773 De
551 2735 617 2771 re
639 2728 773 2773 rust.
798 2718 882 2786 11,
918 2736 941 2771 1
979 2736 993 2771 z
1019 2720 1218 2789 Igitur,
1250 2724 1504 2792 inquam,
1538 2732 1595 2776 et
1612 2720 1708 2776 ho-

172 2809 327 2859 mines
352 2817 405 2858 et
425 2822 618 2877 pecua
641 2822 804 2876 quum
827 2821 1044 2875 semper
1045 2802 1234 2871 fuisse
1248 2810 1320 2860 sit
1341 2825 1578 2874 necesse,
1602 2827 1705 2862 na-

172 2902 295 2958 tum,
338 2897 448 2945 sive
473 2896 635 2946 enim
657 2891 888 2963 aliquod
898 2888 1028 2961 suit
1045 2897 1380 2965 principium
1402 2897 1709 2969 generandi

97 2999 109 3011 ·
174 2982 500 3048 animalium,
524 2989 594 3031 ut
593 2981 825 3051 putavit
850 2977 1053 3031 Thales
1073 2978 1324 3035 Milesius
1343 2992 1399 3035 et
1416 2981 1569 3035 Zeno
1588 2981 1636 3037 C
1638 2986 1705 3035 it·

176 3069 296 3117 tieus
311 3108 332 3133 ,
378 3070 492 3120 sive
514 3076 719 3119 contra
735 3068 1072 3139 principium
1112 3064 1309 3120 horum
1348 3071 1562 3120 erstitit
1590 3069 1711 3120 nul·

177 3152 273 3204 lum
286 3193 299 3215 ‚
330 3164 387 3206 ut
400 3152 653 3206 credidit
669 3149 1027 3224 Pythagoras
1043 3152 1268 3206 Samius
1297 3164 1358 3207 et
1389 3154 1710 3208 Aristoteles

175 3236 454 3307 Stagirites,
491 3255 723 3292 necesse
753 3250 835 3292 est
851 3237 1117 3292 humana·
1142 3244 1267 3293 vitoe
1287 3259 1327 3293 a
1347 3258 1564 3294 summa
1588 3258 1709 3294 me-

179 3328 333 3377 moria
362 3324 660 3396 gmdatim
695 3323 1042 3379 descendisse
1081 3327 1163 3379 ad
1183 3325 1337 3381 hanc
1360 3338 1584 3380 oetatem
1602 3369 1617 3395 ,
1653 3338 1715 3381 ut

180 3404 345 3465 s'cribit
356 3410 749 3477 Dictum-chus,
781 3424 841 3466 et
852 3430 1119 3468 summum
1136 3415 1372 3488 gradum
1385 3413 1573 3485 fuisse
1601 3433 1711 3469 na-

181 3500 404 3566 turalem,
433 3517 607 3572 quum
635 3503 871 3554 viverent
889 3500 1137 3554 homines
1156 3519 1232 3555 ex
1252 3502 1369 3555 illis
1381 3499 1559 3568 rebus,
1586 3520 1713 3575 quee

184 3586 436 3638 inviolata
454 3588 607 3640 ultro
614 3580 805 3654 senet
843 3592 1013 3651 αξη-α,
1048 3604 1123 3639 ex
1148 3585 1258 3640 hac
1285 3592 1393 3641 vita
1434 3592 1493 3641 in
1514 3605 1711 3641 secun-

181 3669 297 3725 dam
320 3670 667 3726 descendisse
688 3674 1044 3743 pastoricium
1070 3689 1103 3725 e
1121 3668 1271 3741 seris
1296 3684 1461 3745 atque
1484 3679 1714 3744 agreste·-

187 3754 290 3824 bus,
318 3768 374 3810 ut
402 3775 479 3811 ex
495 3756 783 3811 arboribus
798 3774 868 3810 ac
903 3759 1148 3831 virgultis
1164 3759 1503 3831 decerpendo
1543 3760 1715 3832 glan-

185 3841 310 3908 ἄστη,
334 3845 592 3897 arbatum
602 3861 885 3915 pomaque
901 3846 1233 3920 colligerent
1246 3847 1328 3899 ad
1341 3864 1516 3911 usum,
1542 3849 1624 3898 sic
1643 3863 1718 3898 ex

189 3931 511 3998 animalibus,
553 3920 745 4002 quum'
756 3942 986 4004 propter
1009 3933 1243 3987 eandem
1273 3933 1564 3986 utilitatem
1590 3951 1715 4005 qua,-

182 4027 382 4084 possent
402 4021 453 4069 si
456 4019 682 4071 laesa-ia
700 4016 1247 4090 deprehendet-eatae
1263 4019 1650 4074 concluderent
1663 4030 1718 4072 et

193 4114 632 4160 mansuescerent.
682 4104 757 4157 1η
788 4108 944 4175 queis
977 4110 1226 4178 primum
1254 4123 1362 4160 non
1399 4110 1522 4159 sine
1547 4123 1717 4158 causa

185 4200 371 4256 putant
407 4208 528 4244 oves
555 4201 866 4263 assumptas
911 4202 971 4244 et
999 4203 1230 4264 propter
1266 4193 1655 4266 placiditatem
1701 4205 1722 4238 ·‘

194 4280 419 4330 maz-ime
441 4282 595 4331 enim
638 4274 735 4329 12oe
757 4288 959 4330 natura
997 4282 1200 4351 quietoe
1224 4289 1284 4332 et
1303 4282 1609 4351 qptissimoe
1640 4280 1722 4331 ad

195 4366 339 4416 vitam
355 4362 636 4417 hominum
655 4381 675 4415 .·
694 4364 964 4419 adcibum
987 4369 1130 4418 enim
1155 4367 1299 4419 lacte
1311 4377 1369 4419 et
1383 4383 1600 4420 caseum
1618 4366 1716 4417 ad-

196 4446 411 4503 hibitum
434 4468 451 4515 ;
478 4450 565 4504 ad
592 4468 784 4523 corpus
824 4456 1067 4505 vestitum
1107 4462 1164 4505 et
1194 4454 1374 4525 pelles
1399 4454 1713 4506 attulerunt.

204 4534 366 4588 Tertio
401 4537 637 4609 denique
662 4537 842 4609 gradu
864 4556 904 4590 a
932 4542 1041 4591 vita
1052 4540 1335 4611 pastorali
1360 4539 1443 4591 ad
1478 4539 1715 4609 agricul-

254 4785 465 4833 Partltlo
482 4798 581 4835 non
607 4784 855 4848 suffocat.
888 4787 1325 4837 choearchusllbro
1349 4790 1417 4837 De
1432 4788 1573 4838 rebus
1589 4790 1725 4838 Grae·

202 4874 352 4911 eorum
374 4874 554 4914 morem
588 4877 684 4912 non
712 4864 856 4914 ruisse
882 4866 952 4915 ait
978 4866 1242 4929 antiquitus
1273 4867 1506 4929 partiendi
1530 4867 1721 4928 cibum;

203 4939 297 4993 pout
313 4939 463 4987 tamen
477 4952 628 5002 quum
642 4941 784 4989 oei-tls
796 4941 855 4991 de
873 4943 1029 4992 causis
1042 4942 1245 4993 deficere
1263 4944 1517 5006 coepissent
1534 4944 1693 4993 edulia
1706 4980 1721 5005 ,

204 5010 422 5064 dividendi
442 5028 550 5065 mos
564 5016 792 5079 invaluit,
816 5019 1023 5081 indeque
1034 5022 1240 5068 tractum
1254 5020 1579 5084 proverbium.
1598 5024 1720 5084 Epu-

208 5085 269 5134 hs
297 5092 415 5140 enim
448 5094 767 5144 communiter
788 5097 837 5143 et
857 5108 952 5144 non
987 5096 1259 5158 singulatim
1282 5096 1554 5159 dispertitas
1590 5098 1723 5147 initio

209 5168 471 5221 mlentinroe
492 5172 751 5232 eripiebant
785 5172 1100 5229 tenuioribus,
1132 5174 1212 5233 qni
1246 5179 1492 5235 propterea
1516 5176 1720 5223 suffoca·

1780 1133 1920 1193 puto
1954 1139 1968 1175 =
2001 1132 2072 1186 ut,
2112 1132 2184 1188 ut,
2215 1123 2254 1175 i.
2288 1140 2319 1176 e
2357 1123 2500 1176 adeo
2526 1134 2607 1187 ut,
2640 1123 3119 1193 quemadmodum.
3168 1120 3333 1176 Fuh-

1782 1209 1897 1261 rius
1936 1226 1995 1280 p.
2052 1226 2157 1277 107
2211 1209 2378 1280 plura
2427 1207 2877 1281 transponenda,
2928 1209 3034 1263 alia
3065 1205 3330 1261 mutanda

1784 1296 1841 1347 in
1871 1295 1927 1350 h.
1961 1295 1999 1347 l.
2033 1306 2221 1349 censet
2241 1306 2443 1369 praeter
2467 1311 2692 1349 omnem
2717 1296 3117 1350 necessitatem.

2539 1431 2594 1486 5.

1866 1570 2025 1625 Idem
2054 1570 2194 1625 ibid.
2228 1571 2277 1637 1,
2316 1589 2353 1643 9
2386 1588 2399 1626 ε
2425 1571 2499 1624 Et
2519 1570 2760 1642 -quidem
2788 1570 2919 1623 licet
2944 1572 3203 1641 adficias,
3244 1576 3336 1625 in-

1786 1676 1967 1730 quam,
1989 1668 2270 1731 pastorum
2286 1652 2452 1710 eitam
2466 1674 2582 1710 esse
2601 1660 2936 1722 incentivam,
2967 1658 3336 1726 agricolarum

1786 1750 2161 1811 succentivam,
2181 1756 2402 1799 auctore
2418 1744 2728 1799 doctissimo
2738 1742 2961 1797 homine
2975 1743 3330 1810 Dicoeamho,

1788 1836 1881 1906 qui
1901 1834 2138 1887 Groecioe
2156 1838 2322 1886 vitam
2350 1832 2534 1903 qualis
2538 1826 2725 1898 suerit
2759 1830 2834 1883 ab
2871 1834 3032 1884 initio
3056 1830 3215 1884 nobis
3255 1836 3338 1884 ita

1790 1918 2027 1975 ostendit
2048 1958 2065 1985 ,
2101 1929 2161 1971 ut
2184 1918 2549 1991 superioribus
2577 1914 2907 1987 temporibus
2917 1913 3103 1985 fuisse
3137 1917 3340 1971 doceat

1790 2025 1954 2081 quum
1968 2005 2564 2078 hominespastotitiam
2580 2008 2745 2057 vitam
2773 2008 3022 2069 viverent,
3042 2021 3216 2075 neque
3230 2009 3312 2057 sci
3322 2035 3337 2046 ·

1790 2105 1916 2148 rent
1926 2097 2097 2147 etiam
2120 2110 2286 2146 arare
2305 2102 2510 2145 terram
2529 2102 2626 2144 aut
2646 2107 2824 2144 serere
2854 2090 3075 2145 arbores
3093 2101 3194 2143 aut
3225 2110 3339 2163 pu-

1793 2193 1935 2247 tare;
1957 2179 2032 2234 ab
2053 2178 2145 2233 his
2166 2178 2433 2249 infit-iore
2445 2177 2634 2250 gradu
2646 2183 2834 2232 oetatis
2860 2189 3167 2252 susceptam
3189 2183 3316 2251 agri
3320 2207 3339 2221 ·

1790 2269 2081 2322 culturam,
2583 2278 2590 2285 ·

2528 2402 2586 2455 6.

1872 2541 2152 2598 zenobius
2196 2544 2256 2609 V,
2290 2539 2362 2596 23
2402 2559 2416 2595 :
2456 2536 2653 2616 Μιρὶς
2690 2537 2756 2595 οὗ
2785 2535 3028 2614 πνίγει·
3076 2537 3338 2616 Δικαίαρ-

1794 2627 1886 2706 γός
1911 2650 2067 2707 φησιν
2085 2629 2137 2684 ἰν
2164 2633 2269 2691 τοῖς
2293 2624 2425 2705 Περὶ
2447 2629 2539 2695 τῆς
2563 2622 2817 2689 Ἑλλάδος
2843 2627 2893 2683 ἐν
2913 2632 3018 2689 τοῖς
3034 2624 3253 2689 δείπνοις
3269 2624 3345 2701 μὴ

1798 2693 1927 2772 :lvci
1952 2712 2164 2785 σύνηθες
2190 2713 2297 2778 τοῖς
2329 2711 2564 2791 ἀρχαίοις
2608 2711 2869 2789 διανέμειν
2895 2713 3134 2792 μερίδας·
3177 2712 3265 2771 διὰ
3290 2714 3345 2772 δὲ

1799 2801 2085 2883 προφάσεις
2114 2799 2259 2866 τινὰς
2301 2798 2632 2879 ἐνδεεστέρων
2661 2797 2951 2876 γενομένων
2977 2802 3078 2856 τῶν
3120 2801 3346 2876 ἔδεσμάα

1797 2911 1923 2960 των,
1945 2891 2207 2968 κρατῆσαι
2230 2885 2290 2944 τὸ
2315 2883 2425 2952 ἶθος
2441 2890 2545 2943 τῶν
2580 2885 2823 2965 μερίδων,
2846 2884 2936 2942 καὶ
2966 2886 3051 2942 διὰ
3080 2891 3230 2944 τοῦτο
3250 2886 3345 2959 τὴν

1798 2973 2084 3055 παροιμίαν
2112 2976 2367 3053 εἰρῆσθαι.
2388 2976 2509 3033 Τῶν
2536 2972 2641 3052 γὰρ
2667 2971 2966 3047 ἕδεσμάτων
2991 2976 3137 3052 κοινῇ
3164 2972 3254 3031 καὶ
3271 2973 3346 3050 μὴ

1799 3060 1937 3119 κατὰ
1967 3061 2118 3140 μέρος
2145 3059 2445 3136 τιθεμένων,
2469 3059 2529 3117 τὸ
2555 3059 2801 3139 πρότερον
2825 3062 2873 3117 οἱ
2901 3058 3243 3139 δυνατώτεροι
3258 3060 3350 3129 τὰς

1800 3146 1992 3230 τροφὰς
2018 3152 2119 3207 τῶν
2158 3150 2386 3206 ἀσθενῶν
2409 3145 2663 3227 ἥρπαζον,
2705 3146 2795 3205 καὶ
2837 3146 3104 3205 συνέὸαινε
3143 3147 3352 3216 τούτους

1803 3233 2216 3345 ἀποπνίζεσθαι,
2260 3233 2334 3311 μὴ
2376 3233 2686 3307 δυναμένους
2734 3237 2933 3298 ἑαυτοῖς
2982 3237 3202 3313 βοηθεῖν.
3249 3234 3351 3295 Διὰ

1801 3327 1953 3380 τοῦτο
1981 3345 2069 3380 ουν
2115 3324 2143 3380 ὁ
2177 3320 2424 3400 μερισμὸς
2451 3319 2726 3390 ἐπενοήθη.
2759 3322 2846 3378 cf.
2893 3324 3149 3397 Apostol.
3201 3324 3348 3394 XII,

1803 3411 1879 3486 69
1923 3421 1980 3466 et
2006 3411 2284 3483 reliquos,
2325 3428 2469 3483 quos
2510 3409 2703 3465 laudat
2741 3409 3069 3466 Leutschius
3109 3410 3184 3466 ad
3209 3411 3265 3463 h.
3308 3412 3348 3465 l.

1804 3500 2203 3572 Fragmentum
2236 3496 2308 3552 ad
2337 3498 2583 3571 antiquae
2610 3497 2735 3551 vitae
2766 3495 3201 3571 descriptionem
3224 3516 3354 3551 cum

1803 3586 2142 3640 Buttmanno
2165 3583 2355 3640 retuli.
2384 3585 2483 3640 Sin
2508 3583 2621 3637 alio
2644 3600 2712 3638 ex
2732 3582 2882 3638 libro
2905 3584 3147 3658 petitum
3172 3584 3354 3652 malis,

1806 3672 1944 3725 nihil
1973 3670 2245 3744 refragor.

2554 3819 2609 3870 7·

1883 3932 2071 4005 Apoll.
2105 3930 2296 3987 Rhod.
2317 3930 2412 3999 IV,
2439 3937 2550 4001 274
2590 3932 2668 3986 ait
2697 3931 3152 4006 :VinAEgyptius
3169 3934 3360 3988 Asiam

1806 4030 1863 4076 et
1905 4021 2193 4092 Europam
2240 4019 2584 4092 peragravit,
2631 4013 2791 4094 μυρία
2833 4014 2879 4073 δ’
2926 4014 3060 4086 ἄστη
3112 4016 3362 4076 Naissus*

1806 4103 2171 4182 ἐποιχόμενος,
2201 4103 2268 4159 τὰ
2304 4101 2400 4179 μὲν
2425 4102 2455 4174 ἤ
2487 4108 2606 4160 ποθι
2634 4101 2980 4174 ναιετάουσιν,
3009 4100 3103 4160 'lli
3131 4102 3221 4159 καὶ
3261 4103 3320 4161 οὗ
3339 4130 3352 4142 ·

1807 4189 1998 4255 πουλὺς
2023 4190 2123 4269 γὰρ
2146 4189 2275 4261 ἄδην
2310 4188 2610 4261 ἐπενήνοθεν
2638 4188 2783 4247 αἰών.
2823 4192 2913 4247 Ad
2955 4192 3073 4246 haec
3099 4191 3362 4248 scholion

1807 4280 2094 4353 vulgatum
2120 4295 2136 4334 ε
2165 4274 2522 4353 Σεσόγχωσις,
2568 4273 2835 4352 Αἰγύπτου
2862 4275 3037 4346 πάσης
3075 4276 3317 4353 βασιλεὺς
3334 4325 3358 4353 ,

1809 4361 1940 4436 μετὰ
1965 4353 2128 4440 Ὦρον
2151 4361 2238 4418 τὸν
2264 4356 2458 4427 Ἴσιδος
2484 4360 2575 4419 καὶ
2613 4360 2867 4439 Ὀσίριδος
2892 4362 3053 4418 παῖδα
3075 4405 3092 4435 ‚
3127 4361 3224 4432 τὴν
3256 4362 3362 4437 μὲν·

1809 4446 1983 4507 Ἀσίαν
2024 4446 2259 4526 ὁρμήσας
2299 4455 2478 4505 πᾶσαν
2512 4447 2929 4527 κατεστρέψατο,
2960 4447 3149 4524 ὁμοίως
3175 4448 3266 4506 καὶ
3289 4450 3363 4506 τὰ·

1809 4535 2030 4591 πλεῖστα
2059 4538 2150 4603 τῆς
2179 4531 2456 4611 Εὐρώπης.
2488 4532 2877 4613 Ἀκριὸἑστερον
2916 4533 2976 4593 δέ
3000 4536 3111 4593 ἐστι
3142 4535 3209 4593 τὰ
3236 4537 3361 4613 περὶ

1809 4698 2000 4760 bantur,
2021 4697 2148 4761 quod
2174 4698 2425 4748 defendere
2445 4712 2498 4748 se
2519 4702 2686 4747 contra
2706 4699 2812 4749 illos
2836 4712 2931 4749 non
2945 4702 3152 4758 possent.
3175 4704 3354 4759 Quam-

1808 4776 1974 4825 obrem
2029 4776 2291 4839 excogitata
2313 4776 2506 4840 partitio
2531 4780 2620 4827 est.

1870 4938 2175 4987 sesonchosis
2194 4938 2303 5001 post
2317 4940 2500 4987 Horum
2515 4974 2530 4999 ,
2556 4939 2756 4989 Osiridis
2769 4940 2819 4987 et
2842 4938 2977 4989 lsidis
3000 4939 3182 5001 filium,
3206 4941 3357 4989 totius

1810 5014 1998 5075 AEgypti
2020 5027 2101 5063 rex
2117 5051 2130 5075 ‚
2152 5018 2372 5078 suscepta
2389 5014 2689 5078 expeditione
2719 5016 2878 5065 Asiam
2901 5015 2991 5065 sibi
3021 5015 3224 5078 subjecit
3251 5016 3355 5065 uni-

1809 5104 1994 5140 versam
2006 5129 2021 5153 ,
2043 5092 2352 5156 similiterque
2368 5093 2512 5143 etiam
2527 5097 2729 5155 Europoe
2748 5095 2933 5155 partem
2951 5093 3195 5157 majorem.
3219 5098 3354 5151 Quo·

1810 5182 1917 5216 rum
1962 5169 2156 5217 historia
2204 5170 2478 5219 accuratius
2512 5169 2767 5233 exponitur
2804 5170 2931 5233 apud
2975 5171 3352 5223 Herodotum...
