<?xml version="1.0" encoding="UTF-8"?>
<!DOCTYPE html PUBLIC "-//W3C//DTD XHTML 1.0 Transitional//EN"
    "http://www.w3.org/TR/xhtml1/DTD/xhtml1-transitional.dtd">
<html xmlns="http://www.w3.org/1999/xhtml" xml:lang="en" lang="en">
 <head>
  <title>
</title>
<meta http-equiv="Content-Type" content="text/html;charset=utf-8" />
  <meta name='ocr-system' content='tesseract 3.04.00' />
  <meta name='ocr-capabilities' content='ocr_page ocr_carea ocr_par ocr_line ocrx_word'/>
</head>
<body>
  <div class='ocr_page' id='page_1' title='image "./fragmentahistor03unkngoog_0100.png"; bbox 0 0 3900 6042; ppageno 0'>
   <div class='ocr_carea' id='block_1_1' title="bbox 1536 503 3328 576">
    <p class='ocr_par' dir='ltr' id='par_1_1' title="bbox 1536 503 3328 576">
     <span class='ocr_line' id='line_1_1' title="bbox 1536 503 3328 576; baseline -0.002 -12"><span class='ocrx_word' id='word_1_1' title='bbox 1536 505 1666 566; x_wconf 86' lang='lat' dir='ltr'><strong>lON</strong></span> <span class='ocrx_word' id='word_1_2' title='bbox 1707 503 1960 566; x_wconf 81' lang='lat' dir='ltr'><strong>cnlUS.</strong></span> <span class='ocrx_word' id='word_1_3' title='bbox 3254 523 3328 576; x_wconf 74' lang='lat'><strong>45</strong></span> 
     </span>
    </p>
   </div>
   <div class='ocr_carea' id='block_1_2' title="bbox 145 633 1702 1317">
    <p class='ocr_par' dir='ltr' id='par_1_2' title="bbox 145 633 1697 713">
     <span class='ocr_line' id='line_1_2' title="bbox 145 633 1697 713; baseline 0 -21"><span class='ocrx_word' id='word_1_4' title='bbox 145 653 184 692; x_wconf 77' lang='lat' dir='ltr'><strong>a</strong></span> <span class='ocrx_word' id='word_1_5' title='bbox 209 635 676 712; x_wconf 77' lang='grc' dir='ltr'>Κοσμολογικῷ</span> <span class='ocrx_word' id='word_1_6' title='bbox 700 633 865 713; x_wconf 78' lang='grc' dir='ltr'>λόγῳ</span> <span class='ocrx_word' id='word_1_7' title='bbox 885 635 1111 691; x_wconf 82' lang='lat' dir='ltr'><strong>sortasse</strong></span> <span class='ocrx_word' id='word_1_8' title='bbox 1140 655 1255 691; x_wconf 88' lang='lat' dir='ltr'><strong>non</strong></span> <span class='ocrx_word' id='word_1_9' title='bbox 1273 635 1585 707; x_wconf 79' lang='lat' dir='ltr'><strong>diversum,</strong></span> <span class='ocrx_word' id='word_1_10' title='bbox 1614 649 1697 694; x_wconf 85' lang='lat' dir='ltr'><strong>at·</strong></span> 
     </span>
    </p>

    <p class='ocr_par' dir='ltr' id='par_1_3' title="bbox 146 723 1702 1317">
     <span class='ocr_line' id='line_1_3' title="bbox 146 723 1699 799; baseline 0.001 -21"><span class='ocrx_word' id='word_1_11' title='bbox 146 725 315 792; x_wconf 83' lang='lat' dir='ltr'><strong>tinet,</strong></span> <span class='ocrx_word' id='word_1_12' title='bbox 350 724 489 779; x_wconf 84' lang='lat' dir='ltr'><strong>falso</strong></span> <span class='ocrx_word' id='word_1_13' title='bbox 517 744 654 780; x_wconf 87' lang='lat' dir='ltr'><strong>eum</strong></span> <span class='ocrx_word' id='word_1_14' title='bbox 681 725 918 799; x_wconf 83' lang='lat' dir='ltr'><strong>Epigeni</strong></span> <span class='ocrx_word' id='word_1_15' title='bbox 946 723 1116 778; x_wconf 89' lang='lat' dir='ltr'><strong>tribui</strong></span> <span class='ocrx_word' id='word_1_16' title='bbox 1144 732 1391 780; x_wconf 73' lang='lat' dir='ltr'><strong>statuunt</strong></span> <span class='ocrx_word' id='word_1_17' title='bbox 1419 724 1699 796; x_wconf 87' lang='lat' dir='ltr'><strong>Bentlejus</strong></span> 
     </span>
     <span class='ocr_line' id='line_1_4' title="bbox 147 810 1701 885; baseline 0.001 -20"><span class='ocrx_word' id='word_1_18' title='bbox 147 811 591 885; x_wconf 81' lang='lat' dir='ltr'><strong>etNieberding.</strong></span> <span class='ocrx_word' id='word_1_19' title='bbox 609 831 673 885; x_wconf 91' lang='lat' dir='ltr'><strong>p.</strong></span> <span class='ocrx_word' id='word_1_20' title='bbox 708 810 806 884; x_wconf 83' lang='lat'><strong>98.</strong></span> <span class='ocrx_word' id='word_1_21' title='bbox 836 811 1058 866; x_wconf 83' lang='lat' dir='ltr'>Scilicet</span> <span class='ocrx_word' id='word_1_22' title='bbox 1082 811 1390 884; x_wconf 85' lang='lat' dir='ltr'><strong>Epigenem</strong></span> <span class='ocrx_word' id='word_1_23' title='bbox 1417 812 1701 883; x_wconf 80' lang='lat' dir='ltr'>quendam</span> 
     </span>
     <span class='ocr_line' id='line_1_5' title="bbox 153 895 1696 973; baseline 0.001 -22"><span class='ocrx_word' id='word_1_24' title='bbox 153 895 399 952; x_wconf 76' lang='lat' dir='ltr'><strong>dramata</strong></span> <span class='ocrx_word' id='word_1_25' title='bbox 438 900 596 953; x_wconf 88' lang='lat' dir='ltr'><strong>Ionis</strong></span> <span class='ocrx_word' id='word_1_26' title='bbox 617 899 919 972; x_wconf 77' lang='lat' dir='ltr'>explicasse</span> <span class='ocrx_word' id='word_1_27' title='bbox 949 898 1125 970; x_wconf 85' lang='lat' dir='ltr'><strong>liquet</strong></span> <span class='ocrx_word' id='word_1_28' title='bbox 1157 914 1228 951; x_wconf 82' lang='lat' dir='ltr'><strong>ex</strong></span> <span class='ocrx_word' id='word_1_29' title='bbox 1255 897 1520 952; x_wconf 83' lang='lat' dir='ltr'><strong>Athenaeo</strong></span> <span class='ocrx_word' id='word_1_30' title='bbox 1554 897 1696 973; x_wconf 82' lang='lat' dir='ltr'><strong>(IX,</strong></span> 
     </span>
     <span class='ocr_line' id='line_1_6' title="bbox 152 981 1701 1086; baseline 0.003 -52"><span class='ocrx_word' id='word_1_31' title='bbox 152 999 207 1055; x_wconf 84' lang='lat' dir='ltr'><strong>p.</strong></span> <span class='ocrx_word' id='word_1_32' title='bbox 235 982 369 1052; x_wconf 83' lang='grc'><strong>468,</strong></span> <span class='ocrx_word' id='word_1_33' title='bbox 396 981 494 1060; x_wconf 83' lang='lat' dir='ltr'><strong>C).</strong></span> <span class='ocrx_word' id='word_1_34' title='bbox 528 986 697 1040; x_wconf 84' lang='lat' dir='ltr'><strong>Hunc</strong></span> <span class='ocrx_word' id='word_1_35' title='bbox 719 984 1144 1086; x_wconf 83' lang='lat' dir='ltr'><strong>grammaticum</strong></span> <span class='ocrx_word' id='word_1_36' title='bbox 1169 983 1412 1038; x_wconf 91' lang='lat' dir='ltr'><strong>eundem</strong></span> <span class='ocrx_word' id='word_1_37' title='bbox 1430 1003 1543 1040; x_wconf 86' lang='lat' dir='ltr'><strong>esse</strong></span> <span class='ocrx_word' id='word_1_38' title='bbox 1563 1004 1701 1039; x_wconf 89' lang='lat' dir='ltr'><strong>cen-</strong></span> 
     </span>
     <span class='ocr_line' id='line_1_7' title="bbox 149 1064 1702 1147; baseline 0.001 -22"><span class='ocrx_word' id='word_1_39' title='bbox 149 1081 268 1125; x_wconf 79' lang='lat' dir='ltr'><strong>sent</strong></span> <span class='ocrx_word' id='word_1_40' title='bbox 291 1089 419 1130; x_wconf 88' lang='lat' dir='ltr'><strong>cum</strong></span> <span class='ocrx_word' id='word_1_41' title='bbox 443 1071 727 1144; x_wconf 79' lang='lat' dir='ltr'><strong>Epigene‚</strong></span> <span class='ocrx_word' id='word_1_42' title='bbox 758 1072 856 1143; x_wconf 86' lang='lat' dir='ltr'><strong>qui</strong></span> <span class='ocrx_word' id='word_1_43' title='bbox 893 1066 1027 1147; x_wconf 79' lang='grc' dir='ltr'>Περὶ</span> <span class='ocrx_word' id='word_1_44' title='bbox 1064 1071 1157 1138; x_wconf 74' lang='grc' dir='ltr'><strong>τῆς</strong></span> <span class='ocrx_word' id='word_1_45' title='bbox 1184 1064 1420 1147; x_wconf 79' lang='grc' dir='ltr'>Ὀρφέως</span> <span class='ocrx_word' id='word_1_46' title='bbox 1446 1067 1702 1137; x_wconf 75' lang='grc' dir='ltr'>ποιήσεως</span> 
     </span>
     <span class='ocr_line' id='line_1_8' title="bbox 149 1156 1700 1230; baseline 0.001 -20"><span class='ocrx_word' id='word_1_47' title='bbox 149 1158 423 1230; x_wconf 73' lang='lat' dir='ltr'>scripsisse</span> <span class='ocrx_word' id='word_1_48' title='bbox 450 1157 679 1228; x_wconf 79' lang='lat' dir='ltr'><strong>dicitur3</strong></span> <span class='ocrx_word' id='word_1_49' title='bbox 700 1157 774 1212; x_wconf 88' lang='lat' dir='ltr'><strong>ab</strong></span> <span class='ocrx_word' id='word_1_50' title='bbox 793 1156 994 1212; x_wconf 88' lang='lat' dir='ltr'><strong>eodem</strong></span> <span class='ocrx_word' id='word_1_51' title='bbox 1020 1156 1267 1229; x_wconf 89' lang='lat' dir='ltr'><strong>denique</strong></span> <span class='ocrx_word' id='word_1_52' title='bbox 1293 1158 1460 1211; x_wconf 88' lang='lat' dir='ltr'><strong>etiam</strong></span> <span class='ocrx_word' id='word_1_53' title='bbox 1485 1158 1545 1210; x_wconf 90' lang='lat' dir='ltr'><strong>in</strong></span> <span class='ocrx_word' id='word_1_54' title='bbox 1563 1158 1700 1230; x_wconf 88' lang='lat' dir='ltr'><strong>phi-</strong></span> 
     </span>
     <span class='ocr_line' id='line_1_9' title="bbox 148 1244 1700 1317; baseline 0 -20"><span class='ocrx_word' id='word_1_55' title='bbox 148 1244 440 1317; x_wconf 80' lang='lat' dir='ltr'><strong>losophica</strong></span> <span class='ocrx_word' id='word_1_56' title='bbox 467 1245 622 1304; x_wconf 86' lang='lat' dir='ltr'><strong>Ionis</strong></span> <span class='ocrx_word' id='word_1_57' title='bbox 662 1244 1091 1299; x_wconf 69' lang='lat' dir='ltr'><strong>commentarios</strong></span> <span class='ocrx_word' id='word_1_58' title='bbox 1133 1245 1370 1317; x_wconf 77' lang='lat' dir='ltr'><strong>scriptos</strong></span> <span class='ocrx_word' id='word_1_59' title='bbox 1414 1261 1559 1312; x_wconf 89' lang='lat' dir='ltr'><strong>esse,</strong></span> <span class='ocrx_word' id='word_1_60' title='bbox 1600 1246 1700 1317; x_wconf 81' lang='lat' dir='ltr'><strong>qui</strong></span> 
     </span>
    </p>
   </div>
   <div class='ocr_carea' id='block_1_3' title="bbox 13 1287 1698 1403">
    <p class='ocr_par' dir='ltr' id='par_1_4' title="bbox 13 1287 1698 1403">
     <span class='ocr_line' id='line_1_10' title="bbox 13 1287 1698 1403; baseline 0.001 -19"><span class='ocrx_word' id='word_1_61' title='bbox 13 1287 22 1328; x_wconf 47' lang='lat'><em>³</em></span> <span class='ocrx_word' id='word_1_62' title='bbox 139 1348 325 1402; x_wconf 88' lang='lat' dir='ltr'><strong>quum</strong></span> <span class='ocrx_word' id='word_1_63' title='bbox 340 1350 456 1386; x_wconf 88' lang='lat' dir='ltr'><strong>una</strong></span> <span class='ocrx_word' id='word_1_64' title='bbox 470 1350 599 1386; x_wconf 88' lang='lat' dir='ltr'><strong>cum</strong></span> <span class='ocrx_word' id='word_1_65' title='bbox 617 1332 726 1386; x_wconf 89' lang='lat' dir='ltr'><strong>illis</strong></span> <span class='ocrx_word' id='word_1_66' title='bbox 743 1330 1255 1399; x_wconf 70' lang='lat' dir='ltr'><strong>circumferrentur,</strong></span> <span class='ocrx_word' id='word_1_67' title='bbox 1282 1329 1442 1385; x_wconf 81' lang='lat' dir='ltr'><strong>facile</strong></span> <span class='ocrx_word' id='word_1_68' title='bbox 1455 1333 1698 1403; x_wconf 78' lang='lat' dir='ltr'><strong>potuisse</strong></span> 
     </span>
    </p>
   </div>
   <div class='ocr_carea' id='block_1_4' title="bbox 129 1395 1699 5047">
    <p class='ocr_par' dir='ltr' id='par_1_5' title="bbox 135 1395 1696 1580">
     <span class='ocr_line' id='line_1_11' title="bbox 135 1395 1696 1492; baseline 0.002 -22"><span class='ocrx_word' id='word_1_69' title='bbox 135 1414 298 1485; x_wconf 83' lang='lat' dir='ltr'><strong>fieri,</strong></span> <span class='ocrx_word' id='word_1_70' title='bbox 328 1428 392 1471; x_wconf 87' lang='lat' dir='ltr'><strong>ut</strong></span> <span class='ocrx_word' id='word_1_71' title='bbox 425 1413 690 1492; x_wconf 83' lang='grc' dir='ltr'>Τριαγμοί</span> <span class='ocrx_word' id='word_1_72' title='bbox 716 1417 896 1471; x_wconf 87' lang='lat' dir='ltr'><strong>utrius</strong></span> <span class='ocrx_word' id='word_1_73' title='bbox 909 1424 1133 1484; x_wconf 60' lang='lat' dir='ltr'><strong>aessent,</strong></span> <span class='ocrx_word' id='word_1_74' title='bbox 1177 1395 1532 1472; x_wconf 81' lang='lat' dir='ltr'><strong>dubitaretur</strong></span> <span class='ocrx_word' id='word_1_75' title='bbox 1582 1414 1696 1491; x_wconf 82' lang='lat' dir='ltr'><strong>(Cf.</strong></span> 
     </span>
     <span class='ocr_line' id='line_1_12' title="bbox 139 1500 1342 1580; baseline 0.001 -21"><span class='ocrx_word' id='word_1_76' title='bbox 139 1513 337 1559; x_wconf 61' lang='lat' dir='ltr'><strong>tannen</strong></span> <span class='ocrx_word' id='word_1_77' title='bbox 379 1503 634 1580; x_wconf 67' lang='lat' dir='ltr'><strong>Lebeck.</strong></span> <span class='ocrx_word' id='word_1_78' title='bbox 660 1502 939 1577; x_wconf 76' lang='lat' dir='ltr'><strong>Aglaoph.</strong></span> <span class='ocrx_word' id='word_1_79' title='bbox 967 1521 1028 1576; x_wconf 89' lang='lat' dir='ltr'><strong>p.</strong></span> <span class='ocrx_word' id='word_1_80' title='bbox 1058 1501 1173 1567; x_wconf 82' lang='grc'><strong>340</strong></span> <span class='ocrx_word' id='word_1_81' title='bbox 1199 1500 1342 1576; x_wconf 82' lang='lat' dir='ltr'><strong>sq.).</strong></span> 
     </span>
    </p>

    <p class='ocr_par' dir='ltr' id='par_1_6' title="bbox 135 1586 1698 1841">
     <span class='ocr_line' id='line_1_13' title="bbox 221 1586 1691 1662; baseline -0.001 -14"><span class='ocrx_word' id='word_1_82' title='bbox 221 1587 389 1648; x_wconf 79' lang='grc' dir='ltr'>Χίου</span> <span class='ocrx_word' id='word_1_83' title='bbox 419 1586 645 1654; x_wconf 79' lang='grc' dir='ltr'>Κτίσις</span> <span class='ocrx_word' id='word_1_84' title='bbox 690 1591 860 1644; x_wconf 87' lang='lat' dir='ltr'><strong>semel</strong></span> <span class='ocrx_word' id='word_1_85' title='bbox 887 1588 1148 1645; x_wconf 86' lang='lat' dir='ltr'><strong>laudatur</strong></span> <span class='ocrx_word' id='word_1_86' title='bbox 1171 1589 1230 1643; x_wconf 93' lang='lat' dir='ltr'><strong>in</strong></span> <span class='ocrx_word' id='word_1_87' title='bbox 1252 1590 1437 1662; x_wconf 79' lang='lat' dir='ltr'><strong>Etym.</strong></span> <span class='ocrx_word' id='word_1_88' title='bbox 1478 1591 1558 1645; x_wconf 80' lang='lat' dir='ltr'><strong>M.</strong></span> <span class='ocrx_word' id='word_1_89' title='bbox 1594 1590 1691 1659; x_wconf 82' lang='lat' dir='ltr'><strong>(fr.</strong></span> 
     </span>
     <span class='ocr_line' id='line_1_14' title="bbox 149 1675 1698 1753; baseline 0 -21"><span class='ocrx_word' id='word_1_90' title='bbox 149 1698 174 1733; x_wconf 86' lang='lat'>1</span> <span class='ocrx_word' id='word_1_91' title='bbox 191 1677 229 1731; x_wconf 84' lang='lat'><strong>6</strong></span> <span class='ocrx_word' id='word_1_92' title='bbox 243 1680 290 1753; x_wconf 82' lang='grc' dir='ltr'><strong>)ι</strong></span> <span class='ocrx_word' id='word_1_93' title='bbox 317 1675 494 1751; x_wconf 87' lang='lat' dir='ltr'><strong>Apud</strong></span> <span class='ocrx_word' id='word_1_94' title='bbox 519 1678 848 1733; x_wconf 74' lang='lat' dir='ltr'><strong>Athenaeum</strong></span> <span class='ocrx_word' id='word_1_95' title='bbox 869 1676 942 1732; x_wconf 93' lang='lat' dir='ltr'><strong>de</strong></span> <span class='ocrx_word' id='word_1_96' title='bbox 968 1675 1172 1732; x_wconf 88' lang='lat' dir='ltr'><strong>eodem</strong></span> <span class='ocrx_word' id='word_1_97' title='bbox 1193 1677 1400 1749; x_wconf 85' lang='lat' dir='ltr'><strong>scripto</strong></span> <span class='ocrx_word' id='word_1_98' title='bbox 1422 1679 1698 1733; x_wconf 80' lang='lat' dir='ltr'><strong>excitatur</strong></span> 
     </span>
     <span class='ocr_line' id='line_1_15' title="bbox 135 1758 1691 1841; baseline -0.002 -20"><span class='ocrx_word' id='word_1_99' title='bbox 135 1758 272 1821; x_wconf 78' lang='grc' dir='ltr'><strong>Ἴων</strong></span> <span class='ocrx_word' id='word_1_100' title='bbox 303 1763 360 1818; x_wconf 79' lang='grc' dir='ltr'><strong>ἐν</strong></span> <span class='ocrx_word' id='word_1_101' title='bbox 387 1763 465 1840; x_wconf 74' lang='grc' dir='ltr'><strong>τῷ</strong></span> <span class='ocrx_word' id='word_1_102' title='bbox 490 1760 613 1841; x_wconf 74' lang='grc' dir='ltr'><strong>περὶ</strong></span> <span class='ocrx_word' id='word_1_103' title='bbox 653 1760 786 1820; x_wconf 81' lang='grc' dir='ltr'>Χίου</span> <span class='ocrx_word' id='word_1_104' title='bbox 826 1761 932 1838; x_wconf 80' lang='lat' dir='ltr'><strong>(fr.</strong></span> <span class='ocrx_word' id='word_1_105' title='bbox 974 1761 1112 1838; x_wconf 74' lang='lat'><strong>15);</strong></span> <span class='ocrx_word' id='word_1_106' title='bbox 1142 1764 1437 1819; x_wconf 76' lang='lat' dir='ltr'><strong>Pausanias</strong></span> <span class='ocrx_word' id='word_1_107' title='bbox 1477 1764 1691 1820; x_wconf 88' lang='lat' dir='ltr'><strong>habet.</strong></span> <span class='ocrx_word' id='word_1_108' title='bbox 1676 1782 1691 1798; x_wconf 93' lang='lat'><strong>·</strong></span> 
     </span>
    </p>

    <p class='ocr_par' dir='ltr' id='par_1_7' title="bbox 136 1844 1696 2104">
     <span class='ocr_line' id='line_1_16' title="bbox 139 1844 1696 1928; baseline -0.001 -19.965"><span class='ocrx_word' id='word_1_109' title='bbox 139 1844 268 1910; x_wconf 81' lang='grc' dir='ltr'><strong>Ἴων</strong></span> <span class='ocrx_word' id='word_1_110' title='bbox 295 1851 354 1906; x_wconf 79' lang='grc' dir='ltr'><strong>ἐν</strong></span> <span class='ocrx_word' id='word_1_111' title='bbox 379 1853 450 1928; x_wconf 82' lang='grc' dir='ltr'><strong>τῇ</strong></span> <span class='ocrx_word' id='word_1_112' title='bbox 478 1852 754 1927; x_wconf 77' lang='grc' dir='ltr'><strong>συγγραφῇ</strong></span> <span class='ocrx_word' id='word_1_113' title='bbox 787 1849 892 1925; x_wconf 72' lang='lat' dir='ltr'><strong>(fr.</strong></span> <span class='ocrx_word' id='word_1_114' title='bbox 939 1845 1062 1926; x_wconf 83' lang='grc'><strong>14).</strong></span> <span class='ocrx_word' id='word_1_115' title='bbox 1093 1851 1348 1906; x_wconf 82' lang='lat' dir='ltr'><strong>Fortasse</strong></span> <span class='ocrx_word' id='word_1_116' title='bbox 1375 1869 1518 1926; x_wconf 90' lang='lat' dir='ltr'><strong>opus</strong></span> <span class='ocrx_word' id='word_1_117' title='bbox 1550 1870 1696 1924; x_wconf 93' lang='lat' dir='ltr'><strong>pro-</strong></span> 
     </span>
     <span class='ocr_line' id='line_1_17' title="bbox 136 1934 1695 2011; baseline 0.001 -17"><span class='ocrx_word' id='word_1_118' title='bbox 136 1940 350 1995; x_wconf 82' lang='lat' dir='ltr'><strong>sarium</strong></span> <span class='ocrx_word' id='word_1_119' title='bbox 374 1949 574 1998; x_wconf 82' lang='lat' dir='ltr'><strong>natum</strong></span> <span class='ocrx_word' id='word_1_120' title='bbox 603 1947 687 1993; x_wconf 66' lang='lat' dir='ltr'><strong>est</strong></span> <span class='ocrx_word' id='word_1_121' title='bbox 707 1955 778 1992; x_wconf 77' lang='lat' dir='ltr'><strong>ex</strong></span> <span class='ocrx_word' id='word_1_122' title='bbox 794 1937 1041 1992; x_wconf 76' lang='lat' dir='ltr'>carmine</span> <span class='ocrx_word' id='word_1_123' title='bbox 1071 1934 1253 2011; x_wconf 88' lang='lat' dir='ltr'><strong>(sicuti</strong></span> <span class='ocrx_word' id='word_1_124' title='bbox 1271 1937 1572 1993; x_wconf 82' lang='lat' dir='ltr'><strong>Simonidis</strong></span> <span class='ocrx_word' id='word_1_125' title='bbox 1590 1937 1695 1995; x_wconf 87' lang='grc' dir='ltr'>Σα-</span> 
     </span>
     <span class='ocr_line' id='line_1_18' title="bbox 138 2019 705 2104; baseline -0.002 -23"><span class='ocrx_word' id='word_1_126' title='bbox 138 2024 274 2100; x_wconf 74' lang='grc' dir='ltr'>μίων</span> <span class='ocrx_word' id='word_1_127' title='bbox 298 2019 705 2104; x_wconf 76' lang='grc' dir='ltr'><strong>ἆρχαιολογία).</strong></span> 
     </span>
    </p>

    <p class='ocr_par' dir='ltr' id='par_1_8' title="bbox 130 2103 1697 2966">
     <span class='ocr_line' id='line_1_19' title="bbox 220 2103 1697 2186; baseline -0.002 -17"><span class='ocrx_word' id='word_1_128' title='bbox 220 2109 706 2186; x_wconf 77' lang='grc' dir='ltr'>Ύπομνήματα</span> <span class='ocrx_word' id='word_1_129' title='bbox 754 2128 832 2169; x_wconf 83' lang='lat' dir='ltr'><strong>sc.</strong></span> <span class='ocrx_word' id='word_1_130' title='bbox 884 2103 1124 2186; x_wconf 75' lang='grc' dir='ltr'><strong>ἱστορικὰ</strong></span> <span class='ocrx_word' id='word_1_131' title='bbox 1167 2126 1236 2165; x_wconf 80' lang='lat' dir='ltr'><strong>ex</strong></span> <span class='ocrx_word' id='word_1_132' title='bbox 1277 2127 1395 2164; x_wconf 91' lang='lat' dir='ltr'><strong>uno</strong></span> <span class='ocrx_word' id='word_1_133' title='bbox 1439 2110 1697 2166; x_wconf 78' lang='lat' dir='ltr'><strong>novimus</strong></span> 
     </span>
     <span class='ocr_line' id='line_1_20' title="bbox 136 2195 1697 2269; baseline -0.002 -14"><span class='ocrx_word' id='word_1_134' title='bbox 136 2200 436 2256; x_wconf 79' lang='lat' dir='ltr'><strong>scholiasta</strong></span> <span class='ocrx_word' id='word_1_135' title='bbox 476 2199 646 2258; x_wconf 82' lang='lat' dir='ltr'><strong>Arist.</strong></span> <span class='ocrx_word' id='word_1_136' title='bbox 675 2197 715 2252; x_wconf 92' lang='lat' dir='ltr'><strong>l.</strong></span> <span class='ocrx_word' id='word_1_137' title='bbox 755 2198 795 2252; x_wconf 90' lang='lat' dir='ltr'><strong>l.</strong></span> <span class='ocrx_word' id='word_1_138' title='bbox 823 2196 1056 2252; x_wconf 82' lang='lat' dir='ltr'><strong>Referre</strong></span> <span class='ocrx_word' id='word_1_139' title='bbox 1095 2195 1169 2251; x_wconf 87' lang='lat' dir='ltr'><strong>ad</strong></span> <span class='ocrx_word' id='word_1_140' title='bbox 1196 2214 1260 2251; x_wconf 88' lang='lat' dir='ltr'><strong>ea</strong></span> <span class='ocrx_word' id='word_1_141' title='bbox 1288 2197 1443 2265; x_wconf 88' lang='lat' dir='ltr'><strong>licet,</strong></span> <span class='ocrx_word' id='word_1_142' title='bbox 1476 2214 1600 2269; x_wconf 80' lang='lat' dir='ltr'><strong>quae</strong></span> <span class='ocrx_word' id='word_1_143' title='bbox 1637 2198 1697 2252; x_wconf 89' lang='lat' dir='ltr'><strong>in</strong></span> 
     </span>
     <span class='ocr_line' id='line_1_21' title="bbox 137 2283 1696 2361; baseline -0.001 -19"><span class='ocrx_word' id='word_1_144' title='bbox 137 2287 470 2361; x_wconf 75' lang='lat' dir='ltr'><strong>fragmentis</strong></span> <span class='ocrx_word' id='word_1_145' title='bbox 493 2287 781 2358; x_wconf 85' lang='lat' dir='ltr'><strong>leguntur,</strong></span> <span class='ocrx_word' id='word_1_146' title='bbox 816 2283 889 2339; x_wconf 94' lang='lat' dir='ltr'><strong>de</strong></span> <span class='ocrx_word' id='word_1_147' title='bbox 910 2284 1177 2354; x_wconf 85' lang='lat' dir='ltr'><strong>Cimone,</strong></span> <span class='ocrx_word' id='word_1_148' title='bbox 1202 2283 1445 2352; x_wconf 75' lang='lat' dir='ltr'><strong>Pericle,</strong></span> <span class='ocrx_word' id='word_1_149' title='bbox 1466 2284 1696 2340; x_wconf 88' lang='lat' dir='ltr'><strong>Socrate</strong></span> 
     </span>
     <span class='ocr_line' id='line_1_22' title="bbox 134 2369 1689 2446; baseline -0.001 -19"><span class='ocrx_word' id='word_1_150' title='bbox 134 2373 238 2446; x_wconf 85' lang='lat' dir='ltr'><strong>(fr.</strong></span> <span class='ocrx_word' id='word_1_151' title='bbox 275 2374 479 2446; x_wconf 88' lang='grc'><strong>4-9).</strong></span> <span class='ocrx_word' id='word_1_152' title='bbox 513 2373 639 2427; x_wconf 88' lang='lat' dir='ltr'><strong>Alia</strong></span> <span class='ocrx_word' id='word_1_153' title='bbox 666 2371 739 2428; x_wconf 92' lang='lat' dir='ltr'><strong>de</strong></span> <span class='ocrx_word' id='word_1_154' title='bbox 761 2370 1043 2443; x_wconf 80' lang='lat' dir='ltr'>Sophocle</span> <span class='ocrx_word' id='word_1_155' title='bbox 1064 2369 1362 2425; x_wconf 65' lang='lat' dir='ltr'><strong>Athenaeus</strong></span> <span class='ocrx_word' id='word_1_156' title='bbox 1386 2381 1577 2425; x_wconf 83' lang='lat' dir='ltr'><strong>narrat</strong></span> <span class='ocrx_word' id='word_1_157' title='bbox 1618 2389 1689 2426; x_wconf 80' lang='lat' dir='ltr'><strong>ex</strong></span> 
     </span>
     <span class='ocr_line' id='line_1_23' title="bbox 137 2455 1694 2533; baseline -0.002 -18"><span class='ocrx_word' id='word_1_158' title='bbox 137 2463 299 2515; x_wconf 81' lang='lat' dir='ltr'><strong>lonis</strong></span> <span class='ocrx_word' id='word_1_159' title='bbox 327 2455 812 2533; x_wconf 79' lang='grc' dir='ltr'>Ἐπιδημίαις,</span> <span class='ocrx_word' id='word_1_160' title='bbox 846 2475 987 2530; x_wconf 85' lang='lat' dir='ltr'><strong>quas</strong></span> <span class='ocrx_word' id='word_1_161' title='bbox 1012 2458 1180 2512; x_wconf 86' lang='lat' dir='ltr'><strong>etiam</strong></span> <span class='ocrx_word' id='word_1_162' title='bbox 1205 2457 1326 2511; x_wconf 90' lang='lat' dir='ltr'><strong>aliis</strong></span> <span class='ocrx_word' id='word_1_163' title='bbox 1352 2456 1576 2512; x_wconf 84' lang='lat' dir='ltr'><strong>duobus</strong></span> <span class='ocrx_word' id='word_1_164' title='bbox 1602 2458 1694 2512; x_wconf 88' lang='lat' dir='ltr'><strong>lo—</strong></span> 
     </span>
     <span class='ocr_line' id='line_1_24' title="bbox 130 2541 1696 2619; baseline -0.001 -17"><span class='ocrx_word' id='word_1_165' title='bbox 130 2550 214 2602; x_wconf 88' lang='lat' dir='ltr'><strong>cis</strong></span> <span class='ocrx_word' id='word_1_166' title='bbox 240 2554 656 2604; x_wconf 84' lang='lat' dir='ltr'><strong>commemorat</strong></span> <span class='ocrx_word' id='word_1_167' title='bbox 682 2543 782 2619; x_wconf 84' lang='lat' dir='ltr'><strong>(fr.</strong></span> <span class='ocrx_word' id='word_1_168' title='bbox 831 2541 1028 2618; x_wconf 84' lang='lat'><strong>1—3).</strong></span> <span class='ocrx_word' id='word_1_169' title='bbox 1054 2544 1251 2598; x_wconf 84' lang='lat' dir='ltr'><strong>Nullus</strong></span> <span class='ocrx_word' id='word_1_170' title='bbox 1271 2543 1473 2599; x_wconf 87' lang='lat' dir='ltr'><strong>dubito</strong></span> <span class='ocrx_word' id='word_1_171' title='bbox 1500 2563 1696 2600; x_wconf 83' lang='lat' dir='ltr'><strong>verum</strong></span> 
     </span>
     <span class='ocr_line' id='line_1_25' title="bbox 132 2629 1692 2710; baseline -0.003 -21"><span class='ocrx_word' id='word_1_172' title='bbox 132 2637 384 2710; x_wconf 75' lang='lat' dir='ltr'><strong>tetigisse</strong></span> <span class='ocrx_word' id='word_1_173' title='bbox 401 2636 468 2690; x_wconf 91' lang='lat' dir='ltr'><strong>C.</strong></span> <span class='ocrx_word' id='word_1_174' title='bbox 494 2635 881 2689; x_wconf 86' lang='lat' dir='ltr'><strong>Hermannum</strong></span> <span class='ocrx_word' id='word_1_175' title='bbox 904 2629 1060 2705; x_wconf 89' lang='lat' dir='ltr'><strong>(Ind.</strong></span> <span class='ocrx_word' id='word_1_176' title='bbox 1084 2630 1234 2684; x_wconf 90' lang='lat' dir='ltr'><strong>lectt.</strong></span> <span class='ocrx_word' id='word_1_177' title='bbox 1267 2640 1378 2684; x_wconf 83' lang='lat' dir='ltr'><strong>aest.</strong></span> <span class='ocrx_word' id='word_1_178' title='bbox 1402 2630 1692 2705; x_wconf 84' lang='lat' dir='ltr'><strong>Marburg.</strong></span> 
     </span>
     <span class='ocr_line' id='line_1_26' title="bbox 137 2714 1694 2795; baseline -0.002 -19"><span class='ocrx_word' id='word_1_179' title='bbox 137 2720 368 2795; x_wconf 77' lang='lat'><strong>1836),</strong></span> <span class='ocrx_word' id='word_1_180' title='bbox 417 2720 518 2793; x_wconf 87' lang='lat' dir='ltr'><strong>qui</strong></span> <span class='ocrx_word' id='word_1_181' title='bbox 546 2714 940 2791; x_wconf 60' lang='grc' dir='ltr'>’Υπομνήματα</span> <span class='ocrx_word' id='word_1_182' title='bbox 967 2715 1272 2772; x_wconf 76' lang='lat' dir='ltr'><strong>scholiastae</strong></span> <span class='ocrx_word' id='word_1_183' title='bbox 1319 2733 1436 2770; x_wconf 93' lang='lat' dir='ltr'><strong>non</strong></span> <span class='ocrx_word' id='word_1_184' title='bbox 1481 2716 1694 2773; x_wconf 80' lang='lat' dir='ltr'><strong>diversa</strong></span> 
     </span>
     <span class='ocr_line' id='line_1_27' title="bbox 130 2799 1696 2877; baseline -0.002 -15"><span class='ocrx_word' id='word_1_185' title='bbox 130 2825 252 2862; x_wconf 81' lang='lat' dir='ltr'><strong>esse</strong></span> <span class='ocrx_word' id='word_1_186' title='bbox 275 2816 470 2864; x_wconf 86' lang='lat' dir='ltr'><strong>censet</strong></span> <span class='ocrx_word' id='word_1_187' title='bbox 496 2805 570 2861; x_wconf 88' lang='lat' dir='ltr'><strong>ab</strong></span> <span class='ocrx_word' id='word_1_188' title='bbox 589 2799 954 2877; x_wconf 78' lang='grc' dir='ltr'><strong>Ἐπιδημίαις,</strong></span> <span class='ocrx_word' id='word_1_189' title='bbox 984 2804 1098 2858; x_wconf 71' lang='lat' dir='ltr'><strong>sive</strong></span> <span class='ocrx_word' id='word_1_190' title='bbox 1119 2803 1292 2858; x_wconf 88' lang='lat' dir='ltr'><strong>totius</strong></span> <span class='ocrx_word' id='word_1_191' title='bbox 1317 2802 1503 2876; x_wconf 89' lang='lat' dir='ltr'><strong>operis</strong></span> <span class='ocrx_word' id='word_1_192' title='bbox 1516 2803 1606 2858; x_wconf 91' lang='lat' dir='ltr'><strong>hic</strong></span> <span class='ocrx_word' id='word_1_193' title='bbox 1621 2806 1696 2859; x_wconf 90' lang='lat' dir='ltr'><strong>ti·</strong></span> 
     </span>
     <span class='ocr_line' id='line_1_28' title="bbox 130 2892 853 2966; baseline -0.004 -18"><span class='ocrx_word' id='word_1_194' title='bbox 130 2895 290 2949; x_wconf 85' lang='lat' dir='ltr'><strong>tulus</strong></span> <span class='ocrx_word' id='word_1_195' title='bbox 316 2896 438 2948; x_wconf 68' lang='lat' dir='ltr'><strong>sive</strong></span> <span class='ocrx_word' id='word_1_196' title='bbox 461 2892 640 2966; x_wconf 89' lang='lat' dir='ltr'><strong>partis</strong></span> <span class='ocrx_word' id='word_1_197' title='bbox 665 2892 853 2947; x_wconf 83' lang='lat' dir='ltr'><strong>suerit.</strong></span> 
     </span>
    </p>

    <p class='ocr_par' dir='ltr' id='par_1_9' title="bbox 129 2974 1699 4611">
     <span class='ocr_line' id='line_1_29' title="bbox 213 2974 1691 3055; baseline -0.003 -17"><span class='ocrx_word' id='word_1_198' title='bbox 213 2984 305 3038; x_wconf 83' lang='lat' dir='ltr'><strong>De</strong></span> <span class='ocrx_word' id='word_1_199' title='bbox 351 2989 686 3055; x_wconf 85' lang='lat' dir='ltr'><strong>argumento</strong></span> <span class='ocrx_word' id='word_1_200' title='bbox 725 2974 1120 3050; x_wconf 79' lang='grc' dir='ltr'>Ἐπιδημιῶν</span> <span class='ocrx_word' id='word_1_201' title='bbox 1158 2976 1441 3032; x_wconf 84' lang='lat' dir='ltr'><strong>Bentleius</strong></span> <span class='ocrx_word' id='word_1_202' title='bbox 1475 2977 1514 3032; x_wconf 91' lang='lat'><strong>1.</strong></span> <span class='ocrx_word' id='word_1_203' title='bbox 1557 2976 1596 3035; x_wconf 89' lang='lat' dir='ltr'><strong>l.</strong></span> <span class='ocrx_word' id='word_1_204' title='bbox 1632 2996 1691 3051; x_wconf 91' lang='lat' dir='ltr'><strong>p.</strong></span> 
     </span>
     <span class='ocr_line' id='line_1_30' title="bbox 135 3068 374 3138; baseline -0.013 -14"><span class='ocrx_word' id='word_1_205' title='bbox 135 3068 252 3138; x_wconf 84' lang='lat'><strong>507</strong></span> <span class='ocrx_word' id='word_1_206' title='bbox 289 3087 305 3122; x_wconf 90' lang='lat'><strong>:</strong></span> <span class='ocrx_word' id='word_1_207' title='bbox 348 3091 374 3115; x_wconf 76' lang='grc' dir='ltr'><strong>ει</strong></span> 
     </span>
     <span class='ocr_line' id='line_1_31' title="bbox 133 3150 1699 3223; baseline -0.001 -15"><span class='ocrx_word' id='word_1_208' title='bbox 133 3157 196 3209; x_wconf 91' lang='lat' dir='ltr'><strong>in</strong></span> <span class='ocrx_word' id='word_1_209' title='bbox 234 3155 475 3222; x_wconf 86' lang='lat' dir='ltr'><strong>Chium,</strong></span> <span class='ocrx_word' id='word_1_210' title='bbox 502 3155 618 3207; x_wconf 84' lang='lat' dir='ltr'><strong>sive</strong></span> <span class='ocrx_word' id='word_1_211' title='bbox 645 3151 718 3206; x_wconf 92' lang='lat' dir='ltr'><strong>de</strong></span> <span class='ocrx_word' id='word_1_212' title='bbox 761 3153 830 3206; x_wconf 85' lang='lat' dir='ltr'><strong>iis</strong></span> <span class='ocrx_word' id='word_1_213' title='bbox 859 3151 958 3223; x_wconf 92' lang='lat' dir='ltr'><strong>qui</strong></span> <span class='ocrx_word' id='word_1_214' title='bbox 986 3151 1045 3205; x_wconf 93' lang='lat' dir='ltr'><strong>in</strong></span> <span class='ocrx_word' id='word_1_215' title='bbox 1072 3150 1211 3205; x_wconf 85' lang='lat' dir='ltr'><strong>Chio</strong></span> <span class='ocrx_word' id='word_1_216' title='bbox 1240 3151 1416 3206; x_wconf 87' lang='lat' dir='ltr'><strong>insula</strong></span> <span class='ocrx_word' id='word_1_217' title='bbox 1444 3169 1699 3207; x_wconf 90' lang='lat' dir='ltr'><strong>commo-</strong></span> 
     </span>
     <span class='ocr_line' id='line_1_32' title="bbox 133 3237 1696 3296; baseline 0 0"><span class='ocrx_word' id='word_1_218' title='bbox 133 3243 246 3296; x_wconf 82' lang='lat' dir='ltr'><strong>rati</strong></span> <span class='ocrx_word' id='word_1_219' title='bbox 289 3242 422 3296; x_wconf 85' lang='lat' dir='ltr'><strong>sint.</strong></span> <span class='ocrx_word' id='word_1_220' title='bbox 463 3240 730 3295; x_wconf 80' lang='lat' dir='ltr'><strong>Similiter</strong></span> <span class='ocrx_word' id='word_1_221' title='bbox 770 3257 836 3294; x_wconf 85' lang='lat' dir='ltr'><strong>ac</strong></span> <span class='ocrx_word' id='word_1_222' title='bbox 876 3237 1109 3294; x_wconf 88' lang='lat' dir='ltr'><strong>Polemo</strong></span> <span class='ocrx_word' id='word_1_223' title='bbox 1153 3237 1360 3293; x_wconf 90' lang='lat' dir='ltr'><strong>librum</strong></span> <span class='ocrx_word' id='word_1_224' title='bbox 1397 3238 1577 3294; x_wconf 85' lang='lat' dir='ltr'><strong>edidit</strong></span> <span class='ocrx_word' id='word_1_225' title='bbox 1610 3243 1696 3296; x_wconf 91' lang='lat' dir='ltr'><strong>De</strong></span> 
     </span>
     <span class='ocr_line' id='line_1_33' title="bbox 133 3325 1694 3400; baseline -0.001 -17"><span class='ocrx_word' id='word_1_226' title='bbox 133 3327 535 3383; x_wconf 85' lang='lat' dir='ltr'><strong>Eratosthenis</strong></span> <span class='ocrx_word' id='word_1_227' title='bbox 561 3325 809 3380; x_wconf 82' lang='lat' dir='ltr'><strong>adventu</strong></span> <span class='ocrx_word' id='word_1_228' title='bbox 833 3325 1097 3380; x_wconf 87' lang='lat' dir='ltr'><strong>Athenas.</strong></span> <span class='ocrx_word' id='word_1_229' title='bbox 1133 3347 1158 3373; x_wconf 68' lang='lat' dir='ltr'>n</span> <span class='ocrx_word' id='word_1_230' title='bbox 1192 3355 1272 3369; x_wconf 91' lang='lat'><strong>-·-</strong></span> <span class='ocrx_word' id='word_1_231' title='bbox 1299 3325 1514 3380; x_wconf 87' lang='lat' dir='ltr'><strong>Titulus</strong></span> <span class='ocrx_word' id='word_1_232' title='bbox 1541 3344 1694 3400; x_wconf 90' lang='lat' dir='ltr'><strong>ope-</strong></span> 
     </span>
     <span class='ocr_line' id='line_1_34' title="bbox 129 3405 1698 3488; baseline 0 -19"><span class='ocrx_word' id='word_1_233' title='bbox 129 3417 211 3469; x_wconf 84' lang='lat' dir='ltr'><strong>ris</strong></span> <span class='ocrx_word' id='word_1_234' title='bbox 231 3415 559 3469; x_wconf 87' lang='lat' dir='ltr'><strong>Polemonis</strong></span> <span class='ocrx_word' id='word_1_235' title='bbox 585 3423 668 3468; x_wconf 69' lang='lat' dir='ltr'><strong>est</strong></span> <span class='ocrx_word' id='word_1_236' title='bbox 699 3430 713 3466; x_wconf 91' lang='lat'><strong>:</strong></span> <span class='ocrx_word' id='word_1_237' title='bbox 742 3408 876 3487; x_wconf 75' lang='grc' dir='ltr'>Περὶ</span> <span class='ocrx_word' id='word_1_238' title='bbox 900 3412 995 3477; x_wconf 78' lang='grc' dir='ltr'><strong>τῆς</strong></span> <span class='ocrx_word' id='word_1_239' title='bbox 1013 3405 1260 3478; x_wconf 76' lang='grc' dir='ltr'>Ἀθήνησι</span> <span class='ocrx_word' id='word_1_240' title='bbox 1299 3408 1698 3488; x_wconf 73' lang='grc' dir='ltr'>Ἐρατοσθένους</span> 
     </span>
     <span class='ocr_line' id='line_1_35' title="bbox 133 3493 1696 3575; baseline -0.001 -19"><span class='ocrx_word' id='word_1_241' title='bbox 133 3498 454 3575; x_wconf 76' lang='grc' dir='ltr'>ἐπιδημίας,</span> <span class='ocrx_word' id='word_1_242' title='bbox 475 3501 511 3554; x_wconf 90' lang='lat' dir='ltr'><strong>i.</strong></span> <span class='ocrx_word' id='word_1_243' title='bbox 537 3516 590 3554; x_wconf 91' lang='lat' dir='ltr'><strong>e.</strong></span> <span class='ocrx_word' id='word_1_244' title='bbox 619 3499 692 3552; x_wconf 84' lang='lat' dir='ltr'><strong>de</strong></span> <span class='ocrx_word' id='word_1_245' title='bbox 710 3496 1096 3552; x_wconf 76' lang='lat' dir='ltr'><strong>Eratosthenis</strong></span> <span class='ocrx_word' id='word_1_246' title='bbox 1112 3493 1308 3573; x_wconf 90' lang='lat' dir='ltr'><strong>(quam</strong></span> <span class='ocrx_word' id='word_1_247' title='bbox 1327 3498 1372 3552; x_wconf 85' lang='lat' dir='ltr'><strong>is</strong></span> <span class='ocrx_word' id='word_1_248' title='bbox 1393 3516 1494 3570; x_wconf 89' lang='lat' dir='ltr'><strong>per</strong></span> <span class='ocrx_word' id='word_1_249' title='bbox 1522 3518 1696 3571; x_wconf 86' lang='lat' dir='ltr'><strong>opera</strong></span> 
     </span>
     <span class='ocr_line' id='line_1_36' title="bbox 133 3584 1698 3662; baseline -0.001 -19"><span class='ocrx_word' id='word_1_250' title='bbox 133 3607 234 3642; x_wconf 85' lang='lat' dir='ltr'><strong>sna</strong></span> <span class='ocrx_word' id='word_1_251' title='bbox 257 3584 586 3662; x_wconf 85' lang='lat' dir='ltr'><strong>profitetur)</strong></span> <span class='ocrx_word' id='word_1_252' title='bbox 611 3585 848 3640; x_wconf 77' lang='lat' dir='ltr'><strong>Athenis</strong></span> <span class='ocrx_word' id='word_1_253' title='bbox 864 3588 1308 3650; x_wconf 82' lang='lat' dir='ltr'><strong>commoratione,</strong></span> <span class='ocrx_word' id='word_1_254' title='bbox 1341 3595 1405 3638; x_wconf 89' lang='lat' dir='ltr'><strong>ut</strong></span> <span class='ocrx_word' id='word_1_255' title='bbox 1429 3597 1582 3641; x_wconf 86' lang='lat' dir='ltr'><strong>recte</strong></span> <span class='ocrx_word' id='word_1_256' title='bbox 1609 3606 1698 3642; x_wconf 83' lang='lat' dir='ltr'><strong>ex·</strong></span> 
     </span>
     <span class='ocr_line' id='line_1_37' title="bbox 133 3669 1698 3748; baseline 0 -19"><span class='ocrx_word' id='word_1_257' title='bbox 133 3677 310 3748; x_wconf 84' lang='lat' dir='ltr'><strong>plicat</strong></span> <span class='ocrx_word' id='word_1_258' title='bbox 333 3675 615 3732; x_wconf 73' lang='lat' dir='ltr'><strong>Poellerus</strong></span> <span class='ocrx_word' id='word_1_259' title='bbox 636 3672 708 3729; x_wconf 88' lang='lat' dir='ltr'><strong>ad</strong></span> <span class='ocrx_word' id='word_1_260' title='bbox 735 3672 949 3727; x_wconf 83' lang='lat' dir='ltr'><strong>Polem.</strong></span> <span class='ocrx_word' id='word_1_261' title='bbox 979 3688 1038 3743; x_wconf 88' lang='lat' dir='ltr'><strong>p.</strong></span> <span class='ocrx_word' id='word_1_262' title='bbox 1068 3669 1166 3724; x_wconf 84' lang='lat'><strong>85.</strong></span> <span class='ocrx_word' id='word_1_263' title='bbox 1210 3672 1334 3725; x_wconf 87' lang='lat' dir='ltr'><strong>Jam</strong></span> <span class='ocrx_word' id='word_1_264' title='bbox 1366 3672 1562 3727; x_wconf 88' lang='lat' dir='ltr'><strong>sicum</strong></span> <span class='ocrx_word' id='word_1_265' title='bbox 1590 3674 1698 3729; x_wconf 88' lang='lat' dir='ltr'><strong>hoc</strong></span> 
     </span>
     <span class='ocr_line' id='line_1_38' title="bbox 135 3756 1699 3835; baseline -0.001 -18"><span class='ocrx_word' id='word_1_266' title='bbox 135 3781 318 3835; x_wconf 81' lang='lat' dir='ltr'><strong>opere</strong></span> <span class='ocrx_word' id='word_1_267' title='bbox 371 3761 519 3816; x_wconf 87' lang='lat' dir='ltr'><strong>liber</strong></span> <span class='ocrx_word' id='word_1_268' title='bbox 572 3761 724 3816; x_wconf 87' lang='lat' dir='ltr'><strong>Ionis</strong></span> <span class='ocrx_word' id='word_1_269' title='bbox 778 3756 1200 3831; x_wconf 89' lang='lat' dir='ltr'><strong>componendus</strong></span> <span class='ocrx_word' id='word_1_270' title='bbox 1244 3768 1353 3825; x_wconf 89' lang='lat' dir='ltr'><strong>est,</strong></span> <span class='ocrx_word' id='word_1_271' title='bbox 1402 3759 1699 3815; x_wconf 71' lang='lat' dir='ltr'><strong>Athenaeus</strong></span> 
     </span>
     <span class='ocr_line' id='line_1_39' title="bbox 135 3844 1697 3919; baseline -0.002 -15"><span class='ocrx_word' id='word_1_272' title='bbox 135 3851 449 3919; x_wconf 77' lang='lat' dir='ltr'><strong>genuinam</strong></span> <span class='ocrx_word' id='word_1_273' title='bbox 485 3847 634 3901; x_wconf 87' lang='lat' dir='ltr'><strong>tituli</strong></span> <span class='ocrx_word' id='word_1_274' title='bbox 671 3845 972 3900; x_wconf 77' lang='lat' dir='ltr'><strong>formulam</strong></span> <span class='ocrx_word' id='word_1_275' title='bbox 1014 3845 1075 3898; x_wconf 91' lang='lat' dir='ltr'><strong>in</strong></span> <span class='ocrx_word' id='word_1_276' title='bbox 1099 3844 1324 3899; x_wconf 82' lang='lat' dir='ltr'><strong>brevius</strong></span> <span class='ocrx_word' id='word_1_277' title='bbox 1361 3848 1697 3902; x_wconf 80' lang='lat' dir='ltr'><strong>contraxisse</strong></span> 
     </span>
     <span class='ocr_line' id='line_1_40' title="bbox 134 3930 1699 4005; baseline 0.001 -17"><span class='ocrx_word' id='word_1_278' title='bbox 134 3936 322 3990; x_wconf 77' lang='lat' dir='ltr'><strong>videri</strong></span> <span class='ocrx_word' id='word_1_279' title='bbox 351 3934 607 3991; x_wconf 79' lang='lat' dir='ltr'><strong>deberet.</strong></span> <span class='ocrx_word' id='word_1_280' title='bbox 633 3931 898 3987; x_wconf 82' lang='lat' dir='ltr'><strong>Nam&#39;ubi</strong></span> <span class='ocrx_word' id='word_1_281' title='bbox 923 3930 994 3986; x_wconf 90' lang='lat' dir='ltr'><strong>de</strong></span> <span class='ocrx_word' id='word_1_282' title='bbox 1017 3948 1187 4003; x_wconf 88' lang='lat' dir='ltr'><strong>opere</strong></span> <span class='ocrx_word' id='word_1_283' title='bbox 1207 3932 1530 4005; x_wconf 87' lang='lat' dir='ltr'><strong>simpliciter</strong></span> <span class='ocrx_word' id='word_1_284' title='bbox 1550 3930 1699 3991; x_wconf 71' lang='grc' dir='ltr'>Ἐπιι-</span> 
     </span>
     <span class='ocr_line' id='line_1_41' title="bbox 137 4018 1697 4094; baseline 0.001 -19"><span class='ocrx_word' id='word_1_285' title='bbox 137 4019 330 4094; x_wconf 74' lang='grc' dir='ltr'>δημίαι</span> <span class='ocrx_word' id='word_1_286' title='bbox 359 4022 630 4094; x_wconf 81' lang='lat' dir='ltr'><strong>inscripto</strong></span> <span class='ocrx_word' id='word_1_287' title='bbox 658 4037 842 4074; x_wconf 85' lang='lat' dir='ltr'><strong>sermo</strong></span> <span class='ocrx_word' id='word_1_288' title='bbox 871 4027 980 4087; x_wconf 91' lang='lat' dir='ltr'><strong>est,</strong></span> <span class='ocrx_word' id='word_1_289' title='bbox 1009 4036 1176 4073; x_wconf 90' lang='lat' dir='ltr'><strong>nemo</strong></span> <span class='ocrx_word' id='word_1_290' title='bbox 1198 4018 1270 4074; x_wconf 90' lang='lat' dir='ltr'><strong>de</strong></span> <span class='ocrx_word' id='word_1_291' title='bbox 1295 4020 1418 4074; x_wconf 83' lang='lat' dir='ltr'><strong>aliis</strong></span> <span class='ocrx_word' id='word_1_292' title='bbox 1442 4036 1506 4075; x_wconf 89' lang='lat' dir='ltr'><strong>ac</strong></span> <span class='ocrx_word' id='word_1_293' title='bbox 1525 4021 1697 4093; x_wconf 85' lang='lat' dir='ltr'><strong>ipsius</strong></span> 
     </span>
     <span class='ocr_line' id='line_1_42' title="bbox 141 4104 1694 4180; baseline 0.001 -20"><span class='ocrx_word' id='word_1_294' title='bbox 141 4109 394 4162; x_wconf 83' lang='lat' dir='ltr'><strong>auctoris</strong></span> <span class='ocrx_word' id='word_1_295' title='bbox 421 4104 722 4179; x_wconf 75' lang='grc' dir='ltr'>ἕπιδημίαις</span> <span class='ocrx_word' id='word_1_296' title='bbox 744 4106 1093 4180; x_wconf 82' lang='lat' dir='ltr'><strong>cogitaverit.</strong></span> <span class='ocrx_word' id='word_1_297' title='bbox 1125 4107 1206 4160; x_wconf 90' lang='lat' dir='ltr'><strong>Ac</strong></span> <span class='ocrx_word' id='word_1_298' title='bbox 1244 4106 1338 4159; x_wconf 77' lang='lat' dir='ltr'><strong>vix</strong></span> <span class='ocrx_word' id='word_1_299' title='bbox 1365 4106 1442 4161; x_wconf 85' lang='lat' dir='ltr'><strong>ita</strong></span> <span class='ocrx_word' id='word_1_300' title='bbox 1473 4107 1694 4161; x_wconf 84' lang='lat' dir='ltr'><strong>statuis-</strong></span> 
     </span>
     <span class='ocr_line' id='line_1_43' title="bbox 142 4191 1696 4266; baseline 0 -18"><span class='ocrx_word' id='word_1_301' title='bbox 142 4207 227 4248; x_wconf 85' lang='lat' dir='ltr'><strong>set</strong></span> <span class='ocrx_word' id='word_1_302' title='bbox 252 4194 571 4262; x_wconf 84' lang='lat' dir='ltr'><strong>Bentleius,</strong></span> <span class='ocrx_word' id='word_1_303' title='bbox 591 4193 698 4247; x_wconf 89' lang='lat' dir='ltr'><strong>nisi</strong></span> <span class='ocrx_word' id='word_1_304' title='bbox 723 4191 1095 4266; x_wconf 82' lang='lat' dir='ltr'><strong>fragmentum</strong></span> <span class='ocrx_word' id='word_1_305' title='bbox 1117 4191 1188 4246; x_wconf 86' lang='lat' dir='ltr'><strong>ab</strong></span> <span class='ocrx_word' id='word_1_306' title='bbox 1216 4192 1484 4247; x_wconf 78' lang='lat' dir='ltr'><strong>Athenaeo</strong></span> <span class='ocrx_word' id='word_1_307' title='bbox 1507 4211 1696 4248; x_wconf 75' lang='lat' dir='ltr'><strong>serva-</strong></span> 
     </span>
     <span class='ocr_line' id='line_1_44' title="bbox 143 4275 1696 4356; baseline 0.001 -22"><span class='ocrx_word' id='word_1_308' title='bbox 143 4290 268 4334; x_wconf 90' lang='lat' dir='ltr'><strong>tum</strong></span> <span class='ocrx_word' id='word_1_309' title='bbox 293 4282 384 4334; x_wconf 85' lang='lat' dir='ltr'><strong>his</strong></span> <span class='ocrx_word' id='word_1_310' title='bbox 417 4282 694 4353; x_wconf 77' lang='lat' dir='ltr'><strong>inciperet</strong></span> <span class='ocrx_word' id='word_1_311' title='bbox 730 4277 915 4334; x_wconf 86' lang='lat' dir='ltr'><strong>verbis</strong></span> <span class='ocrx_word' id='word_1_312' title='bbox 947 4296 960 4331; x_wconf 87' lang='lat'>:</span> <span class='ocrx_word' id='word_1_313' title='bbox 1008 4275 1269 4355; x_wconf 77' lang='grc' dir='ltr'>Σοφοκλεῖ</span> <span class='ocrx_word' id='word_1_314' title='bbox 1309 4280 1383 4356; x_wconf 82' lang='grc' dir='ltr'><strong>τῷ</strong></span> <span class='ocrx_word' id='word_1_315' title='bbox 1423 4282 1614 4356; x_wconf 77' lang='grc' dir='ltr'>ποιητῇ</span> <span class='ocrx_word' id='word_1_316' title='bbox 1643 4280 1696 4336; x_wconf 77' lang='grc' dir='ltr'><strong>ἐν</strong></span> 
     </span>
     <span class='ocr_line' id='line_1_45' title="bbox 147 4364 1699 4445; baseline -0.001 -20"><span class='ocrx_word' id='word_1_317' title='bbox 147 4364 269 4445; x_wconf 78' lang='grc' dir='ltr'>Χίῳ</span> <span class='ocrx_word' id='word_1_318' title='bbox 294 4364 616 4434; x_wconf 76' lang='grc' dir='ltr'><strong>συνήντησα.</strong></span> <span class='ocrx_word' id='word_1_319' title='bbox 633 4365 744 4421; x_wconf 87' lang='lat' dir='ltr'><strong>Sed</strong></span> <span class='ocrx_word' id='word_1_320' title='bbox 767 4365 882 4420; x_wconf 83' lang='lat' dir='ltr'><strong>haec</strong></span> <span class='ocrx_word' id='word_1_321' title='bbox 896 4364 1110 4420; x_wconf 85' lang='lat' dir='ltr'><strong>fallacia</strong></span> <span class='ocrx_word' id='word_1_322' title='bbox 1132 4374 1282 4433; x_wconf 85' lang='lat' dir='ltr'><strong>sunt,</strong></span> <span class='ocrx_word' id='word_1_323' title='bbox 1305 4384 1479 4438; x_wconf 90' lang='lat' dir='ltr'><strong>quum</strong></span> <span class='ocrx_word' id='word_1_324' title='bbox 1501 4385 1570 4422; x_wconf 79' lang='lat' dir='ltr'><strong>ex</strong></span> <span class='ocrx_word' id='word_1_325' title='bbox 1588 4386 1699 4423; x_wconf 90' lang='lat' dir='ltr'><strong>me·</strong></span> 
     </span>
     <span class='ocr_line' id='line_1_46' title="bbox 143 4450 1699 4526; baseline 0.001 -18"><span class='ocrx_word' id='word_1_326' title='bbox 143 4453 241 4508; x_wconf 86' lang='lat' dir='ltr'><strong>dia</strong></span> <span class='ocrx_word' id='word_1_327' title='bbox 283 4454 644 4521; x_wconf 86' lang='lat' dir='ltr'><strong>narratione,</strong></span> <span class='ocrx_word' id='word_1_328' title='bbox 695 4470 868 4525; x_wconf 87' lang='lat' dir='ltr'><strong>quam</strong></span> <span class='ocrx_word' id='word_1_329' title='bbox 912 4450 985 4507; x_wconf 91' lang='lat' dir='ltr'><strong>de</strong></span> <span class='ocrx_word' id='word_1_330' title='bbox 1032 4451 1332 4524; x_wconf 82' lang='lat' dir='ltr'><strong>Sophoclis</strong></span> <span class='ocrx_word' id='word_1_331' title='bbox 1374 4452 1600 4526; x_wconf 85' lang='lat' dir='ltr'><strong>ingenio</strong></span> <span class='ocrx_word' id='word_1_332' title='bbox 1643 4465 1699 4510; x_wconf 88' lang='lat' dir='ltr'><strong>et</strong></span> 
     </span>
     <span class='ocr_line' id='line_1_47' title="bbox 141 4536 1590 4611; baseline 0.002 -18"><span class='ocrx_word' id='word_1_333' title='bbox 141 4538 403 4593; x_wconf 86' lang='lat' dir='ltr'><strong>moribus</strong></span> <span class='ocrx_word' id='word_1_334' title='bbox 427 4539 538 4595; x_wconf 91' lang='lat' dir='ltr'><strong>Ion</strong></span> <span class='ocrx_word' id='word_1_335' title='bbox 565 4538 828 4607; x_wconf 85' lang='lat' dir='ltr'><strong>instituit,</strong></span> <span class='ocrx_word' id='word_1_336' title='bbox 859 4536 1196 4610; x_wconf 88' lang='lat' dir='ltr'><strong>deprompta</strong></span> <span class='ocrx_word' id='word_1_337' title='bbox 1220 4555 1334 4593; x_wconf 82' lang='lat' dir='ltr'><strong>esse</strong></span> <span class='ocrx_word' id='word_1_338' title='bbox 1359 4540 1590 4611; x_wconf 85' lang='lat' dir='ltr'><strong>possint.</strong></span> 
     </span>
    </p>

    <p class='ocr_par' dir='ltr' id='par_1_10' title="bbox 143 4621 1697 4958">
     <span class='ocr_line' id='line_1_48' title="bbox 221 4621 1691 4698; baseline 0.001 -18"><span class='ocrx_word' id='word_1_339' title='bbox 221 4623 618 4698; x_wconf 69' lang='lat' dir='ltr'><strong>Nieberdingii</strong></span> <span class='ocrx_word' id='word_1_340' title='bbox 665 4625 937 4679; x_wconf 87' lang='lat' dir='ltr'><strong>sententia</strong></span> <span class='ocrx_word' id='word_1_341' title='bbox 987 4621 1071 4698; x_wconf 86' lang='lat' dir='ltr'><strong>(p.</strong></span> <span class='ocrx_word' id='word_1_342' title='bbox 1118 4622 1211 4693; x_wconf 91' lang='lat'><strong>76.</strong></span> <span class='ocrx_word' id='word_1_343' title='bbox 1244 4623 1346 4697; x_wconf 88' lang='lat'><strong>79)</strong></span> <span class='ocrx_word' id='word_1_344' title='bbox 1398 4625 1517 4680; x_wconf 79' lang='lat' dir='ltr'><strong>haec</strong></span> <span class='ocrx_word' id='word_1_345' title='bbox 1556 4637 1639 4681; x_wconf 84' lang='lat' dir='ltr'><strong>est</strong></span> <span class='ocrx_word' id='word_1_346' title='bbox 1677 4646 1691 4681; x_wconf 73' lang='grc' dir='ltr'><strong><em>ε</em></strong></span> 
     </span>
     <span class='ocr_line' id='line_1_49' title="bbox 146 4709 1697 4785; baseline 0.001 -19"><span class='ocrx_word' id='word_1_347' title='bbox 146 4733 179 4759; x_wconf 66' lang='grc' dir='ltr'>α</span> <span class='ocrx_word' id='word_1_348' title='bbox 212 4712 404 4782; x_wconf 87' lang='lat' dir='ltr'><strong>Quum</strong></span> <span class='ocrx_word' id='word_1_349' title='bbox 429 4711 540 4766; x_wconf 90' lang='lat' dir='ltr'><strong>Ion</strong></span> <span class='ocrx_word' id='word_1_350' title='bbox 559 4709 868 4782; x_wconf 86' lang='lat' dir='ltr'><strong>plurimum</strong></span> <span class='ocrx_word' id='word_1_351' title='bbox 894 4711 1065 4764; x_wconf 79' lang='lat' dir='ltr'><strong>aetatis</strong></span> <span class='ocrx_word' id='word_1_352' title='bbox 1088 4727 1199 4764; x_wconf 77' lang='lat' dir='ltr'><strong>suae</strong></span> <span class='ocrx_word' id='word_1_353' title='bbox 1223 4710 1454 4765; x_wconf 83' lang='lat' dir='ltr'><strong>Athenis</strong></span> <span class='ocrx_word' id='word_1_354' title='bbox 1468 4712 1697 4785; x_wconf 84' lang='lat' dir='ltr'><strong>aliisque</strong></span> 
     </span>
     <span class='ocr_line' id='line_1_50' title="bbox 145 4796 1695 4871; baseline 0 -17"><span class='ocrx_word' id='word_1_355' title='bbox 145 4798 373 4854; x_wconf 77' lang='lat' dir='ltr'><strong>Graeciae</strong></span> <span class='ocrx_word' id='word_1_356' title='bbox 399 4796 540 4852; x_wconf 89' lang='lat' dir='ltr'><strong>locis</strong></span> <span class='ocrx_word' id='word_1_357' title='bbox 561 4798 958 4870; x_wconf 79' lang='lat' dir='ltr'><strong>consumserit,</strong></span> <span class='ocrx_word' id='word_1_358' title='bbox 988 4807 1042 4850; x_wconf 90' lang='lat' dir='ltr'><strong>et</strong></span> <span class='ocrx_word' id='word_1_359' title='bbox 1066 4814 1241 4869; x_wconf 89' lang='lat' dir='ltr'><strong>quum</strong></span> <span class='ocrx_word' id='word_1_360' title='bbox 1266 4808 1534 4871; x_wconf 68' lang='lat' dir='ltr'><strong>praeterea</strong></span> <span class='ocrx_word' id='word_1_361' title='bbox 1554 4800 1695 4855; x_wconf 85' lang='lat' dir='ltr'><strong>alius</strong></span> 
     </span>
     <span class='ocr_line' id='line_1_51' title="bbox 143 4880 1695 4958; baseline 0.003 -19"><span class='ocrx_word' id='word_1_362' title='bbox 143 4883 401 4955; x_wconf 83' lang='lat' dir='ltr'><strong>ejusdem</strong></span> <span class='ocrx_word' id='word_1_363' title='bbox 435 4883 586 4937; x_wconf 88' lang='lat' dir='ltr'><strong>liber</strong></span> <span class='ocrx_word' id='word_1_364' title='bbox 623 4884 969 4938; x_wconf 83' lang='lat' dir='ltr'><strong>inscribatur</strong></span> <span class='ocrx_word' id='word_1_365' title='bbox 997 4880 1562 4958; x_wconf 73' lang='grc' dir='ltr'>Συνεκδημητικός</span> <span class='ocrx_word' id='word_1_366' title='bbox 1593 4884 1695 4958; x_wconf 82' lang='lat' dir='ltr'><strong>(fr.</strong></span> 
     </span>
    </p>

    <p class='ocr_par' dir='ltr' id='par_1_11' title="bbox 155 4968 1698 5047">
     <span class='ocr_line' id='line_1_52' title="bbox 155 4968 1698 5047; baseline 0.001 -22"><span class='ocrx_word' id='word_1_367' title='bbox 155 4971 282 5047; x_wconf 66' lang='grc' dir='ltr'><strong>ιο),</strong></span> <span class='ocrx_word' id='word_1_368' title='bbox 325 4973 426 5044; x_wconf 84' lang='lat' dir='ltr'><strong>qui</strong></span> <span class='ocrx_word' id='word_1_369' title='bbox 472 4983 556 5027; x_wconf 87' lang='lat' dir='ltr'><strong>est</strong></span> <span class='ocrx_word' id='word_1_370' title='bbox 597 4989 826 5044; x_wconf 87' lang='lat' dir='ltr'><strong>prorsus</strong></span> <span class='ocrx_word' id='word_1_371' title='bbox 854 4973 1165 5026; x_wconf 84' lang='lat' dir='ltr'><strong>contrarius</strong></span> <span class='ocrx_word' id='word_1_372' title='bbox 1189 4976 1303 5036; x_wconf 80' lang='grc' dir='ltr'>ταῖς</span> <span class='ocrx_word' id='word_1_373' title='bbox 1331 4968 1698 5047; x_wconf 78' lang='grc' dir='ltr'>Ἐπιδημίαις,</span> 
     </span>
    </p>
   </div>
   <div class='ocr_carea' id='block_1_5' title="bbox 420 3055 1717 3140">
    <p class='ocr_par' dir='ltr' id='par_1_12' title="bbox 420 3055 1717 3140">
     <span class='ocr_line' id='line_1_53' title="bbox 420 3055 1717 3140; baseline -0.001 -18"><span class='ocrx_word' id='word_1_374' title='bbox 420 3067 680 3140; x_wconf 85' lang='lat' dir='ltr'><strong>Intellige</strong></span> <span class='ocrx_word' id='word_1_375' title='bbox 719 3065 793 3121; x_wconf 91' lang='lat' dir='ltr'><strong>de</strong></span> <span class='ocrx_word' id='word_1_376' title='bbox 832 3062 1081 3119; x_wconf 84' lang='lat' dir='ltr'><strong>adventu</strong></span> <span class='ocrx_word' id='word_1_377' title='bbox 1115 3064 1398 3118; x_wconf 86' lang='lat' dir='ltr'><strong>clarorum</strong></span> <span class='ocrx_word' id='word_1_378' title='bbox 1439 3055 1717 3121; x_wconf 57' lang='lat' dir='ltr'><strong>virorum&#39;</strong></span> 
     </span>
    </p>
   </div>
   <div class='ocr_carea' id='block_1_6' title="bbox 1782 636 3340 5046">
    <p class='ocr_par' dir='ltr' id='par_1_13' title="bbox 1788 636 3334 886">
     <span class='ocr_line' id='line_1_54' title="bbox 1789 636 3333 715; baseline 0.006 -23"><span class='ocrx_word' id='word_1_379' title='bbox 1789 636 2167 693; x_wconf 85' lang='lat' dir='ltr'><strong>animadversa</strong></span> <span class='ocrx_word' id='word_1_380' title='bbox 2198 637 2404 692; x_wconf 84' lang='lat' dir='ltr'><strong>suerint</strong></span> <span class='ocrx_word' id='word_1_381' title='bbox 2426 650 2739 694; x_wconf 84' lang='lat' dir='ltr'><strong>memoratu</strong></span> <span class='ocrx_word' id='word_1_382' title='bbox 2758 639 2958 714; x_wconf 79' lang='lat' dir='ltr'><strong>digna,</strong></span> <span class='ocrx_word' id='word_1_383' title='bbox 2990 643 3049 697; x_wconf 90' lang='lat' dir='ltr'><strong>in</strong></span> <span class='ocrx_word' id='word_1_384' title='bbox 3072 643 3333 715; x_wconf 79' lang='grc' dir='ltr'>Συνεκδη-</span> 
     </span>
     <span class='ocr_line' id='line_1_55' title="bbox 1790 724 3334 800; baseline 0.006 -22"><span class='ocrx_word' id='word_1_385' title='bbox 1790 724 1998 800; x_wconf 78' lang='grc' dir='ltr'>μητυιῷ</span> <span class='ocrx_word' id='word_1_386' title='bbox 2042 743 2177 780; x_wconf 86' lang='lat' dir='ltr'><strong>vero</strong></span> <span class='ocrx_word' id='word_1_387' title='bbox 2223 743 2317 793; x_wconf 89' lang='lat' dir='ltr'><strong>ea,</strong></span> <span class='ocrx_word' id='word_1_388' title='bbox 2349 744 2473 797; x_wconf 78' lang='lat' dir='ltr'><strong>quae</strong></span> <span class='ocrx_word' id='word_1_389' title='bbox 2510 736 2664 780; x_wconf 81' lang='lat' dir='ltr'><strong>extra</strong></span> <span class='ocrx_word' id='word_1_390' title='bbox 2694 730 2925 799; x_wconf 77' lang='lat' dir='ltr'><strong>patiiam</strong></span> <span class='ocrx_word' id='word_1_391' title='bbox 2964 730 3198 799; x_wconf 84' lang='lat' dir='ltr'><strong>viderit,</strong></span> <span class='ocrx_word' id='word_1_392' title='bbox 3229 751 3334 786; x_wconf 86' lang='lat' dir='ltr'><strong>co—</strong></span> 
     </span>
     <span class='ocr_line' id='line_1_56' title="bbox 1788 812 2835 886; baseline -0.002 -20"><span class='ocrx_word' id='word_1_393' title='bbox 1788 829 1906 866; x_wconf 81' lang='lat' dir='ltr'><strong>mes</strong></span> <span class='ocrx_word' id='word_1_394' title='bbox 1924 812 2135 866; x_wconf 90' lang='lat' dir='ltr'><strong>scilicet</strong></span> <span class='ocrx_word' id='word_1_395' title='bbox 2159 813 2321 866; x_wconf 86' lang='lat' dir='ltr'><strong>amici</strong></span> <span class='ocrx_word' id='word_1_396' title='bbox 2348 815 2835 886; x_wconf 73' lang='lat' dir='ltr'><strong>peregrinantis.»</strong></span> 
     </span>
    </p>

    <p class='ocr_par' dir='ltr' id='par_1_14' title="bbox 1782 895 3339 3292">
     <span class='ocr_line' id='line_1_57' title="bbox 1867 895 3337 988; baseline 0.005 -36"><span class='ocrx_word' id='word_1_397' title='bbox 1867 898 2221 966; x_wconf 85' lang='lat' dir='ltr'><strong>Hermanno,</strong></span> <span class='ocrx_word' id='word_1_398' title='bbox 2248 899 2340 951; x_wconf 88' lang='lat' dir='ltr'><strong>cui</strong></span> <span class='ocrx_word' id='word_1_399' title='bbox 2379 899 2666 967; x_wconf 84' lang='lat' dir='ltr'><strong>assentior,</strong></span> <span class='ocrx_word' id='word_1_400' title='bbox 2692 895 3004 972; x_wconf 79' lang='grc' dir='ltr'>Ἐπιδημίαι</span> <span class='ocrx_word' id='word_1_401' title='bbox 3028 900 3337 988; x_wconf 80' lang='lat' dir='ltr'><strong>significare</strong></span> 
     </span>
     <span class='ocr_line' id='line_1_58' title="bbox 1789 983 3337 1070; baseline 0.006 -33"><span class='ocrx_word' id='word_1_402' title='bbox 1789 983 2054 1038; x_wconf 77' lang='lat' dir='ltr'><strong>videntur</strong></span> <span class='ocrx_word' id='word_1_403' title='bbox 2107 987 2576 1042; x_wconf 85' lang='lat' dir='ltr'><strong>commorationes</strong></span> <span class='ocrx_word' id='word_1_404' title='bbox 2625 1004 2765 1058; x_wconf 88' lang='lat' dir='ltr'><strong>quas</strong></span> <span class='ocrx_word' id='word_1_405' title='bbox 2822 987 3054 1044; x_wconf 81' lang='lat' dir='ltr'><strong>Athenis</strong></span> <span class='ocrx_word' id='word_1_406' title='bbox 3103 991 3337 1070; x_wconf 84' lang='lat' dir='ltr'><strong>aliisque</strong></span> 
     </span>
     <span class='ocr_line' id='line_1_59' title="bbox 1791 1069 3335 1149; baseline 0.003 -24"><span class='ocrx_word' id='word_1_407' title='bbox 1791 1071 1850 1125; x_wconf 94' lang='lat' dir='ltr'><strong>in</strong></span> <span class='ocrx_word' id='word_1_408' title='bbox 1894 1071 2132 1125; x_wconf 84' lang='lat' dir='ltr'><strong>urbibus</strong></span> <span class='ocrx_word' id='word_1_409' title='bbox 2170 1071 2277 1125; x_wconf 89' lang='lat' dir='ltr'><strong>Ion</strong></span> <span class='ocrx_word' id='word_1_410' title='bbox 2320 1069 2469 1125; x_wconf 85' lang='lat' dir='ltr'><strong>fecit.</strong></span> <span class='ocrx_word' id='word_1_411' title='bbox 2511 1071 2767 1140; x_wconf 80' lang='lat' dir='ltr'><strong>Eaedem,</strong></span> <span class='ocrx_word' id='word_1_412' title='bbox 2809 1074 2855 1127; x_wconf 88' lang='lat' dir='ltr'><strong>si</strong></span> <span class='ocrx_word' id='word_1_413' title='bbox 2892 1076 3130 1147; x_wconf 83' lang='lat' dir='ltr'><strong>patriam</strong></span> <span class='ocrx_word' id='word_1_414' title='bbox 3156 1087 3335 1149; x_wconf 78' lang='lat' dir='ltr'><strong>poetae</strong></span> 
     </span>
     <span class='ocr_line' id='line_1_60' title="bbox 1791 1153 3333 1231; baseline 0.003 -19"><span class='ocrx_word' id='word_1_415' title='bbox 1791 1159 2124 1230; x_wconf 78' lang='lat' dir='ltr'><strong>respexeris,</strong></span> <span class='ocrx_word' id='word_1_416' title='bbox 2155 1153 2420 1230; x_wconf 72' lang='grc' dir='ltr'>ἐκδημίαι,</span> <span class='ocrx_word' id='word_1_417' title='bbox 2459 1168 2626 1230; x_wconf 88' lang='lat' dir='ltr'><strong>atque</strong></span> <span class='ocrx_word' id='word_1_418' title='bbox 2650 1158 2815 1226; x_wconf 88' lang='lat' dir='ltr'><strong>liber,</strong></span> <span class='ocrx_word' id='word_1_419' title='bbox 2846 1161 2946 1231; x_wconf 88' lang='lat' dir='ltr'><strong>qui</strong></span> <span class='ocrx_word' id='word_1_420' title='bbox 2973 1160 3045 1216; x_wconf 89' lang='lat' dir='ltr'><strong>de</strong></span> <span class='ocrx_word' id='word_1_421' title='bbox 3070 1162 3158 1216; x_wconf 86' lang='lat' dir='ltr'><strong>his</strong></span> <span class='ocrx_word' id='word_1_422' title='bbox 3177 1174 3333 1231; x_wconf 87' lang='lat' dir='ltr'><strong>erat,</strong></span> 
     </span>
     <span class='ocr_line' id='line_1_61' title="bbox 1791 1241 3336 1318; baseline 0.004 -19"><span class='ocrx_word' id='word_1_423' title='bbox 1791 1242 1939 1318; x_wconf 83' lang='grc' dir='ltr'>λόγος</span> <span class='ocrx_word' id='word_1_424' title='bbox 1967 1241 2310 1316; x_wconf 69' lang='grc' dir='ltr'>ἐκδημητικός</span> <span class='ocrx_word' id='word_1_425' title='bbox 2331 1243 2444 1298; x_wconf 92' lang='lat' dir='ltr'><strong>dici</strong></span> <span class='ocrx_word' id='word_1_426' title='bbox 2482 1254 2809 1316; x_wconf 88' lang='lat' dir='ltr'><strong>potuerunt.</strong></span> <span class='ocrx_word' id='word_1_427' title='bbox 2836 1247 3023 1317; x_wconf 87' lang='lat' dir='ltr'><strong>Quare</strong></span> <span class='ocrx_word' id='word_1_428' title='bbox 3050 1250 3236 1304; x_wconf 86' lang='lat' dir='ltr'><strong>nescio</strong></span> <span class='ocrx_word' id='word_1_429' title='bbox 3264 1267 3336 1305; x_wconf 90' lang='lat' dir='ltr'><strong>an</strong></span> 
     </span>
     <span class='ocr_line' id='line_1_62' title="bbox 1790 1327 3337 1408; baseline 0.004 -23"><span class='ocrx_word' id='word_1_430' title='bbox 1790 1327 2229 1403; x_wconf 73' lang='grc' dir='ltr'>σωοεκδημητικός</span> <span class='ocrx_word' id='word_1_431' title='bbox 2264 1329 2435 1384; x_wconf 85' lang='lat' dir='ltr'><strong>fuerit</strong></span> <span class='ocrx_word' id='word_1_432' title='bbox 2478 1333 2633 1403; x_wconf 88' lang='lat' dir='ltr'><strong>quasi</strong></span> <span class='ocrx_word' id='word_1_433' title='bbox 2674 1333 2813 1387; x_wconf 87' lang='lat' dir='ltr'><strong>alter</strong></span> <span class='ocrx_word' id='word_1_434' title='bbox 2840 1332 3210 1408; x_wconf 74' lang='grc' dir='ltr'>ἐκδημητυιός,</span> <span class='ocrx_word' id='word_1_435' title='bbox 3245 1338 3337 1391; x_wconf 78' lang='lat' dir='ltr'><strong>vel</strong></span> 
     </span>
     <span class='ocr_line' id='line_1_63' title="bbox 1789 1417 3333 1490; baseline 0.006 -20"><span class='ocrx_word' id='word_1_436' title='bbox 1789 1418 1998 1489; x_wconf 88' lang='lat' dir='ltr'><strong>prioris</strong></span> <span class='ocrx_word' id='word_1_437' title='bbox 2041 1417 2342 1490; x_wconf 83' lang='lat' dir='ltr'><strong>appendix.</strong></span> <span class='ocrx_word' id='word_1_438' title='bbox 2392 1417 2652 1472; x_wconf 87' lang='lat' dir='ltr'><strong>Ceterum</strong></span> <span class='ocrx_word' id='word_1_439' title='bbox 2693 1420 2769 1473; x_wconf 89' lang='lat' dir='ltr'><strong>ita</strong></span> <span class='ocrx_word' id='word_1_440' title='bbox 2815 1422 3172 1477; x_wconf 76' lang='lat' dir='ltr'><strong>Bet-mannus</strong></span> <span class='ocrx_word' id='word_1_441' title='bbox 3205 1424 3244 1478; x_wconf 91' lang='lat' dir='ltr'><strong>l.</strong></span> <span class='ocrx_word' id='word_1_442' title='bbox 3294 1425 3333 1482; x_wconf 89' lang='lat' dir='ltr'><strong>l.</strong></span> 
     </span>
     <span class='ocr_line' id='line_1_64' title="bbox 1785 1504 3334 1578; baseline 0.006 -22"><span class='ocrx_word' id='word_1_443' title='bbox 1785 1521 1844 1578; x_wconf 90' lang='lat' dir='ltr'><strong>p.</strong></span> <span class='ocrx_word' id='word_1_444' title='bbox 1873 1522 1911 1577; x_wconf 89' lang='lat'>9</span> <span class='ocrx_word' id='word_1_445' title='bbox 1940 1522 1955 1556; x_wconf 91' lang='lat'>:</span> <span class='ocrx_word' id='word_1_446' title='bbox 1990 1527 2014 1553; x_wconf 82' lang='lat'>«</span> <span class='ocrx_word' id='word_1_447' title='bbox 2044 1504 2254 1574; x_wconf 80' lang='lat' dir='ltr'><strong>Quovis</strong></span> <span class='ocrx_word' id='word_1_448' title='bbox 2273 1505 2510 1578; x_wconf 82' lang='lat' dir='ltr'><strong>pignore</strong></span> <span class='ocrx_word' id='word_1_449' title='bbox 2539 1504 2928 1559; x_wconf 74' lang='lat' dir='ltr'><strong>contendimus</strong></span> <span class='ocrx_word' id='word_1_450' title='bbox 2950 1505 3238 1578; x_wconf 74' lang='grc' dir='ltr'>ἐπιδημιῶν</span> <span class='ocrx_word' id='word_1_451' title='bbox 3260 1510 3334 1565; x_wconf 88' lang='lat' dir='ltr'><strong>li-</strong></span> 
     </span>
     <span class='ocr_line' id='line_1_65' title="bbox 1785 1589 3335 1665; baseline 0.005 -22"><span class='ocrx_word' id='word_1_452' title='bbox 1785 1589 2018 1648; x_wconf 87' lang='lat' dir='ltr'><strong>brum...</strong></span> <span class='ocrx_word' id='word_1_453' title='bbox 2050 1609 2115 1646; x_wconf 87' lang='lat' dir='ltr'><strong>ea</strong></span> <span class='ocrx_word' id='word_1_454' title='bbox 2147 1591 2510 1659; x_wconf 85' lang='lat' dir='ltr'><strong>continuisse,</strong></span> <span class='ocrx_word' id='word_1_455' title='bbox 2540 1608 2663 1661; x_wconf 81' lang='lat' dir='ltr'><strong>quae</strong></span> <span class='ocrx_word' id='word_1_456' title='bbox 2693 1591 2798 1645; x_wconf 92' lang='lat' dir='ltr'><strong>Ion</strong></span> <span class='ocrx_word' id='word_1_457' title='bbox 2825 1592 2977 1665; x_wconf 90' lang='lat' dir='ltr'><strong>apud</strong></span> <span class='ocrx_word' id='word_1_458' title='bbox 3000 1604 3219 1650; x_wconf 85' lang='lat' dir='ltr'><strong>exteros</strong></span> <span class='ocrx_word' id='word_1_459' title='bbox 3244 1597 3335 1650; x_wconf 78' lang='lat' dir='ltr'><strong>vi-</strong></span> 
     </span>
     <span class='ocr_line' id='line_1_66' title="bbox 1786 1675 3336 1750; baseline 0.005 -20"><span class='ocrx_word' id='word_1_460' title='bbox 1786 1675 1953 1732; x_wconf 83' lang='lat' dir='ltr'><strong>disset</strong></span> <span class='ocrx_word' id='word_1_461' title='bbox 1978 1686 2146 1748; x_wconf 87' lang='lat' dir='ltr'><strong>atque</strong></span> <span class='ocrx_word' id='word_1_462' title='bbox 2173 1675 2433 1732; x_wconf 86' lang='lat' dir='ltr'><strong>audiisset</strong></span> <span class='ocrx_word' id='word_1_463' title='bbox 2455 1677 2512 1729; x_wconf 92' lang='lat' dir='ltr'><strong>in</strong></span> <span class='ocrx_word' id='word_1_464' title='bbox 2530 1678 3076 1749; x_wconf 81' lang='lat' dir='ltr'><strong>peregrinationibus</strong></span> <span class='ocrx_word' id='word_1_465' title='bbox 3095 1683 3234 1750; x_wconf 89' lang='lat' dir='ltr'><strong>suis,</strong></span> <span class='ocrx_word' id='word_1_466' title='bbox 3263 1682 3336 1738; x_wconf 90' lang='lat' dir='ltr'><strong>de</strong></span> 
     </span>
     <span class='ocr_line' id='line_1_67' title="bbox 1787 1760 3334 1840; baseline 0.005 -23"><span class='ocrx_word' id='word_1_467' title='bbox 1787 1763 1992 1835; x_wconf 88' lang='lat' dir='ltr'><strong>quibus</strong></span> <span class='ocrx_word' id='word_1_468' title='bbox 2029 1760 2301 1835; x_wconf 74' lang='grc' dir='ltr'>ἐπιδημεῖν</span> <span class='ocrx_word' id='word_1_469' title='bbox 2336 1763 2566 1817; x_wconf 87' lang='lat' dir='ltr'><strong>solenne</strong></span> <span class='ocrx_word' id='word_1_470' title='bbox 2603 1763 2839 1818; x_wconf 80' lang='lat' dir='ltr'><strong>verbum</strong></span> <span class='ocrx_word' id='word_1_471' title='bbox 2876 1776 2985 1834; x_wconf 90' lang='lat' dir='ltr'><strong>est;</strong></span> <span class='ocrx_word' id='word_1_472' title='bbox 3016 1784 3147 1821; x_wconf 90' lang='lat' dir='ltr'><strong>nam</strong></span> <span class='ocrx_word' id='word_1_473' title='bbox 3177 1769 3334 1840; x_wconf 89' lang='lat' dir='ltr'><strong>quod</strong></span> 
     </span>
     <span class='ocr_line' id='line_1_68' title="bbox 1786 1848 3338 1922; baseline 0.004 -18"><span class='ocrx_word' id='word_1_474' title='bbox 1786 1848 1903 1921; x_wconf 86' lang='lat' dir='ltr'><strong>ejus</strong></span> <span class='ocrx_word' id='word_1_475' title='bbox 1950 1849 2081 1904; x_wconf 87' lang='lat' dir='ltr'><strong>libri</strong></span> <span class='ocrx_word' id='word_1_476' title='bbox 2129 1849 2503 1922; x_wconf 78' lang='lat' dir='ltr'><strong>fragmentum</strong></span> <span class='ocrx_word' id='word_1_477' title='bbox 2552 1860 2728 1904; x_wconf 75' lang='lat' dir='ltr'><strong>exstat</strong></span> <span class='ocrx_word' id='word_1_478' title='bbox 2771 1850 2841 1905; x_wconf 91' lang='lat' dir='ltr'><strong>de</strong></span> <span class='ocrx_word' id='word_1_479' title='bbox 2879 1869 3137 1908; x_wconf 81' lang='lat' dir='ltr'><strong>sermone</strong></span> <span class='ocrx_word' id='word_1_480' title='bbox 3182 1856 3338 1910; x_wconf 86' lang='lat' dir='ltr'><strong>Ionis</strong></span> 
     </span>
     <span class='ocr_line' id='line_1_69' title="bbox 1785 1936 3335 2011; baseline 0.002 -19"><span class='ocrx_word' id='word_1_481' title='bbox 1785 1956 1914 1993; x_wconf 89' lang='lat' dir='ltr'><strong>cum</strong></span> <span class='ocrx_word' id='word_1_482' title='bbox 1939 1937 2219 2011; x_wconf 89' lang='lat' dir='ltr'><strong>Sophocle</strong></span> <span class='ocrx_word' id='word_1_483' title='bbox 2246 1937 2371 1992; x_wconf 88' lang='lat' dir='ltr'><strong>Chii</strong></span> <span class='ocrx_word' id='word_1_484' title='bbox 2399 1936 2626 2005; x_wconf 87' lang='lat' dir='ltr'><strong>habito,</strong></span> <span class='ocrx_word' id='word_1_485' title='bbox 2658 1948 2859 1992; x_wconf 85' lang='lat' dir='ltr'><strong>tamen·</strong></span> <span class='ocrx_word' id='word_1_486' title='bbox 2880 1938 2952 1993; x_wconf 89' lang='lat' dir='ltr'><strong>de</strong></span> <span class='ocrx_word' id='word_1_487' title='bbox 2980 1940 3206 1996; x_wconf 89' lang='lat' dir='ltr'><strong>homine</strong></span> <span class='ocrx_word' id='word_1_488' title='bbox 3228 1945 3335 1998; x_wconf 88' lang='lat' dir='ltr'><strong>At-</strong></span> 
     </span>
     <span class='ocr_line' id='line_1_70' title="bbox 1784 2022 3339 2102; baseline 0.005 -25"><span class='ocrx_word' id='word_1_489' title='bbox 1784 2026 1898 2080; x_wconf 90' lang='lat' dir='ltr'><strong>tico</strong></span> <span class='ocrx_word' id='word_1_490' title='bbox 1922 2025 2200 2097; x_wconf 89' lang='lat' dir='ltr'><strong>loquitur,</strong></span> <span class='ocrx_word' id='word_1_491' title='bbox 2232 2022 2391 2095; x_wconf 85' lang='lat' dir='ltr'><strong>cujus</strong></span> <span class='ocrx_word' id='word_1_492' title='bbox 2410 2025 2461 2078; x_wconf 90' lang='lat' dir='ltr'><strong>ei</strong></span> <span class='ocrx_word' id='word_1_493' title='bbox 2480 2026 2751 2080; x_wconf 88' lang='lat' dir='ltr'><strong>memoria</strong></span> <span class='ocrx_word' id='word_1_494' title='bbox 2773 2027 2941 2080; x_wconf 87' lang='lat' dir='ltr'><strong>etiam</strong></span> <span class='ocrx_word' id='word_1_495' title='bbox 2961 2027 3018 2082; x_wconf 92' lang='lat' dir='ltr'><strong>in</strong></span> <span class='ocrx_word' id='word_1_496' title='bbox 3040 2029 3152 2083; x_wconf 88' lang='lat' dir='ltr'><strong>suis</strong></span> <span class='ocrx_word' id='word_1_497' title='bbox 3171 2031 3339 2102; x_wconf 85' lang='lat' dir='ltr'><strong>ipsius</strong></span> 
     </span>
     <span class='ocr_line' id='line_1_71' title="bbox 1783 2108 3336 2185; baseline 0.004 -20"><span class='ocrx_word' id='word_1_498' title='bbox 1783 2111 2077 2167; x_wconf 87' lang='lat' dir='ltr'><strong>itineribus</strong></span> <span class='ocrx_word' id='word_1_499' title='bbox 2104 2108 2486 2166; x_wconf 62' lang='lat' dir='ltr'><strong>describendis</strong></span> <span class='ocrx_word' id='word_1_500' title='bbox 2511 2128 2811 2166; x_wconf 86' lang='lat' dir='ltr'><strong>occurrere</strong></span> <span class='ocrx_word' id='word_1_501' title='bbox 2851 2124 3092 2185; x_wconf 89' lang='lat' dir='ltr'><strong>poterat.</strong></span> <span class='ocrx_word' id='word_1_502' title='bbox 3136 2116 3336 2171; x_wconf 84' lang='lat' dir='ltr'><strong>Facilis</strong></span> 
     </span>
     <span class='ocr_line' id='line_1_72' title="bbox 1793 2196 3334 2274; baseline 0.004 -22"><span class='ocrx_word' id='word_1_503' title='bbox 1793 2209 1983 2253; x_wconf 87' lang='lat' dir='ltr'><strong>autem</strong></span> <span class='ocrx_word' id='word_1_504' title='bbox 2020 2196 2344 2269; x_wconf 88' lang='lat' dir='ltr'><strong>conjectura</strong></span> <span class='ocrx_word' id='word_1_505' title='bbox 2373 2207 2454 2252; x_wconf 83' lang='lat' dir='ltr'><strong>est</strong></span> <span class='ocrx_word' id='word_1_506' title='bbox 2488 2197 2758 2271; x_wconf 81' lang='lat' dir='ltr'><strong>sophistas</strong></span> <span class='ocrx_word' id='word_1_507' title='bbox 2791 2200 3001 2271; x_wconf 87' lang='lat' dir='ltr'><strong>pariter</strong></span> <span class='ocrx_word' id='word_1_508' title='bbox 3023 2219 3087 2255; x_wconf 90' lang='lat' dir='ltr'><strong>ac</strong></span> <span class='ocrx_word' id='word_1_509' title='bbox 3113 2213 3334 2274; x_wconf 87' lang='lat' dir='ltr'><strong>poetas,</strong></span> 
     </span>
     <span class='ocr_line' id='line_1_73' title="bbox 1785 2285 3339 2361; baseline 0.004 -23"><span class='ocrx_word' id='word_1_510' title='bbox 1785 2287 1884 2357; x_wconf 89' lang='lat' dir='ltr'><strong>qui</strong></span> <span class='ocrx_word' id='word_1_511' title='bbox 1913 2286 2007 2341; x_wconf 85' lang='lat' dir='ltr'><strong>illa</strong></span> <span class='ocrx_word' id='word_1_512' title='bbox 2035 2296 2194 2341; x_wconf 69' lang='lat' dir='ltr'><strong>aetate</strong></span> <span class='ocrx_word' id='word_1_513' title='bbox 2220 2302 2325 2358; x_wconf 81' lang='lat' dir='ltr'><strong>per</strong></span> <span class='ocrx_word' id='word_1_514' title='bbox 2350 2286 2667 2356; x_wconf 75' lang='lat' dir='ltr'><strong>universam</strong></span> <span class='ocrx_word' id='word_1_515' title='bbox 2693 2285 2965 2342; x_wconf 84' lang='lat' dir='ltr'><strong>Graeciam</strong></span> <span class='ocrx_word' id='word_1_516' title='bbox 2990 2289 3339 2361; x_wconf 72' lang='lat' dir='ltr'><strong>vagabantur</strong></span> 
     </span>
     <span class='ocr_line' id='line_1_74' title="bbox 1784 2371 3338 2447; baseline 0.005 -23"><span class='ocrx_word' id='word_1_517' title='bbox 1784 2371 2134 2443; x_wconf 89' lang='lat' dir='ltr'><strong>multumque</strong></span> <span class='ocrx_word' id='word_1_518' title='bbox 2149 2371 2416 2443; x_wconf 84' lang='lat' dir='ltr'><strong>temporis</strong></span> <span class='ocrx_word' id='word_1_519' title='bbox 2428 2371 2659 2426; x_wconf 80' lang='lat' dir='ltr'><strong>Athenis</strong></span> <span class='ocrx_word' id='word_1_520' title='bbox 2674 2372 3032 2446; x_wconf 79' lang='lat' dir='ltr'><strong>peragebant,</strong></span> <span class='ocrx_word' id='word_1_521' title='bbox 3049 2375 3093 2427; x_wconf 89' lang='lat' dir='ltr'><strong>si</strong></span> <span class='ocrx_word' id='word_1_522' title='bbox 3108 2377 3338 2447; x_wconf 87' lang='lat' dir='ltr'><strong>quando</strong></span> 
     </span>
     <span class='ocr_line' id='line_1_75' title="bbox 1785 2456 3332 2530; baseline 0.006 -20"><span class='ocrx_word' id='word_1_523' title='bbox 1785 2456 2020 2512; x_wconf 91' lang='lat' dir='ltr'><strong>domum</strong></span> <span class='ocrx_word' id='word_1_524' title='bbox 2058 2457 2373 2525; x_wconf 87' lang='lat' dir='ltr'><strong>rediissent,</strong></span> <span class='ocrx_word' id='word_1_525' title='bbox 2426 2458 2795 2530; x_wconf 83' lang='lat' dir='ltr'><strong>popularibus</strong></span> <span class='ocrx_word' id='word_1_526' title='bbox 2835 2459 2945 2513; x_wconf 90' lang='lat' dir='ltr'><strong>suis</strong></span> <span class='ocrx_word' id='word_1_527' title='bbox 2982 2478 3100 2514; x_wconf 93' lang='lat' dir='ltr'><strong>non</strong></span> <span class='ocrx_word' id='word_1_528' title='bbox 3155 2463 3332 2519; x_wconf 88' lang='lat' dir='ltr'><strong>modo</strong></span> 
     </span>
     <span class='ocr_line' id='line_1_76' title="bbox 1783 2543 3331 2620; baseline 0.002 -21"><span class='ocrx_word' id='word_1_529' title='bbox 1783 2562 2057 2612; x_wconf 85' lang='lat' dir='ltr'><strong>narrasse,</strong></span> <span class='ocrx_word' id='word_1_530' title='bbox 2090 2563 2285 2599; x_wconf 80' lang='lat' dir='ltr'><strong>vemm</strong></span> <span class='ocrx_word' id='word_1_531' title='bbox 2312 2543 2598 2599; x_wconf 87' lang='lat' dir='ltr'><strong>interdum</strong></span> <span class='ocrx_word' id='word_1_532' title='bbox 2618 2545 2783 2599; x_wconf 89' lang='lat' dir='ltr'><strong>etiam</strong></span> <span class='ocrx_word' id='word_1_533' title='bbox 2797 2547 3003 2617; x_wconf 85' lang='lat' dir='ltr'><strong>scripta</strong></span> <span class='ocrx_word' id='word_1_534' title='bbox 3024 2548 3331 2620; x_wconf 83' lang='lat' dir='ltr'><strong>reliquisse,</strong></span> 
     </span>
     <span class='ocr_line' id='line_1_77' title="bbox 1787 2630 3331 2705; baseline 0.003 -20"><span class='ocrx_word' id='word_1_535' title='bbox 1787 2648 1908 2702; x_wconf 60' lang='lat' dir='ltr'><strong>qua}</strong></span> <span class='ocrx_word' id='word_1_536' title='bbox 1937 2630 2009 2686; x_wconf 91' lang='lat' dir='ltr'><strong>de</strong></span> <span class='ocrx_word' id='word_1_537' title='bbox 2036 2630 2360 2687; x_wconf 88' lang='lat' dir='ltr'><strong>hominibus</strong></span> <span class='ocrx_word' id='word_1_538' title='bbox 2380 2648 2482 2705; x_wconf 87' lang='lat' dir='ltr'><strong>per</strong></span> <span class='ocrx_word' id='word_1_539' title='bbox 2513 2641 2691 2685; x_wconf 88' lang='lat' dir='ltr'><strong>totum</strong></span> <span class='ocrx_word' id='word_1_540' title='bbox 2711 2631 2910 2686; x_wconf 89' lang='lat' dir='ltr'><strong>orbem</strong></span> <span class='ocrx_word' id='word_1_541' title='bbox 2929 2631 3151 2688; x_wconf 84' lang='lat' dir='ltr'><strong>famosis</strong></span> <span class='ocrx_word' id='word_1_542' title='bbox 3170 2653 3331 2689; x_wconf 90' lang='lat' dir='ltr'><strong>com-</strong></span> 
     </span>
     <span class='ocr_line' id='line_1_78' title="bbox 1782 2718 3338 2793; baseline 0 -21"><span class='ocrx_word' id='word_1_543' title='bbox 1782 2718 2055 2789; x_wconf 88' lang='lat' dir='ltr'><strong>perissent</strong></span> <span class='ocrx_word' id='word_1_544' title='bbox 2078 2727 2246 2790; x_wconf 88' lang='lat' dir='ltr'><strong>atquc</strong></span> <span class='ocrx_word' id='word_1_545' title='bbox 2273 2718 2332 2770; x_wconf 92' lang='lat' dir='ltr'><strong>in</strong></span> <span class='ocrx_word' id='word_1_546' title='bbox 2370 2718 2802 2772; x_wconf 84' lang='lat' dir='ltr'><strong>commentarios</strong></span> <span class='ocrx_word' id='word_1_547' title='bbox 2826 2718 3168 2787; x_wconf 75' lang='lat' dir='ltr'><strong>retulissent,</strong></span> <span class='ocrx_word' id='word_1_548' title='bbox 3200 2740 3338 2793; x_wconf 74' lang='lat' dir='ltr'><strong>quas</strong></span> 
     </span>
     <span class='ocr_line' id='line_1_79' title="bbox 1786 2804 3335 2882; baseline 0.001 -24"><span class='ocrx_word' id='word_1_549' title='bbox 1786 2804 1884 2858; x_wconf 86' lang='lat' dir='ltr'><strong>etsi</strong></span> <span class='ocrx_word' id='word_1_550' title='bbox 1911 2805 2259 2858; x_wconf 82' lang='lat' dir='ltr'><strong>narrationes</strong></span> <span class='ocrx_word' id='word_1_551' title='bbox 2284 2820 2502 2857; x_wconf 87' lang='lat' dir='ltr'><strong>necesse</strong></span> <span class='ocrx_word' id='word_1_552' title='bbox 2521 2812 2641 2857; x_wconf 89' lang='lat' dir='ltr'><strong>erat</strong></span> <span class='ocrx_word' id='word_1_553' title='bbox 2664 2822 2773 2876; x_wconf 87' lang='lat' dir='ltr'><strong>pro</strong></span> <span class='ocrx_word' id='word_1_554' title='bbox 2800 2804 3149 2877; x_wconf 86' lang='lat' dir='ltr'><strong>singulorum</strong></span> <span class='ocrx_word' id='word_1_555' title='bbox 3178 2809 3335 2882; x_wconf 83' lang='lat' dir='ltr'><strong>inge-</strong></span> 
     </span>
     <span class='ocr_line' id='line_1_80' title="bbox 1784 2889 3334 2967; baseline 0.004 -23"><span class='ocrx_word' id='word_1_556' title='bbox 1784 2891 1890 2945; x_wconf 89' lang='lat' dir='ltr'><strong>niis</strong></span> <span class='ocrx_word' id='word_1_557' title='bbox 1918 2889 2159 2945; x_wconf 82' lang='lat' dir='ltr'><strong>diversas</strong></span> <span class='ocrx_word' id='word_1_558' title='bbox 2191 2907 2334 2957; x_wconf 89' lang='lat' dir='ltr'><strong>esse,</strong></span> <span class='ocrx_word' id='word_1_559' title='bbox 2379 2900 2568 2945; x_wconf 90' lang='lat' dir='ltr'><strong>tamen</strong></span> <span class='ocrx_word' id='word_1_560' title='bbox 2610 2908 2868 2945; x_wconf 87' lang='lat' dir='ltr'><strong>rumores</strong></span> <span class='ocrx_word' id='word_1_561' title='bbox 2892 2892 3082 2962; x_wconf 83' lang='lat' dir='ltr'><strong>potius</strong></span> <span class='ocrx_word' id='word_1_562' title='bbox 3106 2893 3334 2967; x_wconf 88' lang='lat' dir='ltr'><strong>populi·</strong></span> 
     </span>
     <span class='ocr_line' id='line_1_81' title="bbox 1785 2976 3335 3052; baseline 0.002 -20"><span class='ocrx_word' id='word_1_563' title='bbox 1785 2994 1897 3049; x_wconf 88' lang='lat' dir='ltr'><strong>que</strong></span> <span class='ocrx_word' id='word_1_564' title='bbox 1925 2976 2151 3032; x_wconf 81' lang='lat' dir='ltr'><strong>fabellas</strong></span> <span class='ocrx_word' id='word_1_565' title='bbox 2178 2994 2347 3049; x_wconf 86' lang='lat' dir='ltr'><strong>quam</strong></span> <span class='ocrx_word' id='word_1_566' title='bbox 2373 2995 2566 3031; x_wconf 80' lang='lat' dir='ltr'><strong>veram</strong></span> <span class='ocrx_word' id='word_1_567' title='bbox 2609 2995 2800 3031; x_wconf 90' lang='lat' dir='ltr'><strong>rerum</strong></span> <span class='ocrx_word' id='word_1_568' title='bbox 2826 2979 3156 3032; x_wconf 85' lang='lat' dir='ltr'><strong>memoriam</strong></span> <span class='ocrx_word' id='word_1_569' title='bbox 3169 2999 3335 3052; x_wconf 72' lang='lat' dir='ltr'><strong>0pt·0-</strong></span> 
     </span>
     <span class='ocr_line' id='line_1_82' title="bbox 1786 3063 3339 3137; baseline 0.003 -20"><span class='ocrx_word' id='word_1_570' title='bbox 1786 3063 1921 3119; x_wconf 91' lang='lat' dir='ltr'><strong>dere</strong></span> <span class='ocrx_word' id='word_1_571' title='bbox 1947 3065 2193 3137; x_wconf 87' lang='lat' dir='ltr'><strong>potuisse</strong></span> <span class='ocrx_word' id='word_1_572' title='bbox 2218 3072 2476 3136; x_wconf 78' lang='lat' dir='ltr'><strong>apparet,</strong></span> <span class='ocrx_word' id='word_1_573' title='bbox 2520 3081 2705 3135; x_wconf 90' lang='lat' dir='ltr'><strong>neque</strong></span> <span class='ocrx_word' id='word_1_574' title='bbox 2739 3065 3257 3137; x_wconf 76' lang='lat' dir='ltr'><strong>exaggerationibus</strong></span> <span class='ocrx_word' id='word_1_575' title='bbox 3283 3079 3339 3123; x_wconf 87' lang='lat' dir='ltr'><strong>et</strong></span> 
     </span>
     <span class='ocr_line' id='line_1_83' title="bbox 1783 3148 3334 3224; baseline 0.003 -21"><span class='ocrx_word' id='word_1_576' title='bbox 1783 3151 2093 3224; x_wconf 88' lang='lat' dir='ltr'><strong>portentis,</strong></span> <span class='ocrx_word' id='word_1_577' title='bbox 2121 3150 2302 3223; x_wconf 85' lang='lat' dir='ltr'><strong>qualia</strong></span> <span class='ocrx_word' id='word_1_578' title='bbox 2317 3167 2554 3223; x_wconf 83' lang='lat' dir='ltr'><strong>peregre</strong></span> <span class='ocrx_word' id='word_1_579' title='bbox 2582 3149 2882 3205; x_wconf 83' lang='lat' dir='ltr'><strong>redeuntes</strong></span> <span class='ocrx_word' id='word_1_580' title='bbox 2894 3148 3107 3221; x_wconf 83' lang='lat' dir='ltr'><strong>jactare</strong></span> <span class='ocrx_word' id='word_1_581' title='bbox 3125 3153 3334 3223; x_wconf 86' lang='lat' dir='ltr'><strong>solent,</strong></span> 
     </span>
     <span class='ocr_line' id='line_1_84' title="bbox 1785 3237 2525 3292; baseline -0.001 0"><span class='ocrx_word' id='word_1_582' title='bbox 1785 3238 2021 3292; x_wconf 84' lang='lat' dir='ltr'><strong>caruisse</strong></span> <span class='ocrx_word' id='word_1_583' title='bbox 2048 3237 2347 3291; x_wconf 77' lang='lat' dir='ltr'><strong>verisimile</strong></span> <span class='ocrx_word' id='word_1_584' title='bbox 2375 3247 2471 3291; x_wconf 83' lang='lat' dir='ltr'><strong>est.</strong></span> <span class='ocrx_word' id='word_1_585' title='bbox 2502 3260 2525 3285; x_wconf 75' lang='grc' dir='ltr'><strong>υ</strong></span> 
     </span>
    </p>

    <p class='ocr_par' dir='ltr' id='par_1_15' title="bbox 1783 3325 3340 4092">
     <span class='ocr_line' id='line_1_85' title="bbox 1862 3325 3331 3400; baseline 0.003 -21"><span class='ocrx_word' id='word_1_586' title='bbox 1862 3325 2053 3379; x_wconf 61' lang='lat' dir='ltr'><strong>Restat</strong></span> <span class='ocrx_word' id='word_1_587' title='bbox 2068 3334 2131 3378; x_wconf 91' lang='lat' dir='ltr'><strong>ut</strong></span> <span class='ocrx_word' id='word_1_588' title='bbox 2143 3335 2450 3378; x_wconf 78' lang='lat' dir='ltr'><strong>memorem</strong></span> <span class='ocrx_word' id='word_1_589' title='bbox 2465 3325 2793 3378; x_wconf 87' lang='lat' dir='ltr'><strong>sententiam</strong></span> <span class='ocrx_word' id='word_1_590' title='bbox 2810 3326 2873 3380; x_wconf 78' lang='lat' dir='ltr'><strong>F.</strong></span> <span class='ocrx_word' id='word_1_591' title='bbox 2894 3327 3098 3385; x_wconf 83' lang='lat' dir='ltr'><strong>Ritteri</strong></span> <span class='ocrx_word' id='word_1_592' title='bbox 3117 3329 3331 3400; x_wconf 66' lang='lat' dir='ltr'><strong>(Rhe-in.</strong></span> 
     </span>
     <span class='ocr_line' id='line_1_86' title="bbox 1787 3409 3339 3487; baseline 0.005 -22"><span class='ocrx_word' id='word_1_593' title='bbox 1787 3409 1938 3466; x_wconf 83' lang='lat' dir='ltr'><strong>Mus.</strong></span> <span class='ocrx_word' id='word_1_594' title='bbox 1980 3410 2146 3481; x_wconf 83' lang='grc'><strong>1843,</strong></span> <span class='ocrx_word' id='word_1_595' title='bbox 2172 3429 2233 3485; x_wconf 90' lang='lat' dir='ltr'><strong>p.</strong></span> <span class='ocrx_word' id='word_1_596' title='bbox 2266 3409 2425 3482; x_wconf 84' lang='lat'><strong>187).</strong></span> <span class='ocrx_word' id='word_1_597' title='bbox 2457 3413 2511 3466; x_wconf 86' lang='lat' dir='ltr'><strong>Is</strong></span> <span class='ocrx_word' id='word_1_598' title='bbox 2550 3412 2700 3466; x_wconf 89' lang='lat' dir='ltr'><strong>enim</strong></span> <span class='ocrx_word' id='word_1_599' title='bbox 2741 3430 2915 3485; x_wconf 89' lang='lat' dir='ltr'><strong>quum</strong></span> <span class='ocrx_word' id='word_1_600' title='bbox 2939 3432 3062 3487; x_wconf 80' lang='lat' dir='ltr'><strong>quae</strong></span> <span class='ocrx_word' id='word_1_601' title='bbox 3098 3417 3168 3471; x_wconf 90' lang='lat' dir='ltr'><strong>ab</strong></span> <span class='ocrx_word' id='word_1_602' title='bbox 3209 3418 3339 3471; x_wconf 82' lang='lat' dir='ltr'><strong>uni-</strong></span> 
     </span>
     <span class='ocr_line' id='line_1_87' title="bbox 1784 3496 3332 3579; baseline 0.005 -28"><span class='ocrx_word' id='word_1_603' title='bbox 1784 3516 1940 3553; x_wconf 83' lang='lat' dir='ltr'><strong>versa</strong></span> <span class='ocrx_word' id='word_1_604' title='bbox 1968 3498 2085 3554; x_wconf 80' lang='lat' dir='ltr'><strong>fere</strong></span> <span class='ocrx_word' id='word_1_605' title='bbox 2117 3499 2446 3570; x_wconf 83' lang='lat' dir='ltr'><strong>antiquitate</strong></span> <span class='ocrx_word' id='word_1_606' title='bbox 2479 3496 2550 3552; x_wconf 89' lang='lat' dir='ltr'><strong>de</strong></span> <span class='ocrx_word' id='word_1_607' title='bbox 2582 3498 2864 3571; x_wconf 89' lang='lat' dir='ltr'><strong>Sophocle</strong></span> <span class='ocrx_word' id='word_1_608' title='bbox 2891 3504 3169 3579; x_wconf 81' lang='grc' dir='ltr'><strong>στρατηγῷ</strong></span> <span class='ocrx_word' id='word_1_609' title='bbox 3200 3521 3332 3559; x_wconf 86' lang='lat' dir='ltr'><strong>nar-</strong></span> 
     </span>
     <span class='ocr_line' id='line_1_88' title="bbox 1783 3584 3337 3660; baseline 0.003 -20"><span class='ocrx_word' id='word_1_610' title='bbox 1783 3595 2001 3653; x_wconf 82' lang='lat' dir='ltr'><strong>rantur,</strong></span> <span class='ocrx_word' id='word_1_611' title='bbox 2018 3603 2126 3658; x_wconf 90' lang='lat' dir='ltr'><strong>pro</strong></span> <span class='ocrx_word' id='word_1_612' title='bbox 2144 3603 2291 3639; x_wconf 83' lang='lat' dir='ltr'><strong>vano</strong></span> <span class='ocrx_word' id='word_1_613' title='bbox 2310 3595 2630 3660; x_wconf 81' lang='lat' dir='ltr'><strong>commento</strong></span> <span class='ocrx_word' id='word_1_614' title='bbox 2648 3584 2870 3655; x_wconf 88' lang='lat' dir='ltr'><strong>habeat,</strong></span> <span class='ocrx_word' id='word_1_615' title='bbox 2892 3589 3337 3645; x_wconf 81' lang='lat' dir='ltr'><strong>molestissimum</strong></span> 
     </span>
     <span class='ocr_line' id='line_1_89' title="bbox 1784 3670 3337 3749; baseline 0.003 -25"><span class='ocrx_word' id='word_1_616' title='bbox 1784 3671 1886 3744; x_wconf 86' lang='lat' dir='ltr'><strong>ipsi</strong></span> <span class='ocrx_word' id='word_1_617' title='bbox 1911 3673 2066 3726; x_wconf 86' lang='lat' dir='ltr'><strong>Ionis</strong></span> <span class='ocrx_word' id='word_1_618' title='bbox 2092 3672 2468 3726; x_wconf 84' lang='lat' dir='ltr'><strong>testimonium</strong></span> <span class='ocrx_word' id='word_1_619' title='bbox 2494 3671 2571 3726; x_wconf 87' lang='lat' dir='ltr'><strong>ita</strong></span> <span class='ocrx_word' id='word_1_620' title='bbox 2597 3683 2882 3741; x_wconf 76' lang='lat' dir='ltr'><strong>removet,</strong></span> <span class='ocrx_word' id='word_1_621' title='bbox 2912 3684 2985 3727; x_wconf 81' lang='lat' dir='ltr'><strong>ut</strong></span> <span class='ocrx_word' id='word_1_622' title='bbox 3005 3670 3337 3749; x_wconf 85' lang='grc' dir='ltr'>Ἐπιδημιῶν</span> 
     </span>
     <span class='ocr_line' id='line_1_90' title="bbox 1783 3757 3338 3833; baseline 0.005 -22"><span class='ocrx_word' id='word_1_623' title='bbox 1783 3757 1994 3814; x_wconf 87' lang='lat' dir='ltr'><strong>librum</strong></span> <span class='ocrx_word' id='word_1_624' title='bbox 2024 3758 2448 3831; x_wconf 86' lang='lat' dir='ltr'><strong>suppositicium</strong></span> <span class='ocrx_word' id='word_1_625' title='bbox 2476 3776 2589 3813; x_wconf 80' lang='lat' dir='ltr'><strong>esse</strong></span> <span class='ocrx_word' id='word_1_626' title='bbox 2612 3768 2831 3816; x_wconf 83' lang='lat' dir='ltr'><strong>statuat.</strong></span> <span class='ocrx_word' id='word_1_627' title='bbox 2866 3763 3211 3833; x_wconf 87' lang='lat' dir='ltr'><strong>Argumenta</strong></span> <span class='ocrx_word' id='word_1_628' title='bbox 3248 3774 3338 3819; x_wconf 85' lang='lat' dir='ltr'><strong>ta-</strong></span> 
     </span>
     <span class='ocr_line' id='line_1_91' title="bbox 1785 3844 3340 3921; baseline 0.004 -22"><span class='ocrx_word' id='word_1_629' title='bbox 1785 3863 1916 3900; x_wconf 89' lang='lat' dir='ltr'><strong>men</strong></span> <span class='ocrx_word' id='word_1_630' title='bbox 1941 3846 2050 3900; x_wconf 76' lang='lat' dir='ltr'><strong>viri</strong></span> <span class='ocrx_word' id='word_1_631' title='bbox 2096 3844 2430 3914; x_wconf 82' lang='lat' dir='ltr'><strong>doctissimi,</strong></span> <span class='ocrx_word' id='word_1_632' title='bbox 2471 3864 2595 3917; x_wconf 80' lang='lat' dir='ltr'><strong>quae</strong></span> <span class='ocrx_word' id='word_1_633' title='bbox 2632 3847 2825 3918; x_wconf 87' lang='lat' dir='ltr'><strong>paucis</strong></span> <span class='ocrx_word' id='word_1_634' title='bbox 2851 3849 3250 3921; x_wconf 89' lang='lat' dir='ltr'><strong>comprehendi</strong></span> <span class='ocrx_word' id='word_1_635' title='bbox 3280 3852 3340 3905; x_wconf 90' lang='lat' dir='ltr'><strong>in</strong></span> 
     </span>
     <span class='ocr_line' id='line_1_92' title="bbox 1783 3931 3329 4006; baseline 0.005 -21"><span class='ocrx_word' id='word_1_636' title='bbox 1783 3942 1906 3986; x_wconf 90' lang='lat' dir='ltr'><strong>not.</strong></span> <span class='ocrx_word' id='word_1_637' title='bbox 1941 3931 2014 3987; x_wconf 90' lang='lat' dir='ltr'><strong>ad</strong></span> <span class='ocrx_word' id='word_1_638' title='bbox 2044 3931 2244 4006; x_wconf 81' lang='lat' dir='ltr'><strong>fragm.</strong></span> <span class='ocrx_word' id='word_1_639' title='bbox 2283 3950 2306 3987; x_wconf 84' lang='lat'>1</span> <span class='ocrx_word' id='word_1_640' title='bbox 2329 3972 2345 4000; x_wconf 95' lang='lat'><strong>,</strong></span> <span class='ocrx_word' id='word_1_641' title='bbox 2389 3950 2506 3986; x_wconf 90' lang='lat' dir='ltr'><strong>non</strong></span> <span class='ocrx_word' id='word_1_642' title='bbox 2537 3932 2812 4003; x_wconf 88' lang='lat' dir='ltr'><strong>ejusmodi</strong></span> <span class='ocrx_word' id='word_1_643' title='bbox 2838 3952 2952 3989; x_wconf 64' lang='lat' dir='ltr'><strong>esse</strong></span> <span class='ocrx_word' id='word_1_644' title='bbox 2978 3936 3117 3990; x_wconf 89' lang='lat' dir='ltr'><strong>mihi</strong></span> <span class='ocrx_word' id='word_1_645' title='bbox 3139 3936 3329 3992; x_wconf 79' lang='lat' dir='ltr'><strong>viden·</strong></span> 
     </span>
     <span class='ocr_line' id='line_1_93' title="bbox 1789 4017 2825 4092; baseline 0.002 -21"><span class='ocrx_word' id='word_1_646' title='bbox 1789 4026 1903 4085; x_wconf 91' lang='lat' dir='ltr'><strong>tur,</strong></span> <span class='ocrx_word' id='word_1_647' title='bbox 1933 4028 1998 4072; x_wconf 90' lang='lat' dir='ltr'><strong>ut</strong></span> <span class='ocrx_word' id='word_1_648' title='bbox 2024 4019 2141 4072; x_wconf 81' lang='lat' dir='ltr'><strong>vim</strong></span> <span class='ocrx_word' id='word_1_649' title='bbox 2157 4018 2401 4073; x_wconf 86' lang='lat' dir='ltr'><strong>habeant</strong></span> <span class='ocrx_word' id='word_1_650' title='bbox 2428 4017 2825 4092; x_wconf 86' lang='lat' dir='ltr'><strong>persuadendi.</strong></span> 
     </span>
    </p>

    <p class='ocr_par' dir='ltr' id='par_1_16' title="bbox 1782 4103 3339 5046">
     <span class='ocr_line' id='line_1_94' title="bbox 1861 4103 3338 4181; baseline 0.003 -22"><span class='ocrx_word' id='word_1_651' title='bbox 1861 4106 1947 4159; x_wconf 91' lang='lat' dir='ltr'><strong>De</strong></span> <span class='ocrx_word' id='word_1_652' title='bbox 1992 4103 2104 4160; x_wconf 87' lang='lat' dir='ltr'><strong>fide</strong></span> <span class='ocrx_word' id='word_1_653' title='bbox 2139 4106 2291 4160; x_wconf 90' lang='lat' dir='ltr'><strong>Ionis</strong></span> <span class='ocrx_word' id='word_1_654' title='bbox 2317 4116 2375 4160; x_wconf 88' lang='lat' dir='ltr'><strong>et</strong></span> <span class='ocrx_word' id='word_1_655' title='bbox 2414 4106 2747 4160; x_wconf 85' lang='lat' dir='ltr'><strong>auctoritate</strong></span> <span class='ocrx_word' id='word_1_656' title='bbox 2791 4123 2992 4161; x_wconf 76' lang='lat' dir='ltr'><strong>vereor</strong></span> <span class='ocrx_word' id='word_1_657' title='bbox 3031 4125 3103 4163; x_wconf 90' lang='lat' dir='ltr'><strong>ne</strong></span> <span class='ocrx_word' id='word_1_658' title='bbox 3147 4110 3338 4181; x_wconf 82' lang='lat' dir='ltr'><strong>paullo</strong></span> 
     </span>
     <span class='ocr_line' id='line_1_95' title="bbox 1782 4191 3339 4266; baseline 0.003 -22"><span class='ocrx_word' id='word_1_659' title='bbox 1782 4192 2026 4246; x_wconf 80' lang='lat' dir='ltr'><strong>severius</strong></span> <span class='ocrx_word' id='word_1_660' title='bbox 2051 4193 2405 4247; x_wconf 85' lang='lat' dir='ltr'><strong>Hermannus</strong></span> <span class='ocrx_word' id='word_1_661' title='bbox 2425 4191 2780 4262; x_wconf 81' lang='lat' dir='ltr'><strong>judicaverit.</strong></span> <span class='ocrx_word' id='word_1_662' title='bbox 2811 4193 2972 4248; x_wconf 88' lang='lat' dir='ltr'><strong>Certe</strong></span> <span class='ocrx_word' id='word_1_663' title='bbox 3015 4193 3339 4266; x_wconf 79' lang='lat' dir='ltr'><strong>fragmentis</strong></span> 
     </span>
     <span class='ocr_line' id='line_1_96' title="bbox 1785 4277 3337 4350; baseline 0.003 -19"><span class='ocrx_word' id='word_1_664' title='bbox 1785 4277 1924 4331; x_wconf 87' lang='lat' dir='ltr'><strong>nihil</strong></span> <span class='ocrx_word' id='word_1_665' title='bbox 1971 4279 2113 4334; x_wconf 72' lang='lat' dir='ltr'><strong>inest</strong></span> <span class='ocrx_word' id='word_1_666' title='bbox 2155 4279 2315 4350; x_wconf 90' lang='lat' dir='ltr'><strong>quod</strong></span> <span class='ocrx_word' id='word_1_667' title='bbox 2359 4277 2565 4349; x_wconf 84' lang='lat' dir='ltr'><strong>justam</strong></span> <span class='ocrx_word' id='word_1_668' title='bbox 2616 4279 3073 4350; x_wconf 81' lang='lat' dir='ltr'><strong>reprehensionis</strong></span> <span class='ocrx_word' id='word_1_669' title='bbox 3119 4299 3337 4336; x_wconf 85' lang='lat' dir='ltr'><strong>causam</strong></span> 
     </span>
     <span class='ocr_line' id='line_1_97' title="bbox 1783 4364 3337 4438; baseline 0.003 -19"><span class='ocrx_word' id='word_1_670' title='bbox 1783 4364 2144 4438; x_wconf 84' lang='lat' dir='ltr'><strong>suppeditare</strong></span> <span class='ocrx_word' id='word_1_671' title='bbox 2180 4366 2387 4438; x_wconf 86' lang='lat' dir='ltr'><strong>possit,</strong></span> <span class='ocrx_word' id='word_1_672' title='bbox 2428 4366 2531 4420; x_wconf 84' lang='lat' dir='ltr'><strong>nisi</strong></span> <span class='ocrx_word' id='word_1_673' title='bbox 2561 4365 2707 4420; x_wconf 84' lang='lat' dir='ltr'><strong>sorte</strong></span> <span class='ocrx_word' id='word_1_674' title='bbox 2745 4366 2967 4420; x_wconf 91' lang='lat' dir='ltr'><strong>crimini</strong></span> <span class='ocrx_word' id='word_1_675' title='bbox 3004 4367 3337 4423; x_wconf 78' lang='lat' dir='ltr'><strong>vertendum</strong></span> 
     </span>
     <span class='ocr_line' id='line_1_98' title="bbox 1785 4450 3332 4524; baseline 0.003 -20"><span class='ocrx_word' id='word_1_676' title='bbox 1785 4467 2036 4519; x_wconf 85' lang='lat' dir='ltr'><strong>censeas,</strong></span> <span class='ocrx_word' id='word_1_677' title='bbox 2085 4450 2243 4524; x_wconf 90' lang='lat' dir='ltr'><strong>quod</strong></span> <span class='ocrx_word' id='word_1_678' title='bbox 2276 4452 2385 4505; x_wconf 89' lang='lat' dir='ltr'><strong>Ion</strong></span> <span class='ocrx_word' id='word_1_679' title='bbox 2411 4461 2475 4504; x_wconf 90' lang='lat' dir='ltr'><strong>ut</strong></span> <span class='ocrx_word' id='word_1_680' title='bbox 2519 4451 2737 4506; x_wconf 88' lang='lat' dir='ltr'><strong>Cimoni</strong></span> <span class='ocrx_word' id='word_1_681' title='bbox 2767 4450 3023 4506; x_wconf 86' lang='lat' dir='ltr'><strong>addictus</strong></span> <span class='ocrx_word' id='word_1_682' title='bbox 3054 4452 3152 4524; x_wconf 87' lang='lat' dir='ltr'><strong>(fr.</strong></span> <span class='ocrx_word' id='word_1_683' title='bbox 3185 4451 3242 4508; x_wconf 87' lang='lat'><strong>5.</strong></span> <span class='ocrx_word' id='word_1_684' title='bbox 3274 4454 3332 4509; x_wconf 89' lang='grc'><strong>6.</strong></span> 
     </span>
     <span class='ocr_line' id='line_1_99' title="bbox 1789 4534 3339 4609; baseline 0.003 -18"><span class='ocrx_word' id='word_1_685' title='bbox 1789 4534 1888 4609; x_wconf 87' lang='lat'><strong>7),</strong></span> <span class='ocrx_word' id='word_1_686' title='bbox 1937 4537 2019 4591; x_wconf 89' lang='lat' dir='ltr'><strong>sic</strong></span> <span class='ocrx_word' id='word_1_687' title='bbox 2062 4554 2095 4592; x_wconf 91' lang='lat' dir='ltr'><strong>a</strong></span> <span class='ocrx_word' id='word_1_688' title='bbox 2141 4537 2355 4592; x_wconf 89' lang='lat' dir='ltr'><strong>Pericle</strong></span> <span class='ocrx_word' id='word_1_689' title='bbox 2402 4537 2639 4593; x_wconf 86' lang='lat' dir='ltr'><strong>alienior</strong></span> <span class='ocrx_word' id='word_1_690' title='bbox 2682 4536 2864 4591; x_wconf 84' lang='lat' dir='ltr'><strong>suerit.</strong></span> <span class='ocrx_word' id='word_1_691' title='bbox 2903 4539 2971 4591; x_wconf 90' lang='lat' dir='ltr'><strong>Iu</strong></span> <span class='ocrx_word' id='word_1_692' title='bbox 3014 4538 3112 4591; x_wconf 87' lang='lat' dir='ltr'><strong>illo</strong></span> <span class='ocrx_word' id='word_1_693' title='bbox 3149 4539 3339 4596; x_wconf 83' lang='lat' dir='ltr'><strong>laudat</strong></span> 
     </span>
     <span class='ocr_line' id='line_1_100' title="bbox 1783 4621 3337 4697; baseline 0.003 -21"><span class='ocrx_word' id='word_1_694' title='bbox 1783 4639 2010 4676; x_wconf 88' lang='lat' dir='ltr'><strong>morum</strong></span> <span class='ocrx_word' id='word_1_695' title='bbox 2029 4621 2439 4693; x_wconf 84' lang='lat' dir='ltr'><strong>jucunditatem</strong></span> <span class='ocrx_word' id='word_1_696' title='bbox 2465 4624 2786 4697; x_wconf 88' lang='lat' dir='ltr'><strong>ingeniique</strong></span> <span class='ocrx_word' id='word_1_697' title='bbox 2809 4622 3167 4679; x_wconf 83' lang='lat' dir='ltr'><strong>dulcedinem</strong></span> <span class='ocrx_word' id='word_1_698' title='bbox 3183 4666 3199 4693; x_wconf 91' lang='lat'><strong>,</strong></span> <span class='ocrx_word' id='word_1_699' title='bbox 3222 4626 3337 4681; x_wconf 88' lang='lat' dir='ltr'><strong>hu-</strong></span> 
     </span>
     <span class='ocr_line' id='line_1_101' title="bbox 1791 4703 3337 4789; baseline 0.005 -28"><span class='ocrx_word' id='word_1_700' title='bbox 1791 4705 1881 4779; x_wconf 84' lang='lat' dir='ltr'><strong>jus</strong></span> <span class='ocrx_word' id='word_1_701' title='bbox 1903 4718 2064 4763; x_wconf 88' lang='lat' dir='ltr'><strong>notat</strong></span> <span class='ocrx_word' id='word_1_702' title='bbox 2089 4703 2182 4776; x_wconf 77' lang='grc' dir='ltr'><strong>τὴν</strong></span> <span class='ocrx_word' id='word_1_703' title='bbox 2206 4705 2565 4785; x_wconf 79' lang='grc' dir='ltr'>μεγαλαυχίαν</span> <span class='ocrx_word' id='word_1_704' title='bbox 2598 4706 2688 4764; x_wconf 77' lang='grc' dir='ltr'>καὶ</span> <span class='ocrx_word' id='word_1_705' title='bbox 2714 4705 2811 4777; x_wconf 75' lang='grc' dir='ltr'><strong>τὴν</strong></span> <span class='ocrx_word' id='word_1_706' title='bbox 2843 4708 2945 4764; x_wconf 79' lang='grc' dir='ltr'><strong>τῶν</strong></span> <span class='ocrx_word' id='word_1_707' title='bbox 2975 4707 3147 4766; x_wconf 75' lang='grc' dir='ltr'>ἄλλων</span> <span class='ocrx_word' id='word_1_708' title='bbox 3181 4732 3337 4789; x_wconf 79' lang='grc' dir='ltr'>περι-</span> 
     </span>
     <span class='ocr_line' id='line_1_102' title="bbox 1785 4789 3338 4872; baseline 0.004 -24"><span class='ocrx_word' id='word_1_709' title='bbox 1785 4789 2031 4872; x_wconf 71' lang='grc' dir='ltr'>φρόνησιν</span> <span class='ocrx_word' id='word_1_710' title='bbox 2077 4793 2178 4869; x_wconf 80' lang='lat' dir='ltr'><strong>(fr.</strong></span> <span class='ocrx_word' id='word_1_711' title='bbox 2224 4792 2256 4850; x_wconf 83' lang='lat'><strong>5</strong></span> <span class='ocrx_word' id='word_1_712' title='bbox 2309 4795 2437 4852; x_wconf 87' lang='lat' dir='ltr'><strong>coll.</strong></span> <span class='ocrx_word' id='word_1_713' title='bbox 2483 4793 2573 4868; x_wconf 91' lang='grc'><strong>8).</strong></span> <span class='ocrx_word' id='word_1_714' title='bbox 2626 4797 2805 4867; x_wconf 86' lang='lat' dir='ltr'><strong>Quam</strong></span> <span class='ocrx_word' id='word_1_715' title='bbox 2852 4796 3124 4851; x_wconf 87' lang='lat' dir='ltr'><strong>sentiendi</strong></span> <span class='ocrx_word' id='word_1_716' title='bbox 3152 4800 3338 4854; x_wconf 87' lang='lat' dir='ltr'><strong>ratio—</strong></span> 
     </span>
     <span class='ocr_line' id='line_1_103' title="bbox 1784 4880 3323 4955; baseline 0.005 -21"><span class='ocrx_word' id='word_1_717' title='bbox 1784 4898 1914 4936; x_wconf 90' lang='lat' dir='ltr'><strong>nem</strong></span> <span class='ocrx_word' id='word_1_718' title='bbox 1957 4880 2105 4936; x_wconf 91' lang='lat' dir='ltr'><strong>ridet</strong></span> <span class='ocrx_word' id='word_1_719' title='bbox 2148 4882 2408 4936; x_wconf 79' lang='lat' dir='ltr'><strong>Pericleae</strong></span> <span class='ocrx_word' id='word_1_720' title='bbox 2460 4882 2680 4936; x_wconf 77' lang='lat' dir='ltr'><strong>virtutis</strong></span> <span class='ocrx_word' id='word_1_721' title='bbox 2732 4900 2919 4955; x_wconf 85' lang='lat' dir='ltr'><strong>praeco</strong></span> <span class='ocrx_word' id='word_1_722' title='bbox 2971 4883 3323 4942; x_wconf 88' lang='lat' dir='ltr'><strong>Plutarchus.</strong></span> 
     </span>
     <span class='ocr_line' id='line_1_104' title="bbox 1788 4961 3336 5046; baseline 0.004 -22"><span class='ocrx_word' id='word_1_723' title='bbox 1788 4963 1924 5024; x_wconf 77' lang='grc' dir='ltr'>Ἀλλ’</span> <span class='ocrx_word' id='word_1_724' title='bbox 1950 4961 2110 5025; x_wconf 81' lang='grc' dir='ltr'>Ἴωνα</span> <span class='ocrx_word' id='word_1_725' title='bbox 2133 4964 2255 5043; x_wconf 71' lang='grc' dir='ltr'><strong>μὲν,</strong></span> <span class='ocrx_word' id='word_1_726' title='bbox 2283 4969 2490 5041; x_wconf 83' lang='lat' dir='ltr'><strong>inquit,</strong></span> <span class='ocrx_word' id='word_1_727' title='bbox 2521 4964 2699 5046; x_wconf 75' lang='grc' dir='ltr'>ὥσπερ</span> <span class='ocrx_word' id='word_1_728' title='bbox 2721 4963 2972 5046; x_wconf 74' lang='grc' dir='ltr'>τραγικὴν</span> <span class='ocrx_word' id='word_1_729' title='bbox 2996 4967 3336 5030; x_wconf 82' lang='grc' dir='ltr'>διδασκαλίαν</span> 
     </span>
    </p>
   </div>
   <div class='ocr_carea' id='block_1_7' title="bbox 141 5048 3337 5303">
    <p class='ocr_par' dir='ltr' id='par_1_17' title="bbox 141 5048 3337 5303">
     <span class='ocr_line' id='line_1_105' title="bbox 145 5048 3336 5134; baseline 0 -21"><span class='ocrx_word' id='word_1_730' title='bbox 145 5079 270 5113; x_wconf 85' lang='lat' dir='ltr'><strong>non</strong></span> <span class='ocrx_word' id='word_1_731' title='bbox 297 5058 606 5114; x_wconf 84' lang='lat' dir='ltr'><strong>absurdum</strong></span> <span class='ocrx_word' id='word_1_732' title='bbox 627 5058 891 5131; x_wconf 86' lang='lat' dir='ltr'><strong>equidem</strong></span> <span class='ocrx_word' id='word_1_733' title='bbox 916 5057 1096 5113; x_wconf 73' lang='lat' dir='ltr'><strong>videri</strong></span> <span class='ocrx_word' id='word_1_734' title='bbox 1123 5059 1331 5130; x_wconf 88' lang='lat' dir='ltr'><strong>possit,</strong></span> <span class='ocrx_word' id='word_1_735' title='bbox 1355 5059 1398 5114; x_wconf 86' lang='lat' dir='ltr'><strong>si</strong></span> <span class='ocrx_word' id='word_1_736' title='bbox 1424 5060 1547 5132; x_wconf 88' lang='lat' dir='ltr'><strong>quis</strong></span> <span class='ocrx_word' id='word_1_737' title='bbox 1573 5061 1698 5114; x_wconf 84' lang='lat' dir='ltr'><strong>titu·</strong></span> <span class='ocrx_word' id='word_1_738' title='bbox 1787 5048 2025 5118; x_wconf 76' lang='grc' dir='ltr'>ἀξιοῦντα</span> <span class='ocrx_word' id='word_1_739' title='bbox 2070 5050 2164 5121; x_wconf 76' lang='grc' dir='ltr'><strong>τὴν</strong></span> <span class='ocrx_word' id='word_1_740' title='bbox 2207 5050 2394 5131; x_wconf 74' lang='grc' dir='ltr'><strong>ἀρετὴν</strong></span> <span class='ocrx_word' id='word_1_741' title='bbox 2422 5049 2561 5130; x_wconf 76' lang='grc' dir='ltr'>ἔχειν</span> <span class='ocrx_word' id='word_1_742' title='bbox 2602 5073 2652 5109; x_wconf 87' lang='grc' dir='ltr'>τι</span> <span class='ocrx_word' id='word_1_743' title='bbox 2687 5050 2893 5118; x_wconf 77' lang='grc' dir='ltr'>πάντως</span> <span class='ocrx_word' id='word_1_744' title='bbox 2925 5051 3015 5110; x_wconf 74' lang='grc' dir='ltr'><strong>καὶ</strong></span> <span class='ocrx_word' id='word_1_745' title='bbox 3056 5054 3336 5134; x_wconf 72' lang='grc' dir='ltr'>σατυρικὸν</span> 
     </span>
     <span class='ocr_line' id='line_1_106' title="bbox 149 5134 3334 5216; baseline 0.003 -25"><span class='ocrx_word' id='word_1_746' title='bbox 149 5139 268 5191; x_wconf 86' lang='lat' dir='ltr'><strong>lum</strong></span> <span class='ocrx_word' id='word_1_747' title='bbox 297 5139 372 5192; x_wconf 85' lang='lat' dir='ltr'><strong>ita</strong></span> <span class='ocrx_word' id='word_1_748' title='bbox 397 5139 677 5211; x_wconf 79' lang='lat' dir='ltr'><strong>explicet,</strong></span> <span class='ocrx_word' id='word_1_749' title='bbox 705 5138 850 5192; x_wconf 86' lang='lat' dir='ltr'><strong>utin</strong></span> <span class='ocrx_word' id='word_1_750' title='bbox 875 5138 985 5191; x_wconf 91' lang='lat' dir='ltr'><strong>hoc</strong></span> <span class='ocrx_word' id='word_1_751' title='bbox 1013 5136 1161 5191; x_wconf 87' lang='lat' dir='ltr'><strong>libro</strong></span> <span class='ocrx_word' id='word_1_752' title='bbox 1184 5147 1439 5192; x_wconf 84' lang='lat' dir='ltr'><strong>enarrata</strong></span> <span class='ocrx_word' id='word_1_753' title='bbox 1467 5137 1695 5204; x_wconf 84' lang='lat' dir='ltr'><strong>fuerint,</strong></span> <span class='ocrx_word' id='word_1_754' title='bbox 1787 5134 1940 5216; x_wconf 78' lang='grc' dir='ltr'>μέρος</span> <span class='ocrx_word' id='word_1_755' title='bbox 1972 5140 2159 5214; x_wconf 66' lang='grc' dir='ltr'><strong>ἐῶμεν.</strong></span> <span class='ocrx_word' id='word_1_756' title='bbox 2192 5137 2415 5195; x_wconf 85' lang='lat' dir='ltr'><strong>Periclis</strong></span> <span class='ocrx_word' id='word_1_757' title='bbox 2441 5140 2637 5195; x_wconf 88' lang='lat' dir='ltr'><strong>odium</strong></span> <span class='ocrx_word' id='word_1_758' title='bbox 2668 5141 2833 5197; x_wconf 89' lang='lat' dir='ltr'><strong>etiam</strong></span> <span class='ocrx_word' id='word_1_759' title='bbox 2861 5159 2929 5196; x_wconf 82' lang='lat' dir='ltr'><strong>ex</strong></span> <span class='ocrx_word' id='word_1_760' title='bbox 2956 5142 3023 5196; x_wconf 90' lang='lat' dir='ltr'><strong>iis</strong></span> <span class='ocrx_word' id='word_1_761' title='bbox 3049 5144 3334 5215; x_wconf 80' lang='lat' dir='ltr'><strong>explicare</strong></span> 
     </span>
     <span class='ocr_line' id='line_1_107' title="bbox 141 5223 3337 5303; baseline 0 -25"><span class='ocrx_word' id='word_1_762' title='bbox 141 5243 280 5297; x_wconf 82' lang='lat' dir='ltr'><strong>quae</strong></span> <span class='ocrx_word' id='word_1_763' title='bbox 306 5227 429 5279; x_wconf 87' lang='lat' dir='ltr'><strong>Ioni</strong></span> <span class='ocrx_word' id='word_1_764' title='bbox 453 5225 613 5279; x_wconf 88' lang='lat' dir='ltr'><strong>domi</strong></span> <span class='ocrx_word' id='word_1_765' title='bbox 643 5225 686 5277; x_wconf 75' lang='lat' dir='ltr'><strong>i.</strong></span> <span class='ocrx_word' id='word_1_766' title='bbox 718 5241 770 5280; x_wconf 89' lang='lat' dir='ltr'><strong>e.</strong></span> <span class='ocrx_word' id='word_1_767' title='bbox 814 5223 872 5278; x_wconf 92' lang='lat' dir='ltr'><strong>in</strong></span> <span class='ocrx_word' id='word_1_768' title='bbox 913 5224 1086 5277; x_wconf 84' lang='lat' dir='ltr'><strong>insula</strong></span> <span class='ocrx_word' id='word_1_769' title='bbox 1128 5224 1268 5279; x_wconf 89' lang='lat' dir='ltr'><strong>Chio</strong></span> <span class='ocrx_word' id='word_1_770' title='bbox 1296 5225 1580 5280; x_wconf 79' lang='lat' dir='ltr'><strong>evenerint</strong></span> <span class='ocrx_word' id='word_1_771' title='bbox 1609 5224 1693 5280; x_wconf 87' lang='lat' dir='ltr'><strong>vel</strong></span> <span class='ocrx_word' id='word_1_772' title='bbox 1789 5228 2085 5299; x_wconf 86' lang='lat' dir='ltr'><strong>potuisset,</strong></span> <span class='ocrx_word' id='word_1_773' title='bbox 2115 5246 2237 5301; x_wconf 70' lang='lat' dir='ltr'><strong>qua»</strong></span> <span class='ocrx_word' id='word_1_774' title='bbox 2265 5227 2437 5282; x_wconf 84' lang='lat' dir='ltr'><strong>refert</strong></span> <span class='ocrx_word' id='word_1_775' title='bbox 2454 5227 2819 5282; x_wconf 74' lang='lat' dir='ltr'><strong>AtheinaeusX</strong></span> <span class='ocrx_word' id='word_1_776' title='bbox 2838 5269 2854 5297; x_wconf 93' lang='lat'><strong>,</strong></span> <span class='ocrx_word' id='word_1_777' title='bbox 2875 5248 2935 5303; x_wconf 92' lang='lat' dir='ltr'><strong>p.</strong></span> <span class='ocrx_word' id='word_1_778' title='bbox 2960 5228 3093 5301; x_wconf 77' lang='grc'><strong>436,</strong></span> <span class='ocrx_word' id='word_1_779' title='bbox 3114 5231 3157 5285; x_wconf 86' lang='lat' dir='ltr'>E</span> <span class='ocrx_word' id='word_1_780' title='bbox 3184 5250 3198 5286; x_wconf 74' lang='grc' dir='ltr'><strong><em>ε</em></strong></span> <span class='ocrx_word' id='word_1_781' title='bbox 3230 5230 3337 5290; x_wconf 57' lang='lat' dir='ltr'><strong>Bi.</strong></span> 
     </span>
    </p>
   </div>
  </div>
 </body>
</html>
