3900 6042
1161 672 1214 707 2.

493 786 648 840 Idem
684 804 741 843 v.
778 785 952 864 Δῶρος
985 803 999 838 :
1049 779 1208 841 Ἔστι
1238 789 1328 838 καῖ
1365 780 1566 859 Καρίας
1593 783 1770 858 Δῶρος
1795 779 1970 854 πόλις,

408 871 475 941 ἣν
511 867 890 948 συγκαταλέγει
919 876 1032 935 ταῖς
1060 866 1243 925 πόλεσι
1268 875 1382 933 ταῖς
1409 867 1666 945 Καρικαῖς
1702 866 1971 947 Κράτερος

410 959 465 1015 ἒν
487 960 564 1036 τῷ
600 957 732 1036 Περὶ
765 954 1119 1036 ψηφισμάτων
1144 952 1221 1031 γ’·
1255 981 1279 1006 ι
1318 955 1547 1035 Καρικὸς
1579 953 1745 1034 φόρος·
1777 957 1971 1033 Δῶρος,

410 1046 775 1106 Φασελῖται...
809 1070 833 1096 1»
854 1046 1116 1103 Craterus
1142 1044 1372 1100 sortasse
1398 1043 1568 1099 urbes
1588 1044 1807 1100 Graecas
1830 1047 1972 1101 Asiae

410 1134 671 1203 minoris,
699 1149 822 1206 quae
844 1131 1117 1187 tributum
1139 1133 1315 1187 Xerxi
1337 1128 1753 1205 expeditionem
1775 1142 1974 1188 contra

410 1220 773 1276 Athenienses
814 1220 1071 1275 molienti
1111 1219 1412 1286 solverint,
1456 1219 1753 1277 recensuit.
1788 1217 1975 1290 Objiei

412 1307 545 1362 huic
571 1309 853 1363 sententiae
880 1309 1084 1383 possit,
1124 1305 1285 1380 quod
1321 1305 1557 1360 uberior
1597 1304 1871 1377 ejusmodi
1903 1304 1975 1362 de

413 1393 585 1449 rebus
610 1396 905 1450 Persarum
929 1394 1204 1468 expositio
1226 1394 1407 1448 aliena
1433 1410 1546 1448 esse
1570 1393 1748 1447 videri
1772 1393 1976 1449 debeat

414 1481 486 1537 ab
515 1500 717 1555 opere,
744 1481 904 1555 quod
932 1483 987 1535 in
1020 1480 1438 1536 Atheniensium
1458 1480 1693 1535 historia
1712 1498 1769 1535 se
1793 1482 1977 1534 conti-

415 1570 599 1624 nuisse
647 1580 1079 1625 consentaneum
1108 1570 1199 1627 sit.
1244 1569 1443 1624 Nescio
1474 1566 1644 1641 igitur
1666 1586 1737 1623 an
1770 1568 1980 1622 rectius

416 1656 725 1731 fragmenta
752 1657 884 1711 libri
912 1659 1059 1712 tertii
1083 1656 1155 1712 ad
1179 1654 1425 1712 Cimonis
1448 1665 1699 1729 tempora
1728 1654 1978 1709 referan-

417 1754 531 1799 tur.
555 1746 752 1801 Cimon
779 1762 955 1818 quum
974 1744 1144 1799 urbes
1166 1746 1305 1800 Asiae
1324 1744 1558 1798 minoris
1582 1742 1653 1797 ad
1677 1760 1835 1797 oram
1858 1760 1979 1800 ma·-

415 1834 495 1888 ris
521 1832 690 1906 AEgaei
718 1833 846 1888 sitas
872 1850 903 1887 a
931 1833 1111 1887 Persis
1129 1833 1190 1886 in
1214 1849 1338 1887 suas
1362 1840 1547 1904 partes
1567 1830 1905 1899 traduxerit,
1923 1839 1979 1885 et

418 1921 565 1973 inter
587 1921 693 1975 alia
714 1938 746 1975 a
766 1919 1049 1977 Phaselitis
1074 1918 1273 1975 decem
1297 1920 1499 1973 talenta
1520 1919 1798 1990 acceperit
1819 1916 1980 1991 (Plu-

417 2005 592 2062 tarch.
640 2008 780 2063 Cim.
838 2002 974 2081 12),
1024 2005 1231 2061 deinde
1269 2016 1397 2079 post
1442 2005 1866 2060 celeberrimam
1907 2005 1978 2061 ad

418 2093 895 2166 Eurymedontem
930 2095 1222 2147 victoriam
1260 2094 1427 2147 etiam
1453 2092 1855 2147 Chersonesum
1883 2101 1979 2147 to-

420 2189 533 2233 tam
554 2180 981 2234 Atheniensibus
1009 2178 1308 2250 subjecerit
1337 2198 1350 2233 ε
1380 2180 1568 2234 omnia
1588 2197 1711 2252 quae
1737 2198 1806 2235 ex
1830 2178 1980 2235 libro

421 2267 591 2320 tertio
614 2267 828 2321 Crateri
847 2276 1162 2339 supersunt,
1188 2266 1592 2339 percommode
1611 2266 1682 2321 ad
1698 2267 1818 2321 haec
1838 2277 1983 2323 tem-

421 2370 562 2427 pora
577 2393 593 2421 ,
614 2363 669 2408 et
688 2351 761 2407 ad
780 2354 1161 2408 recensionem
1185 2354 1474 2408 civitatum
1488 2395 1504 2423 ‚
1526 2372 1652 2426 quae
1676 2354 1982 2410 Athenien-

418 2440 573 2496 sibus
599 2451 718 2494 tum
746 2439 1024 2495 tributum
1049 2438 1454 2514 pependerint,
1482 2441 1684 2496 referri
1726 2452 1977 2516 possunt.

420 2528 635 2599 Quodsi
664 2530 773 2584 hoc
799 2528 1152 2601 probaveris,
1180 2527 1488 2603 fragmenta
1520 2526 1552 2584 5
1577 2540 1634 2585 et
1662 2528 1698 2584 6
1735 2529 1808 2585 de
1831 2530 1982 2586 ‘rhe-

420 2616 688 2670 mistoclis
724 2615 893 2671 exilio
935 2624 991 2669 et
1023 2613 1095 2670 de
1128 2626 1312 2671 morte
1359 2615 1617 2672 Aristidis
1651 2615 1984 2672 collocanda

421 2711 551 2758 sunt
579 2713 707 2757 ante
733 2702 1043 2775 fragmenta
1071 2702 1202 2756 libri
1232 2704 1410 2773 tertii,
1442 2704 1535 2759 cui
1561 2705 1664 2778 ipsi
1692 2704 1986 2763 vindican-

423 2789 561 2843 dum
586 2789 733 2844 foret
760 2789 915 2863 quod
946 2789 1016 2844 fr.
1050 2809 1079 2860 7
1107 2788 1179 2844 de
1211 2809 1349 2864 pace
1386 2792 1655 2851 Cimonea
1675 2793 1903 2869 legitur.

1179 2922 1239 2991 3:

506 3066 667 3121 Idem
714 3085 727 3119 :
784 3065 835 3122 T
837 3060 1071 3141 υρέδιζα,
1117 3058 1266 3128 πόλις
1305 3058 1522 3141 Θρᾴκης
1564 3056 1699 3131 μετὰ
1747 3061 1984 3141 Σέρριον.

433 3150 740 3216 Ἑλλάνικος
780 3148 833 3207 δὲ
866 3150 1154 3227 Τυρόδιζαν
1203 3146 1365 3216 αὐτήν
1410 3169 1564 3227 φησιν
1612 3149 1664 3205 ἑν
1713 3150 1988 3229 Περσικῶν

428 3236 668 3316 δευτέρῳ.
696 3233 775 3295 Τὸ
803 3233 996 3292 ἓθνικὸν
1020 3236 1096 3292 δεῖ
1128 3234 1492 3313 Τυροδιζαῖος,
1517 3237 1589 3300 ὡς
1622 3235 1840 3302 Ιάζαῖος
1857 3258 1869 3270 ·
1899 3239 1989 3293 νῦν

429 3324 484 3382 δὲ
515 3321 853 3402 Τυροδιζηνοὶ
882 3321 1146 3401 λέγονται,
1186 3322 1254 3387 ὡς
1288 3320 1547 3400 Κράτερος
1588 3323 1639 3378 ἐν
1668 3320 1825 3403 τρίτῳ
1855 3322 1988 3403 Περὶ

429 3409 804 3492 ψηφισμάτων.
846 3412 1182 3487 Tyrodizam
1220 3414 1278 3466 in
1308 3412 1724 3467 Perinthiorum
1767 3412 1990 3469 ditione

427 3503 620 3569 sitam,
666 3500 963 3557 Doriscum
1002 3512 1058 3557 et
1087 3502 1324 3555 Eionem
1369 3500 1697 3556 Herodotus
1738 3501 1870 3570 VII,
1916 3499 1988 3556 25

430 3599 621 3643 narrat
633 3607 698 3644 ea
719 3588 882 3643 fuisse
900 3590 1147 3644 Thraciae
1163 3588 1308 3657 loca,
1332 3609 1448 3662 qno
1470 3598 1813 3645 commeatus
1832 3608 1994 3645 exer-

429 3676 569 3731 citui
602 3674 845 3732 conferri
862 3672 1083 3747 jusserit
1109 3693 1207 3730 rex
1229 3674 1537 3731 Persarum.

870 3815 914 3867 r,
955 3813 1178 3868 Lumo
1218 3814 1542 3884 QUARTo.

1190 3950 1245 4008 [ι.

518 4078 967 4151 Harpocration:
1002 4072 1431 4134 Ναυτοδίκαι·
1459 4074 1656 4140 Λυσίας
1683 4077 1735 4132 ἐν
1763 4078 1836 4154 τῷ
1872 4076 1997 4154 πρὸς

438 4160 788 4233 Ἀλκιὸιάδην,
817 4163 861 4218 εἰ
884 4182 1090 4238 γνησιος
1125 4164 1154 4218 ὃ
1179 4160 1351 4237 λόγος.
1384 4159 1575 4265 'Apjsafim
1572 4184 1648 4226 τις
1682 4152 1745 4232 ἦν
1775 4161 1995 4234 Ἀθήνη-

440 4269 519 4304 σιν
544 4268 589 4304 οι
619 4246 951 4305 ναυτοδίκαι·
986 4245 1245 4325 Κράτερος
1274 4251 1394 4321 γοῦν
1424 4249 1477 4306 ἐν
1506 4251 1579 4326 τῷ
1605 4247 1646 4305 δ’
1675 4251 1776 4306 τῶν
1804 4252 1997 4329 Ψηφι-

439 4332 655 4408 σμάτων
680 4334 870 4413 φησίν·
897 4333 1080 4394 «Ἐὰν
1110 4333 1167 4391 δί
1193 4357 1268 4401 τις
1290 4334 1395 4402 ἐξ’
1365 4343 1558 4413 αμφοῖν
1531 4331 1743 4402 νξὲνοιν
1773 4334 1998 4413 γεγονὼς

436 4422 723 4501 φρατρίζῃ,
750 4420 955 4480 διώκειν
988 4412 1120 4478 εἶναι
1142 4425 1218 4479 τῶ
1250 4421 1551 4502 βουλομένῳ
1587 4422 1887 4495 Ἀθηναίων,
1921 4415 1997 4490 οἷς

1176 4595 1228 4644 2.

502 4720 665 4768 Dorus
691 4721 839 4770 etiam
858 4719 1013 4770 Cariae
1032 4719 1147 4768 urbs
1168 4722 1267 4781 est,
1296 4732 1441 4782 quam
1479 4720 1603 4769 inter
1633 4721 1825 4771 caricas
1859 4721 2003 4771 nrbes

442 4798 656 4845 recenset
676 4799 904 4847 Craterus
916 4796 1037 4846 libro
1057 4797 1199 4847 tertio
1212 4800 1283 4847 De
1302 4797 1540 4848 decretis:
1566 4816 1588 4840 σι
1611 4800 1833 4848 caricum
1850 4798 2000 4848 tribu·

441 4874 547 4925 tum
573 4885 587 4921 ε
620 4876 804 4936 Dorus,
825 4873 1088 4924 Pliaselitae.
1117 4893 1141 4917 ι»

1195 5018 1249 5069 3.

504 5149 760 5210 Tyrodiza,
788 5148 1006 5198 Thracia!
1034 5149 1149 5197 urbs
1184 5151 1291 5210 post
1330 5150 1543 5197 Serrium
1584 5149 1691 5201 sita.
1731 5148 2005 5200 Hellanicus

448 5226 624 5273 Rerum
648 5224 938 5274 Pei-sicarum
965 5226 1084 5274 libro
1112 5225 1324 5274 secundo
1342 5239 1449 5274 eam
1467 5227 1748 5288 'ryrodizam
1771 5228 2000 5277 nominat

447 5302 636 5351 Gentile
662 5302 993 5365 Tyrodizaeus,
1024 5303 1239 5353 similiter
1264 5317 1321 5354 ac
1344 5305 1546 5354 Gazaeus
1563 5304 1767 5367 dicitur,
1786 5318 1887 5356 esse
1908 5305 1995 5355 ‹le-

1600 516 1928 580 causat
1975 515 2412 578 memmius

2063 646 2301 727 [stem-w,
2328 648 2381 706 ἓν
2405 656 2510 712 τοῖς
2543 645 2891 712 ναυτοδίκαις·
2921 636 2995 713 οἷς
3023 646 3114 725 δὲ]
3145 646 3296 705 δίκαι
3337 646 3630 724 εἰσὶ·[κρὸς

2062 735 2180 802 τοὺς
2203 735 2404 806 ξένους]
2433 733 2715 813 λαγχάνειν
2738 737 2802 811 τῇ
2825 732 2913 811 ἕνῃ
2933 733 3023 791 καὶ
3043 734 3136 813 νέα
3159 734 3294 812 πρὸς
3314 733 3432 798 τοὺς
3445 757 3628 791 ναυτο-

2062 823 2229 891 δίκας.
2281 850 2305 876 n
2336 822 2705 903 Ἀριστοφάνης
2733 824 3107 881 Δαιταλεῦσιν·
3137 847 3164 873 ι
3207 820 3420 882 'anm
3457 821 3628 901 βάψας

2064 910 2190 991 πρὸς
2209 910 2516 977 ναυτοδίκας
2541 909 2685 981 ξένην
2709 909 2969 989 ἐξαίφνης.
2989 936 3014 963 n

2146 1006 2448 1087 Κράτερος]
2467 1005 2785 1086 κάρτεροςὶιι
2809 1006 3038 1063 duobus
3052 1008 3228 1063 codd.
3261 1039 3340 1051 -—
3373 1004 3462 1062 a*
3483 1003 3542 1062 ὅτ’
3559 1024 3634 1071 τις

2067 1096 2111 1155 ἔ.
2149 1096 2204 1156 ἀ.
2241 1092 2439 1172 ξένοιν]
2479 1099 2557 1151 sic
2593 1097 2760 1152 etiam
2787 1095 3019 1150 Photius
3062 1098 3163 1169 qui
3202 1094 3414 1150 eadem
3439 1095 3632 1152 habet.

2064 1184 2234 1257 Apud
2261 1187 2595 1257 Harpocrat.
2629 1202 2774 1238 unus
2795 1182 2977 1238 codex
3000 1188 3052 1237 A
3071 1183 3345 1256 prabet.
3367 1179 3458 1238 ἐὰν
3477 1180 3534 1238 δι’
3557 1204 3634 1244 τις

2066 1269 2141 1346 μὴ
2170 1268 2296 1336 tid.
2325 1267 2372 1336 ξ.
2405 1271 2670 1327 Suidass.
2696 1288 2753 1328 v,
2787 1267 3106 1329 Ναυτοδίκαι
3135 1272 3251 1325 ita:
3281 1267 3458 1325 ὶὰνδέ
3485 1268 3635 1334 ue&

2065 1357 2257 1436 ἀμφοῖν
2281 1355 2448 1434 γένοιν
2463 1390 2539 1402 —·
2554 1354 2757 1414 διώκειν
2779 1345 3096 1432 cinthius
3115 1376 3232 1415 om.
3253 1357 3391 1414 eod.
3421 1362 3504 1423 Α·
3487 1353 3639 1411 ’διώ-

2067 1463 2176 1501 κειν
2218 1444 2299 1501 δει
2332 1446 2550 1502 Suidas.
2595 1448 2832 1517 —Quae
2861 1445 3068 1500 deinde
3091 1445 3250 1499 uncis
3275 1446 3641 1509 inclusimus,

2067 1535 2346 1606 supplevit
2363 1534 2605 1589 Meierus
2622 1535 2708 1588 De
2733 1533 2873 1589 bon.
2900 1531 3091 1587 damn.
3124 1551 3162 1605 p
3219 1531 3320 1605 95.
3359 1530 3642 1586 Codices:

2068 1607 2143 1682 οἷς
2167 1616 2305 1675 δίκαι
2328 1617 2426 1675 εἰσί
2440 1662 2457 1692 ,
2482 1617 2767 1696 λαγχάνειν
2788 1614 2842 1673 δὲ
2861 1620 2926 1693 τῇ
2952 1614 3043 1690 ἔνη
3063 1618 3181 1675 κτλ.

2149 1716 2234 1772 Cf.
2269 1715 2340 1770 de
2367 1715 2685 1770 nautodicis
2711 1713 2909 1768 Pollux
2931 1712 3296 1781 vln‚126.·
3323 1712 3402 1769 Οἱ
3425 1708 3486 1767 δὲ
3517 1731 3650 1768 ww

2067 1800 2271 1860 τοδίκαι
2293 1793 2430 1872 ἦσαν
2459 1803 2508 1859 οἱ
2540 1800 2634 1866 τὰς
2667 1803 2762 1869 τῆς
2795 1798 2958 1867 ξενίας
2987 1798 3133 1865 δίκας
3167 1799 3497 1876 εἰσάγοντες.
3529 1798 3648 1857 Ai-

2069 1891 2212 1946 dit·
2251 1885 2614 1967 ὓόριστοδίκαι
2649 1884 2706 1944 δὲ
2739 1887 3051 1961 ἐκαλοῦντο,
3091 1884 3139 1942 εἶ
3165 1907 3218 1941 τι
3241 1884 3354 1963 χρὴ
3390 1884 3652 1964 Κρατέῃ

2071 1974 2331 2033 πιστεύειν
2353 1978 2431 2031 τῶ
2449 1975 2518 2031 τὰ
2535 1975 2849 2054 ψηφίσματα
2873 1971 3174 2048 συνάγοντι,
3201 1975 3249 2030 οἱ
3273 1972 3356 2047 μὴ
3381 1972 3650 2050 paulip-

2070 2086 2148 2121 νοι
2175 2062 2270 2130 τὰς
2297 2032 2444 2129 δίκάς
2471 2064 2797 2141 εἰσαγαγεῖν·
2824 2061 3116 2121 ἐπεπόλασε
3137 2059 3194 2117 δὲ
3225 2059 3289 2117 τὸ
3325 2065 3576 2118 τοιοῦτον
3593 2062 3650 2119 ἔν

2075 2152 2316 2210 Σικελία.

2151 2241 2340 2298 Lexic.
2367 2240 2604 2296 Rhetor.
2631 2259 2694 2313 p.
2720 2238 2832 2294 283
2850 2281 2867 2307 ‚
2899 2238 2977 2293 3·
2963 2280 2976 2293 .
3039 2235 3365 2295 Nemetum
3391 2232 3654 2315 ἄρχοντές

2071 2325 2206 2393 τινές
2232 2327 2334 2383 εἶσι
2360 2332 2465 2390 τοῖς
2491 2324 2801 2406 ναυκλήροις
2839 2324 3127 2393 δικάζοντες
3152 2323 3242 2381 καὶ
3271 2332 3382 2389 τοῖς
3419 2322 3556 2404 περὶ
3589 2326 3654 2384 d

2073 2412 2322 2493 ἇμπόριον
2346 2412 2605 2493 ἐργάταις.
2619 2415 2832 2471 Eadem
2849 2417 3015 2470 etiam
3035 2412 3293 2470 Suidasl.
3307 2414 3350 2468 l.
3371 2448 3458 2462 --
3473 2416 3656 2488 Hesy-

2076 2503 2275 2559 chius:
2310 2500 2632 2561 Ναυτοδίκαι
2651 2504 2699 2559 οἱ
2723 2500 2846 2580 περὶ
2871 2504 2966 2559 τοῦ
2986 2499 3240 2578 ἐμπορίου
3262 2499 3556 2571 δαασταὶ,
3577 2502 3659 2582 ψ

2074 2581 2152 2649 ὧν
2179 2589 2270 2649 καὶ
2298 2593 2352 2648 αἱ
2385 2594 2476 2659 τῆς
2514 2589 2677 2658 ξενίας
2704 2592 2966 2667 ἐκρίνοντο
2992 2588 3152 2647 δίκαι.
3188 2592 3348 2645 Inter
3387 2591 3664 2648 rhetores

2074 2679 2405 2737 nautodieas
2438 2696 2584 2734 unus
2608 2691 2884 2736 memorat
2910 2681 3101 2753 Lysias
3121 2675 3256 2754 Περὶ
3281 2676 3487 2751 δημοσ.
3533 2677 3660 2734 ἃδε-

2073 2789 2209 2841 κημ.
2252 2786 2313 2842 p.
2362 2767 2496 2842 595.
2549 2771 2738 2841 Atque
2768 2784 2840 2823 ex
2879 2770 2945 2823 iis
2987 2782 3112 2840 qnae
3141 2767 3564 2822 Schoemannns
3605 2778 3666 2823 et

2077 2858 2318 2911 Meierus
2347 2858 2405 2908 in
2447 2855 2683 2913 Atti-sch.
2715 2857 2943 2911 szess
2973 2872 3034 2929 p.
3086 2853 3158 2920 84
3190 2870 3278 2928 sq.
3315 2864 3664 2927 exponunt,

2078 2955 2230 2999 reete
2246 2944 2531 3017 colligitur
2544 2943 2785 3017 Philippi
2803 2954 2858 2999 et
2878 2942 3267 2999 Demosthenis
3287 2942 3669 3014 temporibus

2078 3034 2463 3105 magistratum
2490 3030 2643 3085 bunc
2665 3031 2782 3102 jam
2814 3033 3171 3105 antiquatum
3191 3039 3247 3084 et
3269 3042 3520 3085 munera
3539 3031 3670 3103 ejus

2084 3117 2187 3198 (de
2227 3116 2432 3190 quibus
2469 3116 2542 3171 cf.
2591 3117 2898 3175 Fritschius
2921 3118 3008 3173 De
3035 3117 3397 3189 Aristophan.
3429 3118 3663 3175 Daedfl.

2079 3224 2138 3279 p.
2168 3223 2189 3259 1
2208 3200 2716 3279 14)thesmothetis
2741 3204 3078 3261 demandata
3104 3222 3240 3259 esse.
3273 3203 3560 3261 Ceterum
3583 3204 3662 3263 ab

2081 3293 2288 3347 Solone
2315 3292 2678 3347 nautodieas'
2657 3311 2774 3365 Jam
2795 3294 3076 3347 institutos
3097 3308 3214 3347 esse
3233 3293 3482 3345 merito·
3461 3310 3528 3346 m
3549 3294 3670 3349 dn·-

2080 3380 2240 3435 bium
2267 3389 2430 3435 vocat
2454 3381 2855 3437 Schoemannus
2891 3382 2930 3435 l.
2957 3381 3021 3448 1.,
3059 3398 3294 3434 monens
3321 3381 3382 3433 in
3415 3398 3484 3435 ea
3511 3391 3668 3439 tan-

2081 3486 2222 3541 pora
2242 3468 2517 3541 originem
2540 3485 2738 3522 eorum
2759 3422 3112 3523 referendam
3134 3483 3274 3535 esse,
3302 3468 3522 3541 quibus
3537 3484 3670 3522 em-

2083 3557 2233 3629 porii
2275 3555 2446 3611 Attici
2473 3556 2814 3610 commercia
2846 3553 3031 3609 adeo‘
3009 3572 3126 3625 Jam
3163 3564 3571 3622 accreverant,
3599 3562 3669 3610 ut

2085 3642 2363 3714 ejusmodi
2403 3644 2757 3716 magistratus
2783 3641 3091 3697 desiderari
3119 3641 3378 3696 deberet.
3416 3642 3486 3696 Id
3517 3658 3670 3701 vm
3775 3672 3780 3689 ·

2086 3733 2144 3785 in
2171 3731 2391 3786 Solonis
2429 3740 2645 3785 aetatem
2684 3732 2914 3785 minime
2949 3729 3116 3785 cadit.
3163 3726 3246 3784 Ex
3285 3730 3478 3785 verbis
3523 3746 3668 3786 vem

2084 3817 2379 3893 frag-menti
2407 3821 2615 3887 nostri,
2641 3814 2729 3876 ἐὰν
2760 3815 2815 3874 δέ
2843 3838 2920 3880 τις
2938 3814 2990 3883 ἐξ
3014 3817 3211 3897 ἀμφοῖν
3241 3810 3404 3883 ξένοιν
3427 3810 3666 3893 γεγονῶς

2086 3903 2365 3983 φρατρίζῃ,
2393 3917 2547 3980 patet
2582 3906 2657 3961 ad
2680 3905 3048 3961 obtinendam
3071 3907 3357 3961 'civitatem
3384 3916 3510 3960 tum
3529 3906 3666 3961 salis

2086 3994 2276 4061 fuisse,
2297 3995 2339 4048 si
2364 3995 2503 4049 alter
2526 4003 2821 4067 parentum
2855 3992 3202 4048 Atheniensis
3221 3992 3361 4060 fuit,
3386 3992 3666 4067 adeoque
3775 4034 3780 4043 .

2087 4080 2491 4135 institutionem
2518 4081 2950 4136 nautodicarum
2982 4081 3364 4159 antiquiorem
3385 4094 3506 4135 esse
3533 4080 3665 4155 lege
3775 4088 3780 4097 “

2085 4167 2328 4223 Periclea
2366 4187 2490 4241 quoe
2524 4169 2683 4241 jussit
2722 4165 2909 4243 μόνους
2940 4165 3234 4237 Ἀθηναίους
3280 4155 3422 4223 εἶναι
3448 4164 3574 4231 τοὺς
3599 4164 3663 4223 ἔκ

2085 4253 2224 4310 δυοῖν
2258 4251 2543 4325 Ἀθηναίων
2568 4255 2844 4334 γεγονότας
2870 4257 3189 4336 (Plutarch.
3217 4258 3348 4313 Per.
3381 4256 3454 4311 3··
3423 4252 3503 4333 7).
3531 4258 3664 4313 Ja-

2085 4360 2264 4413 quum
2291 4343 2440 4398 libro
2481 4347 2649 4400 tertio
2692 4344 2956 4404 Craterus
2990 4355 3116 4418 agat
3151 4354 3249 4399 aut
3272 4344 3347 4399 de
3363 4344 3504 4400 belli
3531 4344 3666 4400 He-

2083 4428 2197 4483 dici
2217 4432 2567 4504 temporibus
2577 4442 2671 4487 aut
2690 4432 2764 4487 de
2779 4433 3025 4489 Cimonis
3039 4431 3401 4509 expeditione
3415 4432 3660 4500 Perfim,

2087 4593 2260 4657 bebat3
2277 4594 2453 4645 dicitur
2469 4597 2633 4647 tamen
2653 4596 3006 4660 Tyrodizmus,
3021 4598 3093 4647 uti
3110 4597 3239 4660 apud
3256 4600 3518 4648 craterum
3533 4596 3662 4646 lib·

2085 4670 2229 4721 tertio
2254 4675 2326 4722 De
2347 4673 2561 4723 decretis-

2150 4838 2433 4888 Nautodicae
2453 4838 2650 4889 Athenis
2667 4761 2972 4903 magidi-‘utin
2987 4838 3184 4902 quidun
3206 4841 3341 4901 erat,
3359 4839 3503 4903 enim
3523 4850 3664 4890 mu-

2089 4913 2268 4964 tionem
2291 4914 2415 4964 libro
2433 4918 2607 4978 quarto
2621 4918 2692 4966 De
2711 4916 2915 4967 decretis
2933 4917 3047 4966 facit
3063 4916 3294 4966 craterus
3310 4915 3384 4965 sic
3400 4915 3656 4979 inquien.
3639 4930 3660 4948 ·

2100 4992 2201 5041 «εἰ
2220 4993 2329 5054 quis
2347 5005 2462 5042 vero
2481 4995 2754 5056 peregrinus
2776 5007 2838 5044 ex
2873 4998 3080 5057 utroque
3106 4995 3307 5055 parente
3328 5005 3383 5042 se
3403 5006 3496 5056 pro
3515 4991 3658 5056 pln-

2091 5072 2195 5120 tore
2211 5074 2374 5132 gerat,
2393 5084 2506 5119 eum
2525 5070 2728 5133 quilibet
2755 5070 3114 5121 Atheniensium
3128 5068 3315 5131 judicio
3339 5069 3471 5133 apud
3491 5072 3658 5119 aad.»

2090 5146 2222 5196 diras
2263 5147 2482 5209 persequi
2528 5150 2700 5209 potest.
2737 5147 2786 5197 Si
2825 5147 2934 5210 quis
2965 5149 3130 5195 autem
3173 5147 3349 5194 contra
3392 5142 3654 5207 peregrino

2091 5226 2417 5286 (mercatores)
2457 5223 2633 5286 litiget.
2675 5225 2912 5276 actionem
2953 5223 3169 5273 instituat
3209 5222 3341 5284 apud
3379 5220 3651 5272 nauto&

2093 5303 2262 5354 ultimo
2279 5303 2357 5354 die
2375 5304 2609 5353 mensis„
