3900 6042
1494 507 1991 568 FRAGMENTA.

146 627 231 685 καὶ
269 626 500 706 ὃπῳδοὺς
533 630 623 685 καὶ
650 629 753 685 τῶν
788 625 907 704 περὶ
943 625 1057 691 τοὺς
1093 626 1493 705 κατοιχομένους
1521 629 1689 705 λόγων

146 714 229 773 καὶ
265 713 501 790 νομίμων
527 712 823 792 ἐμπείρους,
856 716 1197 778 ἐπαιτοῦντας
1222 713 1312 771 καὶ
1338 713 1475 771 κατὰ
1509 714 1690 792 κώμας

147 801 232 858 καὶ
255 801 459 866 πόλεις·
479 798 595 864 τοὺς
631 801 686 857 δὲ
715 798 1077 879 χαριεστέρους
1112 803 1216 857 τῶν
1259 800 1376 858 καθ’
1411 800 1536 881 ᾅδου
1568 807 1689 881 θρυ-

144 886 422 963 λουμένων,
473 887 577 944 ὅσα
624 887 763 946 δοκεῖ
801 885 926 965 πρὸς
970 885 1237 943 εὗσέὸειαν
1284 886 1374 944 καὶ
1413 889 1658 959 ὁσιότητα
1677 912 1691 925 ·

146 977 539 1054 συμφιλοσοφεῖν
573 975 619 1031 δ’
648 973 794 1040 ἆνίοις
816 972 906 1030 καὶ
926 981 1202 1048 γυναῖκας,
1232 973 1563 1051 ἀπειομένας
1599 975 1690 1033 καὶ

146 1061 292 1126 αὗτὰς
317 1060 642 1141 ἀφροδισίων.

220 1146 508 1226 Σαρμάνας
552 1148 809 1222 (indicez
852 1166 1137 1219 pramanoe
1171 1150 1206 1202 i.
1243 1167 1294 1202 e.
1329 1145 1689 1224 ascetae)pro

148 1238 420 1314 Γαρμᾶνας
441 1238 757 1309 scripsimus
782 1254 909 1290 cum
934 1237 1196 1290 Lassenio
1215 1237 1272 1289 in
1306 1236 1504 1293 Rhein.
1532 1238 1686 1293 Mus.

157 1323 316 1398 ⁵833,
342 1335 397 1378 et
420 1322 861 1378 Schwanbeckio
896 1323 935 1375 l.
964 1322 999 1374 1.
1024 1340 1082 1394 p.
1119 1323 1213 1385 46.

867 1450 959 1508 4¹·

220 1578 389 1633 Clem.
424 1576 587 1631 Alex.
619 1575 826 1630 Strom.
861 1576 916 1641 1,
956 1594 1015 1647 p.
1056 1572 1167 1629 305
1198 1577 1247 1630 D
1284 1575 1442 1643 c01.;
1470 1594 1526 1648 p.
1562 1574 1688 1641 132,

154 1685 183 1718 ει
219 1663 363 1737 sylb.
396 1661 501 1734 (ex
538 1679 719 1733 eoque
750 1662 1017 1716 Eusebius
1056 1663 1117 1717 P.
1155 1663 1220 1717 E.
1254 1662 1370 1728 lx,
1397 1679 1459 1733 p.
1493 1658 1641 1736 410)
1675 1680 1687 1713 :

152 1747 478 1823 Μεγασθένης
532 1749 561 1803 ὁ
605 1743 928 1824 συγγραφεὺς
969 1749 998 1803 ὁ
1051 1743 1293 1823 Σελεύκῳ
1319 1748 1395 1820 τῷ
1440 1743 1693 1822 Νικάτορι

154 1832 511 1909 συμὸεὸιωκὼς
552 1835 604 1891 ἐν
639 1837 705 1911 τῇ
745 1833 894 1911 τρίτῃ
934 1835 1037 1890 τῶν
1075 1832 1306 1892 Ἰνδικῶν
1343 1823 1443 1889 ὧδε
1483 1831 1687 1910 γράφει·

155 1951 175 1970 ·
194 1918 421 1980 Ἅπαντα
459 1919 636 1996 μέντοι
662 1918 729 1977 τὰ
758 1919 877 1997 περὶ
905 1918 1102 1999 φύσεως
1133 1918 1378 1998 εἰρημένα
1406 1919 1551 1995 παρὰ
1586 1920 1692 1984 τοῖς

156 2008 373 2087 ἀρχαίοις
392 2006 604 2082 λέγεται
620 2005 707 2064 καὶ
736 2006 881 2085 παρὰ
901 2011 1005 2072 τοῖς
1034 2005 1130 2073 ἔξω
1152 2011 1245 2076 τῆς
1266 2004 1519 2071 Ἑλλάδος
1541 2007 1690 2084 φιλο·

157 2099 377 2174 σοφοῧσι,
411 2093 481 2151 τὰ
511 2092 607 2168 μὲν
632 2096 757 2170 παρ’
786 2094 962 2159 Ἰνδοῖς
988 2094 1090 2151 ὑπὸ
1113 2097 1214 2151 τῶν
1242 2091 1595 2171 Βραχμάνων,
1624 2091 1689 2150 τὰ

158 2182 204 2238 δὲ
229 2182 279 2238 ἐν
304 2187 368 2258 τῇ
391 2180 562 2261 Συρίᾳ
591 2180 691 2238 ὑπὸ
717 2184 819 2238 τῶν
843 2179 1174 2254 καλουμένων
1204 2179 1484 2239 Ἰουδαίων.
1511 2205 1535 2230 ¹2

225 2272 351 2342 Quae
368 2270 572 2343 jungas
600 2270 785 2325 verbis
801 2270 1089 2325 Strabonis
1119 2266 1348 2344 (si-Um)
1378 2288 1391 2323 :
1417 2267 1536 2346 περὶ
1559 2269 1694 2324 πολ-

157 2356 249 2411 λῶν
275 2353 326 2412 δὲ
349 2351 730 2423 τοῖς“Έλλησιν
746 2352 1026 2428 ὁμοδοξεῖν.
1052 2356 1261 2411 Eadem
1286 2357 1453 2410 etiam
1482 2354 1546 2428 (e
1569 2357 1691 2411 Cle·

112 2487 117 2492 .
162 2443 361 2516 mente)
385 2444 554 2498 affert
576 2442 816 2515 Cyrillus
833 2445 894 2499 C.
924 2443 1126 2496 Julian.
1148 2445 1241 2511 lv,
1264 2461 1324 2516 p.
1362 2442 1491 2497 136.
1524 2443 1692 2497 Paris.

170 2530 330 2598 1638,
362 2530 459 2586 sed
485 2547 787 2605 perperam
814 2547 923 2603 pro
950 2530 1302 2604 Megasthene
1325 2528 1514 2584 laudat
1540 2529 1689 2585 One-

166 2618 411 2674 neritum.

236 2705 310 2760 Cf.
333 2707 587 2761 Clemens
605 2706 643 2760 l.
665 2707 705 2760 l.
727 2723 789 2778 p.
817 2703 950 2773 305,
972 2707 1023 2759 D
1042 2705 1166 2761 Col.
1192 2724 1205 2759 ε
1230 2703 1412 2762 Διττὸν
1433 2702 1489 2760 δὲ
1501 2701 1695 2759 τούτων

164 2788 215 2846 τὸ
253 2790 411 2866 γένος·
439 2794 487 2849 οἱ
520 2789 616 2862 μὲν
661 2792 939 2868 Σαρμᾶναι
976 2791 1168 2864 αὐτῶν,
1197 2792 1245 2847 οἱ
1287 2788 1340 2847 δὲ
1381 2793 1695 2869 Βραχμᾶναι

165 2877 476 2952 καλούμενοι·
506 2876 602 2935 καὶ
630 2881 732 2935 τῶν
773 2879 1067 2955 Σαρμανῶν
1092 2880 1138 2934 οἱ
1168 2875 1402 2936 “Υλόὸιοι
1434 2898 1699 2955 προσαγο-

168 2964 407 3038 ρευόμενοι
440 2964 564 3023 οὔτε
601 2963 776 3030 πόλεις
809 2966 1035 3022 οἰκοῦσιν
1073 2962 1191 3021 οὔτε
1231 2963 1418 3040 στέγας
1455 2962 1662 3042 ἔχουσιν
1680 3007 1695 3035 ,

167 3046 363 3128 δένδρων
386 3049 440 3109 δὲ
467 3046 840 3128 ἀμφιέννυνται
862 3051 1082 3129 φλοιοῖς,
1104 3049 1192 3107 καὶ
1217 3049 1475 3130 ἀκρόδρυα
1500 3055 1689 3107 σιτοῧν·

167 3155 243 3191 ται
265 3136 349 3193 καὶ
366 3135 503 3216 ὕδωρ
527 3140 642 3202 ταῖς
668 3137 820 3216 χερσὶ
842 3136 1099 3194 πίνουσιν·
1128 3138 1187 3194 οὗ
1215 3136 1401 3212 γάμον,
1428 3137 1486 3193 οὐ
1513 3137 1698 3193 παιδο-

169 3220 324 3280 ποιίαν
343 3222 539 3298 ἴσασιν,
565 3222 764 3302 [ὥσπερ
789 3225 836 3280 οἱ
863 3228 952 3280 νῦν
979 3224 1335 3302 Ἐγκρατηταὶ
1358 3220 1695 3297 καλούμενοι,

169 3308 255 3366 εἶσὶ
280 3310 331 3368 δὲ
358 3314 455 3369 τῶν
495 3311 677 3371 Ἰνδῶν
702 3313 749 3368 οἳ
775 3311 880 3376 τοῖς
920 3311 1122 3370 Boioi-w
1160 3310 1453 3385 πειθόμενοι
1492 3331 1699 3389 παραγ-

170 3393 421 3475 γέλμασιν,
445 3400 501 3457 ὃν
524 3399 590 3456 δι’
611 3396 901 3477 ὕπερὸολὴν
925 3395 1234 3474 σεμνότητος
1255 3401 1323 3463 ὡς
1344 3397 1457 3455 θεὸν
1478 3395 1699 3471 τετιμή-

170 3484 332 3561 men]

241 3573 433 3630 Eadem
466 3588 524 3632 et
565 3577 670 3631 alia
693 3575 946 3648 quaedam
987 3574 1058 3629 de
1083 3574 1547 3642 Brachmanibus‚
1579 3591 1702 3646 quae

173 3676 232 3713 ex
253 3672 402 3733 parte
424 3663 654 3718 sortasse
689 3663 762 3717 ad
787 3662 1195 3736 Megasthenem
1220 3659 1515 3717 reserenda
1541 3671 1700 3729 sunt,

173 3745 352 3819 habes,
379 3769 466 3823 ap.
510 3748 1052 3822 Pseudophilosoph.
1103 3756 1199 3817 24,
1226 3749 1342 3807 vol.
1383 3751 1431 3816 1,
1478 3766 1536 3820 p.
1589 3754 1698 3821 904

174 3829 327 3893 Paris.
364 3837 526 3906 1733.
564 3866 635 3878 —-
662 3834 831 3909 Apud
853 3836 1189 3892 Clementem
1217 3834 1386 3891 codd.
1419 3853 1526 3908 pro
1555 3832 1704 3891 Ὑλό·

175 3914 267 3975 ὄιοι
282 3924 531 3994 praebent
554 3920 839 3996 Ἀλλόὸιοι,
877 3922 1037 3995 quod
1076 3941 1106 3977 e
1142 3923 1419 3978 Strabone
1461 3924 1706 3977 correxit

174 4092 259 4140 que
277 4083 595 4145 compluribus
623 4084 795 4133 similia
816 4097 898 4133 eos
922 4083 1081 4133 dicere
1105 4101 1120 4132 z
1145 4087 1309 4134 texere
1345 4085 1489 4132 etiam
1514 4083 1702 4133 tabutas

174 4157 413 4220 quandam,
435 4160 842 4224 quemadmodum
865 4160 1026 4217 Plato,
1054 4159 1114 4208 de
1129 4159 1487 4209 immortalitate
1499 4160 1699 4219 aninum,

176 4237 218 4282 et
233 4234 289 4284 de
304 4237 485 4296 judiciis
504 4252 619 4301 quae
635 4237 764 4301 apud
786 4238 961 4288 interos
984 4237 1101 4286 fiant
1114 4271 1128 4294 ,
1143 4240 1193 4286 et
1210 4237 1303 4286 alis
1317 4237 1589 4298 huiusmodi
1604 4250 1699 4287 non

177 4325 327 4372 ⁹⁸⁰oe-
391 4322 457 4367 Αο
480 4317 543 4366 de
568 4317 940 4368 Braehmanibus
962 4315 1155 4377 quidem
1175 4315 1424 4364 imotenus.

231 4392 551 4443 &manarum
569 4406 652 4443 eos
673 4392 1058 4442 honoratissimos
1078 4393 1258 4454 ait,qui
1272 4391 1458 4453 Hyiobii
1471 4394 1702 4440 vocantur

178 4477 231 4512 ox
252 4479 330 4528 eo,
353 4470 491 4531 quod.
521 4472 571 4519 in
600 4470 734 4519 silvis
760 4469 970 4530 degunt,
1009 4481 1036 4516 e
1064 4467 1300 4517 trontibus
1324 4471 1373 4517 et
1407 4469 1703 4518 silvestribus

181 4543 392 4597 fructibus
410 4550 638 4607 viventes,
659 4551 837 4598 restem
855 4559 917 4596 ex
935 4546 1162 4595 arborum
1180 4545 1438 4595 corticibus
1454 4546 1701 4607 habentes,

180 4620 267 4669 vini
283 4625 330 4671 et
349 4625 527 4686 veneris
538 4627 771 4687 expertes.
836 4625 936 4672 Hos
953 4635 1066 4671 cum
1085 4622 1273 4683 regibus
1288 4621 1349 4671 de
1366 4624 1521 4672 causis
1544 4636 1702 4672 rerum

181 4695 558 4761 interrogantibus
584 4713 667 4763 per
701 4699 893 4749 nuntios
914 4698 1154 4761 colloqui,
1177 4703 1227 4748 et
1252 4711 1337 4760 per
1361 4698 1466 4748 iilos
1486 4698 1650 4748 divina
1676 4711 1704 4747 a

183 4774 354 4835 regibus
373 4779 461 4827 ooli
478 4781 528 4829 et
545 4778 741 4841 piscari.
830 4780 940 4826 Post
957 4777 1195 4827 silvicolas
1216 4776 1265 4825 in
1293 4777 1475 4826 honore
1497 4776 1707 4826 medicos

184 4861 298 4912 esse,
319 4855 373 4902 nt
394 4855 475 4915 qui
507 4855 634 4904 cirea
656 4854 898 4903 hominem
929 4852 1339 4915 philosophentur,
1374 4853 1577 4915 frugales
1597 4854 1706 4915 qui·

183 4926 311 4991 dem,
330 4943 419 4981 nou
438 4937 595 4982 tamen
617 4933 709 4982 sub
730 4932 843 4981 divo
870 4931 1093 4993 degentes
1108 4968 1121 4992 ,
1146 4944 1287 4993 oryza
1310 4935 1361 4981 et
1379 4932 1529 4980 farina
1548 4932 1705 4981 viven-

184 5008 273 5066 tes,
305 5021 409 5070 que
437 5025 574 5068 nemo
595 5014 789 5073 rogatus
805 5014 855 5060 et
874 5010 1076 5072 hospitio
1115 5023 1197 5059 eos
1227 5010 1465 5070 excipiens
1488 5024 1582 5059 non
1613 5010 1706 5059 tar-

185 5083 340 5143 giatur.
403 5092 535 5138 Posse
556 5102 639 5139 eos
672 5090 817 5138 etiam
856 5087 1082 5136 fecundos
1121 5087 1299 5149 tacere,
1323 5091 1371 5135 et
1416 5087 1619 5135 marium
1664 5092 1711 5136 et

190 5159 445 5213 mmmm
485 5165 853 5227 procreationem
893 5164 1249 5213 medicamentis
1284 5168 1521 5225 praestare.
1610 5167 1711 5212 Me-

189 5233 371 5286 dicinam
391 5241 634 5300 plurimam
668 5255 751 5304 per
773 5242 905 5291 eibos
925 5241 1085 5303 pertici
1101 5277 1115 5300 ,
1134 5254 1230 5290 non
1267 5244 1425 5289 autem
1456 5254 1537 5302 per
1569 5241 1713 5289 medi·

192 5317 388 5365 camenis
413 5337 423 5367 z
449 5331 507 5368 ex
537 5319 889 5370 medicamentis
926 5319 1134 5368 maxime
1163 5318 1408 5368 unctiones
1446 5320 1633 5380 probari
1666 5323 1714 5368 et

3211 523 3323 570 ⁴37

1776 630 2262 685 Schwanbeckius.
2285 631 2542 686 Ceterum
2567 647 2700 683 num
2728 631 3002 685 Sarmanae
3030 632 3139 685 sint
3169 633 3324 688 Bud-

1777 714 1960 770 dhaici
1999 732 2200 784 necne,
2230 717 2375 770 inter
2414 716 2566 769 viros
2605 733 2799 769 rerum
2837 715 3158 771 Indicarum
3184 721 3331 790 peri·

1779 801 2012 855 tissimos
2030 818 2146 855 non
2163 803 2442 855 convenit.
2472 804 2551 856 De
2568 802 2674 855 hac
2689 820 2750 856 re
2770 803 2843 856 ita
2860 802 3328 859 Schwanbeckius

1777 905 1836 959 p.
1878 905 1945 956 17
1981 905 1994 941 :
2024 911 2047 937 ι
2075 889 2383 961 Diligenter
2404 888 2630 942 alteram
2656 889 2980 942 sententiam
3008 889 3329 960 Bohlenius,

1776 974 2064 1028 Lassenius
2086 974 2315 1027 alteram
2364 992 2492 1027 cum
2520 992 2610 1042 ea,
2637 991 2748 1045 qua
2773 975 2943 1041 solet,
2989 974 3245 1031 doctrina
3276 988 3330 1031 ct

1789 1062 2040 1115 omnium
2067 1078 2257 1116 rerum
2275 1061 2773 1133 circumspectione
2798 1060 3048 1115 defendit
3073 1061 3329 1132 (Bolaelcn.

1784 1150 1869 1202 De
1896 1147 2255 1203 Buddhaismi
2287 1150 2505 1222 origine
2543 1159 2597 1202 ct
2627 1157 2783 1201 aetate
2804 1147 3163 1217 definiendis;
3193 1153 3333 1205 Las·

1776 1255 1894 1292 sen.
1925 1239 2010 1292 De
2036 1236 2393 1307 nominibus,
2434 1236 2638 1307 quibus
2677 1254 2708 1289 a
2745 1236 3026 1290 veteribus
3047 1239 3332 1308 appellan-

1780 1332 1872 1376 tur
1913 1323 2190 1380 Indorum
2237 1323 2581 1396 philosophi.
2630 1322 2834 1378 iiheiu.
2871 1324 3021 1378 filus.
3067 1323 3236 1392 1833,
3271 1344 3329 1398 p.

1788 1409 2147 1484 171—190.)
2178 1410 2501 1477 BohleniuS,
2557 1419 2620 1461 ut
2671 1410 3064 1463 Sar-manarum
3104 1411 3333 1464 nomine

1778 1496 2133 1551 Buddhaicos
2175 1494 2473 1569 significari
2517 1494 2803 1562 ostendat,
2856 1498 3042 1568 primo
3088 1498 3332 1550 nominis

1779 1594 2109 1656 argumento
2140 1584 2319 1636 utitur
2350 1600 2363 1635 :
2408 1583 2798 1636 Sarmanarum
2833 1584 2981 1636 enim
3008 1601 3215 1636 nomen
3246 1601 3331 1637 re-

1778 1670 2057 1742 spondere
2082 1669 2219 1724 dicit
2246 1679 2362 1722 tuin
2389 1670 2664 1722 sanseritae
2703 1670 2828 1722 voci
2859 1666 3177 1738 qraman'a,
3223 1686 3333 1740 qua

1779 1755 2088 1809 Buddhaici
2109 1756 2476 1828 appellentur,
2502 1767 2617 1810 tum
2643 1755 2856 1808 nomini
2876 1755 3189 1827 Σαμαναῖοι,
3215 1773 3330 1826 quo

1780 1843 1956 1897 verbo
2000 1861 2065 1897 ex
2103 1841 2287 1896 Palica
2324 1860 2464 1895 voce
2503 1860 2798 1895 sammana
2829 1843 2896 1907 (i.
2929 1861 2979 1897 e.
3013 1837 3327 1912 cranmn‘a)

1782 1929 2026 1983 formato
2079 1929 2218 2001 quin
2255 1929 2430 1984 Graeci
2475 1928 2832 1982 Buddhaicos
2874 1928 3333 2002 significaverint,

1782 2017 1922 2070 nihil
1954 2016 2318 2071 dubitationis
2337 2015 2538 2072 habet:
2611 2018 2820 2070 Contra
2850 2015 2992 2068 dixit
3016 2016 3328 2082 Lassenius,

1781 2099 2070 2174 ςναηιαιιά
2112 2121 2229 2157 non
2273 2101 2450 2156 modo
2493 2101 2860 2170 Buddhaici5‚
2906 2103 3004 2156 sed
3045 2103 3336 2176 saepissime

1784 2192 1949 2246 etiam
1985 2191 2308 2245 Brahmanis
2335 2172 2586 2243 att'ribui.
2623 2188 2737 2244 sed
2769 2190 2883 2261 ipsc
2906 2207 3057 2243 nnnc
3082 2208 3211 2244 cum
3239 2207 3332 2256 ea,

1784 2296 1894 2349 qua
1917 2289 2025 2344 est,
2053 2276 2398 2331 humanitate
2425 2293 2645 2330 mecum
2679 2276 3114 2329 communicavit
3137 2278 3205 2331 V.
3233 2277 3333 2341 D.,

1781 2377 1978 2418 vocem
2008 2359 2294 2434 ςναιηαιιά
2331 2373 2670 2436 perpetuum
2697 2361 3154 2417 Buddliaicorum
3182 2378 3338 2415 asce-

1787 2459 1966 2504 tarum
1997 2467 2226 2516 nomen,
2248 2450 2749 2503 Brahmanicorum
2771 2450 2952 2503 rarius
2974 2468 3104 2504 esse.
3136 2451 3333 2519 Itaque

1782 2535 1893 2589 hoc
1928 2535 2183 2590 Bohlenii
2221 2545 2638 2608 argumentum,
2680 2535 2778 2588 etsi
2817 2533 2889 2587 ad
2930 2533 3336 2607 expediendam

1783 2639 1902 2676 rem
1924 2640 2044 2676 non
2070 2619 2272 2676 sufficit
2290 2661 2305 2688 ,
2341 2631 2524 2675 tamen
2547 2638 2667 2674 nou
2693 2619 2976 2673 infirmum
3006 2631 3213 2676 manet.

1864 2732 1889 2756 «ι
1909 2707 2150 2763 Addidit
2171 2706 2377 2762 deinde
2396 2708 2684 2761 Lassenius
2705 2707 2849 2761 banc
2876 2708 3202 2762 sententiam
3232 2725 3246 2760 z
3275 2706 3341 2762 St

1783 2814 1935 2850 usum
1957 2802 2231 2868 utriusque
2271 2795 2530 2848 vocabuli
2567 2795 2724 2866 apud
2753 2805 2969 2847 veteres
3010 2799 3331 2865 respon-erile,

1786 2888 2024 2938 invenies
2066 2884 2219 2936 nullo
2247 2899 2470 2954 prorsus
2506 2882 2624 2936 Ioco
2667 2899 2833 2934 cenum
2863 2899 2976 2954 pro
3009 2882 3186 2934 allero
3202 2886 3341 2951 poni

1785 2981 1888 3025 aut
1920 2974 2150 3025 Invicem
2190 2973 2499 3042 permutari
2545 2987 2566 3025 .·
2611 2974 2766 3037 cujus
2814 2963 3144 3022 constantiis·
3187 2980 3342 3026 certa

1783 3060 2043 3132 quoedam
2059 3075 2231 3110 causa
2250 3073 2364 3109 esse
2384 3052 2562 3110 debet.
2585 3053 2754 3125 Quod
2776 3063 3164 3126 argumentum
3188 3050 3340 3107 baud

1784 3147 1899 3200 scio
1939 3163 2014 3200 an
2056 3144 2402 3215 aliquantum
2441 3139 2715 3195 firmitatis
2756 3140 2980 3196 habeat.
3064 3140 3341 3194 Sarmanae

1786 3233 1935 3286 enim
1962 3231 2049 3285 bis
2075 3240 2318 3296 tantum,
2361 3228 2655 3294 Samanaei,
2693 3228 2798 3281 nisi
2825 3227 3008 3292 fallor,
3044 3228 3341 3299 quinquies

1786 3337 1820 3374 a
1840 3318 2044 3376 Graecis
2062 3317 2442 3388 Romanisque
2461 3315 2827 3388 scriptoribus
2842 3314 3102 3369 omnibus
3125 3331 3340 3367 memo·

1787 3415 2001 3460 rantur.
2025 3402 2355 3476 (Bai-desan.
2378 3420 2468 3474 ap.
2490 3403 2766 3474 Porphyr.
2795 3404 2878 3456 De
2899 3401 3098 3456 abstin.
3121 3403 3213 3467 IV,
3245 3419 3264 3454 1
3280 3419 3337 3469 7,

1788 3492 1962 3547 Clem.
1989 3491 2148 3545 Alex.
2174 3490 2381 3544 Strom.
2404 3490 2454 3543 1.
2482 3487 2614 3556 305,
2640 3488 2870 3560 Origen.
2897 3489 3103 3541 Contra
3124 3487 3350 3550 Celsum,

1789 3579 1814 3632 Ι
1860 3576 1950 3631 ed.
1980 3576 2253 3644 Delarue,
2280 3576 2449 3629 Paris.
2487 3573 2654 3643 1733,
2685 3583 2727 3626 t.
2760 3574 2809 3640 1,
2836 3592 2895 3646 p.
2930 3572 3072 3639 343,
3104 3574 3345 3636 Alexan,-

1791 3662 1893 3718 der
1916 3662 2183 3735 Polyliist.
2208 3680 2299 3734 ap.
2326 3662 2518 3732 cyrill.
2544 3661 2752 3717 Contra
2772 3662 2979 3715 Julian.
3002 3663 3096 3728 1v,
3123 3680 3175 3734 p.
3209 3660 3338 3731 133,

1792 3750 1854 3803 Ε.
1875 3748 1966 3805 ed.
1983 3747 2152 3807 Paris.
2182 3746 2350 3814 1638,
2377 3747 2821 3822 HieronquAd
2841 3749 3121 3808 Jovinian.
3146 3749 3218 3814 ΙΙ,
3249 3746 3340 3814 ed.

1792 3836 1962 3891 Paris.
2003 3835 2149 3904 1706
2169 3875 2184 3902 ,
2213 3846 2253 3890 t.
2285 3836 2369 3903 11,
2398 3845 2545 3907 part.
2581 3852 2612 3888 α
2632 3875 2647 3902 ,
2674 3853 2729 3906 p.
2762 3831 2917 3908 206.)
2952 3836 3058 3905 Qui
3090 3836 3345 3900 numeri,

1792 3924 1836 3977 si
1861 3923 2202 3995 scriptorum
2230 3921 2410 3977 fontes
2435 3922 2797 3994 exquisisset-is
2817 3962 2832 3990 ‚
2856 3920 2926 3977 ad
2954 3932 3063 3975 tres
3080 3921 3345 3994 redigun-

1787 4083 2149 4144 catapiasmats,
2188 4081 2317 4145 quod
2370 4085 2530 4132 cetera
2579 4082 2797 4132 maleficii
2833 4093 2928 4130 non
2972 4083 3068 4130 sint
3115 4082 3342 4143 expertia.

1790 4162 1942 4221 Atque
1961 4163 2067 4209 tum
2086 4159 2174 4208 lios
2197 4162 2304 4207 tum
2326 4159 2431 4208 iilos
2448 4160 2497 4207 in
2519 4158 2765 4208 laboribus
2786 4162 2834 4207 et
2852 4159 3103 4207 tolerantia
3122 4161 3344 4207 constan·

1789 4236 1903 4286 tiam
1935 4251 2186 4296 exercere,
2221 4236 2343 4287 adeo
2367 4238 2421 4285 ut
2457 4250 2541 4298 per
2567 4240 2718 4286 totam
2757 4237 2883 4286 diem
2923 4237 2970 4285 in
3012 4237 3177 4285 eodem
3214 4241 3346 4298 gestu

1789 4311 1976 4359 immoti
1999 4315 2317 4372 perseverent.
2345 4311 2476 4361 Alios
2493 4324 2595 4359 esse
2616 4312 2847 4373 quosdam
2879 4312 3170 4361 divinatores
3191 4313 3349 4362 incan-

1789 4392 2064 4451 tatoresque
2089 4392 2139 4437 et
2177 4389 2358 4437 rituum
2393 4390 2443 4438 et
2485 4401 2790 4449 sermonum,
2814 4390 2897 4451 qui
2940 4390 3065 4438 circa
3101 4390 3351 4440 defunctos

1788 4471 1930 4526 sunt,
1956 4477 2054 4514 non
2069 4467 2270 4526 ignaros,
2290 4469 2503 4514 errantes
2538 4478 2624 4527 per
2655 4465 2784 4514 vicos
2818 4468 2868 4515 ‹t
2904 4467 3061 4514 urbes.
3089 4468 3215 4516 Alios
3235 4480 3349 4517 vero

1790 4544 1862 4593 his
1883 4543 2190 4604 elegantiores
2220 4546 2366 4604 atque
2396 4541 2698 4599 urbaniores,
2730 4544 2813 4605 qui
2845 4557 3012 4593 eorum
3049 4558 3158 4606 qum
3180 4543 3240 4594 de
3274 4545 3347 4594 in·
3451 4573 3462 4582 ·

1791 4619 1901 4669 feris
1939 4622 2268 4669 memorantur
2303 4622 2353 4667 et
2380 4632 2490 4680 qum
2524 4618 2586 4667 ad
2635 4622 2859 4680 pietatem
2896 4623 3352 4684 sanctimoniamque

1790 4695 2048 4759 pertinent,
2072 4694 2208 4757 periti
2235 4694 2345 4743 sint..
2377 4697 2501 4743 Cum
2525 4697 2767 4745 nonnuliis
2786 4698 3006 4747 mutieres
3029 4711 3223 4760 quoque
3241 4699 3348 4759 phi-

1792 4772 2026 4835 losopiiari
2050 4785 2081 4820 a
2105 4773 2318 4822 venereis
2344 4773 2459 4823 item
2482 4773 2792 4823 abstinentes.

1862 4937 2184 4998 Megasthenes
2198 4935 2504 4985 historiarum
2518 4934 2736 4998 scriptor,
2756 4938 2965 4998 quicum
2980 4937 3180 4987 seleuco
3207 4940 3343 4990 Nica·

1800 5017 1902 5061 tore
1938 5012 2086 5070 vixit,
2108 5011 2227 5060 libro
2264 5012 2404 5061 tertio
2437 5016 2509 5062 De
2535 5014 2678 5061 rebus
2707 5013 2933 5063 ludorum
2965 5014 3130 5063 scribit
3152 5016 3281 5063 iiunc
3300 5015 3351 5064 in

1798 5090 2014 5138 modum.
2048 5108 2072 5128 κ
2098 5093 2412 5150 Quaecunque
2449 5088 2511 5137 de
2551 5103 2710 5138 rerum
2735 5093 2907 5142 natura
2937 5090 2999 5139 ab
3037 5093 3245 5155 antiquis
3274 5092 3348 5139 di·

1799 5167 1995 5226 cuntur,
2023 5163 2190 5214 eadem
2212 5164 2358 5212 etiam
2400 5164 2540 5214 abiis
2572 5165 2896 5228 philosophis,
2928 5168 3013 5228 qui
3037 5171 3174 5216 extra
3210 5173 3348 5218 Grae-

1800 5243 1933 5300 ciam,
1958 5244 2098 5302 sunt,
2135 5239 2387 5299 docentur,
2417 5242 2590 5302 partim
2616 5254 2647 5290 a
2687 5242 3061 5306 Brachmanibus
3090 5242 3348 5304 indemni,

1800 5321 1974 5386 partim
1993 5333 2020 5368 a
2040 5319 2218 5369 Judaeis
2235 5320 2399 5380 Syriis.
2423 5336 2448 5363 ι
