3900 6042
1379 488 2153 552 PSEUDO-HECATAEUS.

3255 507 3365 560 893

153 621 433 682 Ἰουδαίων
494 625 698 699 ὑπῆρχε
741 621 1158 701 πολυάνθρωπον.
1196 621 1299 679 Καὶ
1349 620 1414 678 τὰ
1451 620 1568 699 περὶ
1615 619 1730 684 τοὺς
1808 631 1966 699 λομαι
2005 622 2373 704 κεφαλαιωδῶς
2416 620 2715 698 ἐπιδραμεῖν
2757 618 2866 677 ἔνια
2907 622 3008 677 τῶν
3051 620 3355 698 εἰρημένων.

152 711 358 787 γάμους
385 706 444 765 δὲ
476 707 683 774 καὶτὰς
700 710 801 763 τῶν
825 707 1180 765 τελευτώντων
1202 708 1368 787 ταφὰς
1394 707 1527 764 πολὺ
1555 708 1615 764 τὸ
1633 729 1730 763 πα·
1815 714 1916 769 Καὶ
1946 716 2150 792 πρῶτον
2179 706 2415 774 ἐπιδείξω
2447 708 2534 765 τὸν
2563 706 2763 786 χρόνον·
2790 706 3100 781 μνημονεύει
3143 706 3243 786 γὰρ
3270 713 3361 779 τῆς

154 795 539 873 ρηλλαγμένον
555 794 690 871 ἔχειν
716 794 923 859 ἐποίησε
944 795 1139 870 νόμιμα
1166 795 1292 871 πρὸς
1312 793 1379 851 τὰ
1411 798 1513 851 τῶν
1557 794 1727 850 ἄλλων

1813 799 2143 876 Πτολεμαίου
2175 797 2296 875 περὶ
2321 797 2496 862 Γάζαν
2517 794 2646 872 πρὸς
2670 794 2970 872 Δημήτριον
3008 792 3197 872 μάχης·
3229 794 3364 870 αὕτη

154 880 479 961 ἀνθρώπων.
536 879 691 939 Κατὰ
744 879 799 937 δὲ
828 879 916 946 τὰς
959 880 1172 957 ὕστερον
1220 879 1496 957 γενομένας
1521 881 1728 956 ἐπικρα·
1807 885 1861 942 δὲ
1885 885 2090 964 γέγονεν
2110 882 2369 962 ἑνδεκάτῳ
2394 879 2487 955 μὲν
2516 880 2619 938 ἔτει
2637 885 2725 950 τῆς
2745 879 3074 958 Ἀλεξάνδρου
3099 884 3364 953 τελευτῆς,

152 969 295 1034 τείας
330 972 393 1026 ἐκ
418 971 521 1037 τ’ἥς
549 970 650 1023 τῶν
675 966 975 1047 ἀλλοφύλων
1017 964 1270 1042 ἐπιμιξίας
1291 966 1375 1023 ἐπί
1398 988 1456 1022 τε
1494 969 1585 1034 τ’ἧς
1620 968 1722 1021 τῶν

160 1058 385 1133 Περσῶν
408 1053 697 1129 ἡγεμονίας
715 1053 804 1110 καὶ
827 1056 926 1110 τῶν
956 1052 1149 1122 ταύτην
1175 1053 1579 1110 καταλυσάντων
1606 1053 1725 1109 Μα·

157 1141 383 1198 κεδόνων
432 1141 612 1197 πολλὰ
648 1145 752 1198 τῶν
791 1140 1022 1218 πατρίων
1060 1147 1164 1204 τοῖς
1191 1137 1453 1203 Ἰουδαίοις
1492 1138 1725 1212 νομίμων

158 1227 391 1298 ἐκινήθη.
416 1226 559 1303 Περὶ
590 1226 683 1300 μὲν
707 1229 807 1282 τῶν
831 1226 1094 1284 Ἰουδαίων
1114 1225 1394 1290 Ἑκαταῖος
1423 1229 1451 1282 ὁ
1472 1223 1727 1293 Μιλήσιος

165 1316 332 1390 (deb.
368 1312 715 1392 Ἀὅδηρίτης)
742 1318 908 1369 ταῦτα
937 1312 1227 1389 ἱστόρηκεν.

240 1404 569 1458 Hecataeum
584 1403 860 1456 Milesium
888 1401 1158 1454 confundi
1184 1420 1313 1455 cum
1342 1401 1610 1456 Abderita
1638 1400 1724 1453 vel

163 1509 230 1544 ex
267 1491 334 1544 iis
362 1509 495 1562 quae
545 1489 617 1543 de
648 1487 1019 1542 Macedonum
1060 1488 1404 1559 temporibus
1443 1488 1725 1552 dicuntur,

162 1577 286 1631 luce
309 1578 526 1630 clarius
544 1586 642 1631 est⁴
660 1578 722 1630 V.
753 1576 1075 1646 Wesseling.
1099 1573 1172 1628 ad
1195 1575 1253 1630 h.
1277 1575 1317 1628 l.
1344 1574 1529 1629 Alium
1549 1592 1724 1646 quen-

166 1666 291 1719 dam
310 1667 645 1719 Hecataeum
675 1663 947 1717 Milesium
964 1703 979 1729 ,
1011 1661 1291 1716 Abderitae
1315 1679 1610 1734 supparem
1638 1663 1724 1715 in·

167 1752 336 1824 telligi
405 1751 597 1804 voluit
669 1750 935 1816 Zornius3
1001 1748 1155 1819 quod
1215 1749 1342 1818 jure
1395 1759 1725 1820 respuerunt

166 1838 567 1910 Wesselingius
613 1838 653 1892 l.
681 1837 715 1890 l.
741 1845 795 1889 et
826 1835 1128 1889 Creuzerus
1159 1837 1243 1888 De
1270 1837 1463 1891 Hecat.
1508 1834 1722 1888 Milesio

165 1942 218 1994 p.
247 1923 338 1979 35.
371 1924 458 1979 Cf.
488 1925 687 1995 Heyne
709 1924 793 1977 De
820 1921 985 1975 fontt.
1013 1920 1253 1974 Diodori
1293 1939 1353 1992 p.
1386 1921 1688 1974 LXXXIX
1706 1959 1722 1986 ,

168 2010 252 2065 ed.
286 2013 407 2084 Bip.
457 2040 531 2051 —-
576 2010 832 2065 Ceterum
880 2008 1248 2080 fragmentum
1299 2007 1370 2061 de
1409 2006 1613 2061 Judaeis
1660 2007 1720 2060 in

172 2099 513 2170 AEgyptiacis
530 2099 720 2151 locum
739 2097 989 2151 habuisse
1004 2097 1197 2150 monui
1214 2097 1272 2149 in
1288 2095 1721 2150 introductione.

170 2184 507 2254 Subjicimus
536 2183 844 2258 fragmenta
865 2184 937 2239 de
959 2183 1163 2238 Judaeis
1181 2224 1196 2251 ‚
1228 2200 1352 2255 quae
1374 2201 1405 2237 e
1450 2182 1714 2238 Pseudo-

172 2271 425 2327 Hecataeo
453 2271 624 2327 affert
648 2272 936 2344 Josephus.

615 2425 874 2483 wlffino
887 2424 1129 2481 ΕΚΑΤΑ
1140 2425 1285 2482 ΙΟΣ.

652 2586 829 2642 ΠΕΡΙ
864 2584 1243 2641 ΙΟΥΔΛΙΩΝ.

909 2737 994 2795 14.

249 2878 524 2950 Iosephus
551 2877 612 2931 C.
641 2877 846 2948 Apion.
876 2877 923 2942 Ι,
957 2895 1028 2929 22
1055 2895 1067 2929 :
1091 2871 1373 2936 Ἑκαταῖος
1397 2872 1451 2931 δὲ
1480 2878 1507 2932 6
1537 2872 1719 2943 Ἀὅδη-

183 2960 338 3037 ρίτης,
362 2961 494 3041 ἀνὴρ
524 2961 801 3041 φιλόσοφος
844 2958 955 3033 ἅμα
985 2959 1075 3018 καὶ
1102 2961 1222 3038 περὶ
1250 2959 1340 3026 τὰς
1366 2960 1575 3038 πράξεις
1600 2963 1716 3016 ἱκα-

183 3047 412 3119 νώτατος,
443 3046 761 3125 Ἀλεξάγδρῳ
784 3050 858 3126 τῷ
884 3050 1089 3124 βασιλεῖ
1107 3046 1445 3122 συνακμάσας
1466 3047 1555 3103 καὶ
1580 3049 1717 3105 Hro-

178 3135 371 3213 λεμαίῳ
410 3138 489 3212 τῷ
531 3135 713 3210 Λάγου
750 3134 1115 3210 συγγενόμενος
1155 3137 1212 3193 οὗ
1253 3135 1552 3213 παρέργως,
1590 3133 1725 3191 ἀλλὰ

182 3220 291 3298 περὶ
327 3222 495 3279 αὐτῶν
525 3221 793 3280 Ἰουδαίων
822 3221 1143 3301 συγγέγραφε
1175 3219 1398 3300 βιόλίον,
1426 3219 1476 3288 ἐξ
1500 3211 1556 3278 οὗ
1602 3219 1724 3296 βού-

183 3385 395 3436 eliderent
412 3389 734 3450 pauperiores,
753 3391 1036 3450 gentemque
1053 3387 1317 3449 redigerent
1330 3387 1389 3436 ad
1409 3387 1712 3449 paucitatem.

185 3467 436 3524 (inhiberis
467 3469 659 3530 insuper
690 3467 948 3517 educandis
977 3469 1033 3516 ut
1055 3480 1250 3528 operam
1283 3465 1483 3528 darent,
1516 3465 1717 3526 regionis

185 3544 509 3595 inhabitatores
542 3546 697 3608 coegit
740 3567 750 3596 ι
792 3559 1038 3608 quumque
1075 3547 1248 3608 exiguo
1283 3548 1475 3607 sumptu
1514 3544 1718 3593 infantes

187 3622 378 3684 alantur,
410 3639 598 3686 semper
634 3625 916 3675 ludaeorum
953 3626 1083 3675 natio
1120 3624 1427 3674 multitudine
1466 3624 1715 3672 hominum

186 3704 336 3762 viguit.
398 3705 537 3761 Quod
565 3704 625 3753 ad
657 3705 957 3753 matrimonia
988 3707 1038 3753 et
1068 3707 1368 3753 mortuorum
1399 3701 1718 3762 funerationes

187 3778 370 3840 attinet,
408 3784 461 3830 ut
493 3795 595 3830 sum
630 3797 659 3829 a
692 3783 962 3830 ceterorum
981 3782 1229 3829 hominum
1261 3781 1444 3842 legibus
1472 3778 1717 3826 differrent

188 3857 453 3918 plurimum,
489 3861 616 3908 fecit.
682 3861 907 3910 ceterum
938 3860 1029 3908 sub
1057 3859 1267 3921 imperiis
1296 3857 1544 3920 posteriori
1575 3859 1718 3905 aetate

189 3935 378 3996 exortis,
399 3938 446 3985 in
480 3941 730 3987 Persarum
763 3938 1036 3998 dominatu,
1066 3941 1115 3986 et
1140 3938 1224 3999 qui
1256 3937 1384 3984 hunc
1410 3937 1715 3993 everterunt,

189 4011 482 4062 Macedonum
502 4051 515 4074 ,
539 4029 602 4063 ex
628 4014 965 4063 commixtione
982 4027 1095 4062 cum
1113 4013 1320 4062 externis
1332 4013 1550 4074 gentibus
1566 4010 1718 4060 multa

188 4084 241 4132 de
262 4087 406 4149 legum
430 4093 665 4139 avitarum
688 4090 918 4139 institutis
938 4091 1065 4152 apud
1082 4090 1276 4139 Judaeos
1298 4091 1483 4141 mutata
1503 4088 1715 4138 exoleve-

195 4165 313 4212 runt.
338 4169 404 4214 De
422 4168 601 4217 Judaeis
625 4169 727 4216 ha’c
749 4168 960 4218 narravit
980 4170 1230 4218 Hecataeus
1248 4166 1501 4218 Abderita.

567 4321 647 4377 ΡΒ
657 4321 747 4379 EU
759 4320 939 4379 DO-il
951 4319 1325 4380 ECATAEUS.

728 4492 822 4549 DE
858 4489 1164 4549 JUDAEIS.

902 4599 985 4648 14.

240 4694 496 4749 flecataeus
506 4699 747 4760 Abderita,
764 4699 837 4746 vir
855 4710 951 4746 non
966 4695 1108 4744 modo
1125 4691 1448 4756 philosophus,
1475 4693 1556 4742 sed
1577 4693 1721 4741 etiam

202 4768 329 4819 rebus
350 4775 553 4834 gerendis
579 4777 864 4838 aptissimus,
879 4773 1135 4825 Alexandri
1166 4772 1285 4833 regis
1314 4771 1511 4833 aequalis
1543 4774 1591 4819 et
1609 4783 1721 4818 cum

206 4846 439 4900 Ptolemaeo
458 4855 567 4916 Lagi
603 4855 936 4912 conversatus,
976 4864 1072 4899 non
1103 4850 1257 4899 obiter
1302 4851 1394 4908 (sc.
1440 4848 1721 4898 Jndoeorum

208 4928 467 4992 meminit),
492 4934 573 4983 sed
611 4934 673 4982 de
711 4932 890 4982 Judaeis
932 4931 1047 4992 ipsis
1092 4929 1267 4978 librum
1307 4929 1617 4990 conscripsit,
1662 4941 1724 4976 ex

207 5011 294 5060 (luo
312 5005 410 5054 volo
434 5011 703 5059 summatim
722 5009 944 5072 quaedam
975 5018 1143 5056 eorum
1165 5017 1273 5066 quae
1294 5005 1356 5054 ab
1387 5018 1444 5052 eo
1465 5007 1580 5053 sunt
1598 5004 1723 5053 dicta

209 5089 491 5137 percurrere:
511 5089 810 5150 primumque
828 5091 1018 5148 tempus
1028 5083 1294 5133 ostendam.
1360 5083 1577 5133 Meminit
1598 5084 1724 5132 euim

1807 974 1893 1030 ἐπὶ
1912 973 1967 1030 δὲ
1990 971 2346 1049 Ὀλυμπιάδος
2361 968 2586 1044 ἑὸδόμης
2602 967 2693 1025 καὶ
2714 966 2934 1038 δεκάτης
2951 967 3042 1025 καὶ
3056 971 3363 1039 ἑκατοστῆς,

1805 1065 1874 1126 ὼς
1900 1061 2097 1139 ἱστορεῖ
2126 1059 2376 1135 Κάστωρ.
2419 1054 2671 1135 Προσθεὶς
2692 1054 2793 1134 γὰρ
2821 1054 3015 1125 ταύτην
3036 1053 3129 1124 τὴν
3158 1054 3363 1130 Ὀλυμ-

1804 1146 1966 1205 πιάδα
1997 1147 2152 1226 φησὶν
2172 1191 2188 1218 ,
2220 1144 2348 1204 Ἐπὶ
2377 1143 2570 1215 ταύτης
2602 1143 2929 1217 Πτολεμαῖος
2951 1145 2978 1198 6
3015 1140 3191 1217 Λάγου
3222 1141 3363 1198 ἐνίκα

1805 1233 1941 1291 κατὰ
1969 1235 2143 1301 Γάζαν
2165 1232 2314 1309 μάχῃ
2339 1230 2641 1308 Δημήτριον
2664 1229 2752 1287 τὸν
2774 1228 3062 1305 Ἀντιγόνου
3082 1273 3098 1304 ,
3127 1228 3214 1286 τὸν
3242 1232 3362 1287 ἐπι-

1806 1319 2061 1390 κληθέντα
2091 1318 2476 1396 Πολιορκητήν.
2506 1343 2529 1369 ·
2555 1316 2880 1394 Ἀλέξανδρον
2905 1314 2957 1373 δὲ
2973 1315 3213 1373 τεθνάναι
3230 1316 3364 1372 πάν-

1805 1430 1889 1473 τες
1903 1408 2238 1482 ὁμολογοῦσιν
2264 1404 2349 1462 ἐπὶ
2376 1409 2465 1474 τῆς
2492 1406 2774 1474 ἑκατοστῆς
2799 1401 3366 1480 τεσσαρεσκαιδεκάτης

1808 1494 2183 1562 Ὀλυμπιάδος.
2216 1493 2385 1561 Δῆλον
2412 1482 2499 1549 οῧν
2519 1489 2596 1547 ὅτι
2625 1490 2713 1548 καὶ
2746 1492 2860 1547 κατ’
2895 1491 3083 1547 ἐκεῖνον
3113 1490 3201 1547 καὶ
3233 1488 3370 1545 κατὰ

1813 1570 2137 1649 Ἀλέξανδρον
2177 1571 2408 1645 ἤκμαζεν
2447 1575 2597 1646 ἡμῶν
2642 1572 2701 1628 τὸ
2741 1570 2898 1636 ἔθνος.
2985 1571 3140 1640 Λέγει
3189 1574 3360 1629 τοίνυν

1812 1659 1840 1713 6
1866 1656 2143 1723 Ἑκαταῖος
2161 1658 2319 1716 πάλιν
2339 1658 2490 1730 τάδε,
2511 1657 2591 1715 ὅτι
2615 1684 2638 1708 κ
2663 1656 2795 1731 μετὰ
2812 1655 2904 1727 τὴν
2929 1662 2979 1716 ἐν
3009 1660 3149 1735 Γάζῃ
3178 1658 3357 1735 μάχην

1810 1748 1839 1802 6
1870 1746 2192 1820 Πτολεμαῖος
2220 1745 2420 1821 ἐγένετο
2458 1747 2560 1801 τῶν
2591 1743 2710 1823 περὶ
2739 1744 2935 1823 Συρίαν
2971 1744 3142 1801 τόπων
3167 1747 3358 1822 ἐγκρα-

1810 1830 1926 1902 τής·
1974 1832 2063 1889 καὶ
2113 1831 2295 1890 πολλοὶ
2350 1834 2451 1887 τῶν
2504 1830 2792 1909 ἀνθρώπων
2848 1831 3217 1906 πυνθανόμενοι
3265 1831 3361 1900 τὴν

1810 1917 2071 1988 ἠπιότητα
2112 1916 2201 1974 καὶ
2244 1915 2628 1994 φιλανθρωπίαν
2673 1922 2762 1974 τοῦ
2809 1915 3167 1991 Πτολεμαίου,
3210 1938 3364 1972 συνα-

1812 2003 2015 2081 παίρειν
2045 2008 2114 2069 εἰς
2138 2002 2400 2079 Αἴγυπτον
2423 2003 2566 2080 αὐτῷ
2593 2001 2683 2058 καὶ
2709 2010 2966 2059 κοινωνεῖν
2994 2005 3094 2058 τῶν
3114 2002 3365 2080 πραγμά-

1811 2113 1913 2147 των
1939 2090 2324 2160 ἠὸουλήθησαν.
2345 2078 2453 2147 ἶὯν
2474 2078 2545 2154 εἷς
2563 2078 2649 2162 ἦν,
2670 2087 2842 2166 φησὶν,
2868 2086 3107 2154 Ἐζεκίας
3134 2091 3161 2145 6
3181 2090 3364 2165 ἀρχιε-

1815 2177 1927 2254 ρεὺς
1966 2179 2067 2234 τῶν
2118 2175 2401 2245 Ἰουδαίων,
2451 2172 2715 2253 ἄνθρωπος
2762 2173 2856 2243 τὴν
2896 2174 2990 2247 μὲν
3040 2173 3245 2243 ἡλικίαν
3295 2179 3366 2242 ὡς

1812 2261 2061 2333 ἑξήκοντα
2086 2261 2139 2330 ἓξ
2167 2265 2313 2335 ἐτῶν,
2339 2265 2413 2340 τῷ
2436 2262 2480 2318 δ’
2511 2260 2766 2336 ἀξιώματι
2789 2264 2863 2339 τῷ
2886 2260 3030 2338 παρὰ
3057 2264 3161 2327 τοῖς
3187 2262 3365 2336 ὃμοέθ-

1812 2371 1913 2414 νοις
1937 2348 2100 2425 μέγας
2127 2349 2214 2406 καὶ
2242 2348 2335 2417 τὴν
2365 2346 2539 2427 ψυχὴν
2568 2350 2660 2404 οὐκ
2704 2346 2948 2421 ἀνόητος,
2979 2346 3052 2404 ἔτι
3086 2347 3138 2404 δὲ
3161 2352 3249 2405 καὶ
3277 2348 3361 2405 λέ-

1813 2460 1919 2513 γειν
1965 2438 2174 2501 δυνατὸς
2213 2436 2302 2494 καὶ
2330 2437 2458 2513 [τοῖς
2502 2434 2648 2511 περὶ]
2695 2437 2797 2491 τῶν
2831 2433 3175 2513 πραγμάτων,
3217 2433 3363 2511 εἴπερ

1811 2547 1889 2590 τις
1914 2524 2065 2589 ἄλλος
2086 2567 2101 2594 ,
2140 2522 2409 2600 ἔμπειρος·
2454 2521 2651 2591 καίτοι,
2689 2519 2865 2596 φησὶν,
2903 2522 2950 2577 ot
2984 2519 3171 2585 πάντες
3214 2522 3363 2598 ἱερεῖς

1810 2614 1912 2668 τῶν
1939 2609 2219 2680 Ἰουδαίων,
2243 2612 2290 2667 ot
2317 2607 2409 2679 τὴν
2439 2606 2660 2679 δεκάτην
2691 2612 2791 2664 τῶν
2827 2607 3105 2685 γινομένων
3143 2606 3360 2681 λαμὸά-

1811 2721 1980 2762 νοντες
1995 2741 2011 2770 ,
2043 2696 2132 2754 καὶ
2159 2696 2227 2752 τὰ
2249 2694 2395 2753 κοινὰ
2416 2696 2718 2758 διοικοῦντες
2734 2741 2749 2766 ,
2768 2693 2888 2771 περὶ
2909 2691 3106 2770 χιλίους
3133 2692 3360 2768 μάλιστα

1812 2784 1901 2842 καὶ
1926 2781 2292 2848 πεντακοσίους
2319 2782 2469 2840 εἰσίν.
2509 2809 2531 2832 υ
2577 2780 2743 2841 Πάλιν
2785 2780 2839 2837 δὲ
2869 2785 2955 2837 τοῦ
2986 2779 3361 2856 προειρημένου

1815 2870 2152 2948 μνημονεύων
2194 2870 2406 2949 ἀνδρὸς,
2438 2896 2461 2919 κ
2493 2860 2691 2938 Οὗτος,
2722 2867 2896 2947 φησὶν,
2926 2870 2954 2923 6
2985 2865 3246 2946 ἄνθρωπος
3272 2890 3363 2925 τε-

1812 2956 2005 3036 τευχὼς
2031 2962 2123 3028 τῆς
2149 2962 2302 3028 τιμῆς
2328 2956 2517 3027 ταύτης
2545 2955 2635 3014 καὶ
2659 2954 2882 3024 συνήθης
2908 2957 3035 3028 ἡμῖν
3063 2952 3329 3029 γενόμενος
3346 2999 3361 3026 ,

1813 3043 2137 3124 παραλαὸὠν
2156 3067 2292 3109 τινας
2308 3047 2411 3101 τῶν
2432 3043 2541 3118 μεθ’
2560 3046 2771 3112 ἑαυτοῦ,
2791 3041 2884 3110 τὴν
2901 3039 3146 3119 διαφορὰν
3166 3039 3363 3116 ἀνέγνω

1815 3141 1989 3190 πᾶσαν
2020 3134 2220 3207 αὐτοῖς,
2251 3124 2360 3210 εἶχε
2388 3129 2488 3209 γὰρ
2515 3129 2608 3199 τὴν
2636 3127 2935 3198 κατοίκησιν
2967 3128 3132 3184 αὐτῶν
3157 3127 3246 3184 καὶ
3268 3125 3362 3197 τὴν

1816 3218 2079 3276 πολιτείαν
2097 3217 2488 3298 γεγραμμένην.
2521 3243 2544 3268 ι·
2573 3207 2706 3276 Εἶτα
2727 3214 3006 3280 Ἑκαταῖος
3033 3215 3178 3285 δηλοῖ
3205 3213 3360 3272 πάλιν

1807 3386 2093 3446 Alexandri,
2126 3384 2406 3447 olympiade
2449 3397 2562 3433 vero
2595 3396 2724 3432 cxvii
2747 3416 2761 3441 ,
2793 3380 2934 3430 sicuti
2979 3383 3144 3430 narrat
3173 3384 3342 3430 Castor

1804 3463 2029 3524 Apposita
2059 3462 2186 3511 enim
2214 3462 2304 3510 bac
2333 3459 2643 3522 olympiade,
2676 3458 2791 3507 dicit
2831 3477 2843 3506 ι
2880 3477 2904 3500 ει
2939 3458 3040 3506 Sub
3068 3458 3157 3506 liac
3184 3457 3343 3506 Ptole-

1804 3553 1958 3590 maeus
1981 3539 2088 3601 Lagi
2111 3540 2238 3589 circa
2265 3542 2439 3589 Gazam
2474 3536 2639 3598 praelio
2669 3535 2912 3596 superavit
2938 3534 3232 3584 Demetrium
3257 3541 3354 3584 An·

1804 3619 1980 3680 tigoni,
2022 3617 2106 3680 qui
2145 3616 2408 3666 vocabatur
2441 3615 2740 3664 Poliorcetes.
2777 3633 2799 3655 »v
2878 3612 3203 3662 Alexandrum
3243 3626 3357 3660 vero

1805 3698 2067 3756 agnoscunt
2089 3694 2293 3742 universi
2317 3691 2595 3754 Olympiade
2615 3700 2725 3739 cxiv
2748 3703 2776 3738 e
2798 3689 2896 3737 vita
2926 3688 3204 3740 excessisse.
3267 3691 3355 3737 Pa-

1806 3775 1900 3824 lam
1922 3787 2032 3834 ergo
2059 3772 2279 3835 estquod
2305 3774 2354 3819 et
2371 3770 2498 3819 illius
2527 3772 2740 3830 tempore
2767 3771 2817 3817 et
2839 3768 2929 3815 sub
2960 3766 3226 3817 Alexandro
3244 3779 3358 3826 gens

1806 3853 1969 3900 nostra
1987 3849 2216 3916 floruerit.
2278 3849 2425 3909 Igitur
2443 3850 2698 3896 Hecataeus
2714 3859 2855 3907 porro
2879 3845 2983 3893 haec
3002 3843 3118 3892 dicit
3140 3858 3152 3890 τ
3181 3862 3205 3885 «ι
3239 3846 3351 3891 Pto-

1806 3927 2030 3976 lemanum
2048 3929 2154 3989 post
2171 3925 2386 3988 praelium
2407 3925 2456 3972 iu
2475 3928 2654 3972 Gazam
2686 3924 2902 3971 locorum
2929 3922 2980 3968 in
3011 3919 3147 3980 Syria
3175 3921 3356 3968 sactum

1807 4017 1908 4054 esse
1952 4006 2251 4065 compotum
2301 4013 2622 4061 magnumque
2662 3999 2908 4047 hominum
2955 4007 3235 4054 numerum,
3274 4007 3359 4041 co-

1806 4084 1938 4148 gnita
1963 4082 2204 4132 Ptolemaei
2239 4078 2599 4129 mansuetudine
2633 4079 2683 4126 et
2716 4074 2993 4133 clementia,
3023 4086 3135 4120 cum
3168 4086 3226 4120 eo
3255 4085 3359 4133 pro·

1809 4160 1991 4208 fectum
2026 4172 2128 4208 esse
2173 4159 2222 4206 in
2257 4159 2544 4218 AEgyptum,
2581 4168 2639 4203 eo
2678 4155 2866 4213 auimo,
2900 4154 2954 4199 ut
2996 4161 3154 4197 rerum
3188 4161 3358 4209 geren-

1808 4237 1980 4285 darum
2023 4236 2277 4298 participes
2320 4232 2505 4281 fierent.
2587 4234 2803 4288 Quorum
2849 4239 3000 4285 unus,
3034 4224 3216 4285 inquit,
3255 4226 3359 4272 erat

1807 4316 2001 4364 Ezecias
2032 4313 2246 4375 pontifex
2284 4311 2565 4361 Judaeorum
2593 4328 2604 4358 :
2643 4309 2787 4356 homo
2817 4307 2962 4355 aetate
2999 4301 3194 4364 quidem
3222 4304 3359 4363 quasi

1808 4405 2043 4440 annorum
2084 4402 2201 4438 uvi
2219 4425 2233 4449 ,
2255 4388 2484 4448 dignitate
2519 4399 2634 4434 vero
2663 4383 2791 4444 apud
2821 4381 3076 4444 populares
3105 4391 3218 4426 suos
3257 4392 3361 4430 ma·

1808 4482 1955 4529 guuS,
1980 4471 2028 4517 et
2057 4466 2202 4515 animi
2238 4463 2470 4526 sapientia
2504 4475 2597 4510 uon
2623 4458 2848 4509 mediocri
2867 4495 2880 4517 ‚
2915 4459 2963 4505 et
2986 4454 3174 4503 dicendi
3201 4454 3358 4502 sacul-

1809 4548 1907 4594 tate
1924 4545 2131 4607 pollens,
2152 4545 2228 4603 et,
2248 4540 2288 4589 si
2318 4539 2426 4600 quis
2441 4538 2593 4596 alius,
2629 4548 2789 4584 rerum
2826 4532 3034 4595 peritus:
3055 4542 3330 4590 quanquam
3347 4565 3361 4590 ,

1812 4627 1865 4672 ut
1891 4624 1988 4682 ait,
2014 4634 2181 4672 omnes
2218 4617 2498 4669 Judaeorum
2524 4613 2791 4664 sacerdotes
2808 4648 2823 4672 ,
2847 4609 2930 4672 qui
2961 4607 3169 4656 decimas
3198 4606 3246 4654 in
3285 4606 3362 4654 lu·

1789 4691 1913 4751 'cem
1933 4701 2170 4750 editorum
2204 4695 2470 4757 accipiunt,
2498 4695 2548 4742 et
2574 4705 2648 4741 res
2681 4692 2729 4740 in
2748 4687 2989 4739 communi
3019 4684 3194 4746 positas
3212 4683 3364 4731 admi-

1812 4780 2040 4838 nistrant,
2059 4776 2190 4824 mille
2215 4784 2381 4822 omnes
2412 4773 2464 4819 et
2488 4767 2735 4833 quingenti
2760 4766 2873 4816 siut.
2901 4782 2926 4805 n
3000 4763 3182 4809 Rursus
3201 4763 3364 4807 antem

1812 4855 1899 4903 viri
1917 4855 2016 4915 jam
2041 4851 2218 4901 laudati
2245 4847 2536 4898 mentionem
2568 4846 2771 4904 faciens,
2803 4861 2828 4884 n
2859 4839 2970 4889 nic,
2997 4834 3177 4896 inquit,
3217 4834 3366 4888 homo

1812 4933 1939 4981 liunc
1972 4932 2201 4978 honorem
2253 4926 2563 4984 assequutus,
2610 4923 2858 4979 factusque
2903 4912 3040 4962 nobis
3090 4910 3366 4966 familiaria,

1813 5007 1892 5055 ubi
1922 5003 2153 5067 quomam
2173 5015 2201 5050 e
2216 4999 2315 5049 suis
2345 4999 2690 5059 assumpserat,
2713 4988 3033 5042 differentiam
3058 4996 3252 5068 omnem
3273 4983 3368 5031 illis

1811 5082 2061 5144 exposuit,
2104 5082 2153 5127 et
2188 5074 2528 5125 habitationem
2576 5083 2744 5121 eorum
2778 5069 2828 5117 et
2859 5063 3052 5114 civilem
3093 5061 3361 5119 rationem,

211 5157 345 5214 l’faelii
372 5173 462 5221 quo
487 5166 607 5214 circa
639 5168 817 5215 Gazam
840 5163 1057 5213 conflixit
1092 5163 1376 5213 Ptolemaeus
1408 5175 1521 5210 cum
1544 5165 1720 5211 Deme·
1810 5173 1957 5223 quam
1988 5157 2210 5217 scriptam
2244 5149 2478 5209 babebat,
2503 5149 2676 5211 pariter
2717 5140 2964 5193 indicavit.
2991 5157 3013 5179 υ
3078 5132 3260 5182 Deinde
3282 5147 3366 5193 lffl·

214 5231 294 5287 irio
317 5252 329 5282 t
354 5236 465 5291 illud
488 5255 596 5292 vero
621 5242 815 5307 contigit
842 5241 1096 5292 undecimo
1130 5238 1325 5303 quidem
1356 5251 1482 5289 anno
1503 5251 1530 5286 a
1564 5241 1718 5288 morte
1811 5238 1908 5286 lam
1935 5235 2042 5283 lacit
2069 5233 2343 5287 Hecataeus,
2369 5239 2480 5289 erga
2508 5226 2629 5288 leges
2652 5222 2857 5285 qualiter
2884 5213 3073 5265 nosmet
3098 5210 3336 5257 habemus
3352 5245 3366 5268 ,
