3900 6042
508 500 622 553 4⁷2

506 620 787 697 Ἰδομενεὺς
807 622 895 680 καὶ
910 628 1092 704 Δοῦρις
1111 624 1396 701 εἰρήκασιν,
1412 624 1551 683 ὀκτὼ
1571 627 1643 702 δ’,
1659 629 1728 691 ὣς
1754 630 1801 684 οἱ
1825 630 2060 686 πλεῖστοι

505 708 595 765 καὶ
615 709 958 785 δοκιμώτατοι
982 714 1083 769 τῶν
1106 712 1444 794 συγγραφέων
1467 712 1679 786 τούσδε,
1703 714 2059 789 Δημοσθένην,

507 794 855 869 Πολύευκτον,
902 798 1205 878 Ἐφιάλτην,
1238 805 1553 880 Λυκοῦργον,
1582 800 1913 881 Μοιροκλέα,
1950 800 2058 870 Δή·

505 906 655 957 μωνα
674 928 690 960 ,
718 887 1096 957 Καλλισθένην,
1126 887 1448 966 Χαρίδημον.

582 976 811 1041 Novem,
851 995 944 1049 ap.
980 978 1199 1035 Arrian.
1238 979 1293 1045 Ι,
1329 996 1419 1045 ιο,
1466 996 1529 1047 73
1560 979 1770 1044 decem,
1814 977 2055 1032 Diodor.

502 1061 721 1128 XVIII,
757 1062 819 1131 53
847 1062 1042 1118 decem
1070 1066 1235 1118 etiam
1264 1064 1459 1119 Suidas
1485 1084 1538 1120 v.
1576 1061 1906 1139 Ἀντίπατρος
1939 1081 2062 1135 Ρο-

500 1148 730 1203 smlatos
756 1151 827 1204 ab
854 1154 1145 1224 Antipatro
1166 1152 1354 1222 refert,
1376 1152 1473 1206 sed
1494 1151 1758 1206 undecim
1781 1161 2052 1206 recenset.

504 1233 589 1305 (V.
610 1246 727 1290 not.
745 1236 817 1289 ad
843 1238 1038 1311 fragm.
1064 1238 1369 1295 Aristobul.
1399 1256 1421 1291 ι
1437 1234 1474 1311 .)
1498 1238 1676 1309 Major
1697 1238 1861 1292 etiam
1885 1239 1942 1291 in
1955 1256 2053 1290 no·

500 1322 745 1376 minibus
763 1326 1013 1380 varietas.
1036 1350 1058 1371 «
1088 1323 1366 1397 Equidem
1390 1334 1644 1379 oratores
1666 1342 1808 1396 quos
1826 1325 2058 1396 Antipa-

500 1418 588 1462 ter
600 1409 899 1481 postulavit
912 1410 1064 1464 haud
1083 1428 1291 1483 paucos
1308 1429 1544 1465 numero
1568 1409 1797 1482 (Polyb.
1817 1410 1921 1476 IX,
1950 1410 2052 1482 29)

502 1512 628 1548 cum
651 1496 715 1549 iis
733 1496 939 1568 opinor
952 1514 1064 1551 esse
1084 1496 1359 1564 confusos,
1376 1515 1620 1568 quorum
1641 1495 2054 1550 damnationem

501 1581 819 1637 Alexander
840 1584 1042 1656 exegit.
1083 1609 1105 1631 υ
1139 1583 1470 1655 Bernhardy
1497 1582 1570 1638 ad
1597 1581 1753 1638 Suid.
1785 1583 1820 1636 1.
1850 1581 1889 1634 l.
1920 1580 1935 1658 (
1965 1582 2051 1635 De

500 1669 796 1741 Antipatro
824 1688 878 1722 v.
906 1670 1162 1742 Spengel.
1203 1668 1396 1744 Συναγ.
1427 1689 1569 1745 τεχν.
1602 1687 1659 1741 p.
1703 1687 1770 1722 2ι
1788 1687 1807 1722 1
1828 1711 1843 1735 ,
1875 1666 1988 1720 226
2009 1665 2051 1741 ).

499 1754 713 1824 Quodsi
750 1766 858 1823 est,
900 1756 1162 1810 minimus
1188 1773 1453 1811 numerus
1483 1754 1707 1810 videtur
1747 1755 2056 1809 verissimus

500 1858 635 1896 esse.
664 1842 862 1914 Neque
887 1853 1070 1897 tamen
1096 1852 1309 1896 constat
1330 1843 1434 1895 sibi
1459 1842 1809 1910 Plutarchus,
1830 1842 1888 1895 in
1911 1841 2056 1896 Pho·

500 1927 648 1981 eion.
676 1945 723 1979 c.
755 1945 820 1995 ¹7
842 1926 1189 2000 Hyperidem
1208 1929 1529 1996 nominem,
1559 1945 1725 2000 quem
1747 1928 1893 1983 inter
1918 1937 2051 1983 octo

499 2021 693 2064 nostro
718 2012 845 2066 loco
874 2015 1172 2068 recensitos
1201 2017 1427 2069 omittit.

1232 2173 1319 2210 10.

579 2289 858 2346 Plutarch.
890 2291 1047 2345 Alex.
1078 2310 1124 2345 c.
1159 2290 1225 2345 15
1256 2312 1267 2345 :
1294 2293 1408 2360 Τῆς
1429 2291 1485 2347 δὲ
1508 2300 1751 2370 στρατιᾶς
1777 2290 1834 2349 τὸ
1858 2294 2051 2363 πλῆθος

498 2375 546 2430 οἱ
571 2370 665 2448 μὲν
692 2372 966 2451 ἐλάχιστον
994 2373 1226 2453 λέγοντες
1256 2376 1585 2457 τρισμυρίους
1614 2374 1795 2445 πεζοὺς
1817 2376 1907 2435 καὶ
1932 2399 2053 2435 πεν-

497 2458 850 2539 τακισχιλίους
874 2462 1082 2533 ἱππεῖς,
1110 2463 1157 2520 οἰ
1183 2461 1234 2520 δὲ
1263 2464 1504 2522 πλεῖστον
1527 2462 1707 2531 πεζοὺς
1743 2462 1836 2540 μὲν
1868 2485 2053 2540 τετρα-

496 2547 799 2626 κισμυρίους
826 2547 916 2606 καὶ
944 2549 1257 2628 τρισχιλίους
1273 2596 1289 2622 ,
1311 2549 1501 2617 ἱππέας
1533 2551 1587 2609 δὲ
1615 2551 2055 2631 τετρακισχιλίους

499 2633 903 2714 ἀναγράφουσιν.
925 2635 1164 2715 Ἐφόδιον
1180 2635 1232 2694 δὲ
1250 2636 1448 2704 τούτοις
1460 2639 1516 2695 οὗ
1531 2637 1685 2696 πλέον
1700 2636 2052 2713 ἑὸδομήκοντα

497 2720 765 2779 ταλάντοιν
804 2722 941 2799 ἔχειν
971 2722 1125 2781 αὐτὸν
1157 2723 1544 2803 Ἀριστόὸουλος
1589 2726 1676 2800 (sr.
1725 2727 1778 2801 ι)
1830 2727 2049 2803 ἱστορεῖ,

492 2812 679 2885 Δοῦρις
702 2807 755 2866 δὲ
783 2809 1060 2886 τριάκοντα
1088 2810 1242 2886 μόνον
1265 2813 1473 2889 ἡμερῶν
1506 2809 1802 2890 διατροφήν.

574 2897 654 2953 Cf.
687 2898 776 2955 ld.
809 2900 893 2953 De
920 2898 1133 2955 fortun.
1167 2901 1332 2957 Alex.
1364 2910 1507 2955 orat.
1549 2902 1605 2969 Ι,
1643 2919 1694 2955 c.
1739 2899 1802 2969 3,
1840 2920 1902 2973 p.
1938 2907 2048 2964 402

494 2982 687 3040 Didot.
719 3002 732 3037 :
754 2980 831 3041 Τὸ
853 2980 909 3038 δὲ
927 2982 1166 3060 λαμπρὸν
1195 2986 1336 3062 αὐτῷ
1355 2984 1449 3042 καὶ·
1465 2983 1599 3061 μέγα
1622 2984 2050 3064 παρασκευασθὲν

495 3067 594 3127 ὕπὸ
636 3070 730 3137 τῆς
770 3066 936 3146 τύχης
979 3070 1177 3148 ἐφόδιον
1207 3068 1564 3144 ἐὸδομήκοντα
1607 3071 1837 3128 τάλαντα
1864 3062 1947 3142 ἦν,
1982 3070 2051 3138 ὥς

494 3176 649 3234 φησιν
675 3153 1081 3232 Ἄριστόὸουλος·
1128 3159 1197 3222 ὥς
1238 3156 1293 3214 δὲ
1321 3159 1537 3235 Δοῦρις,
1583 3156 1860 3235 τριάκοντα
1897 3157 2049 3231 μόνον

492 3243 707 3320 ἡμερῶν
749 3240 1089 3316 ἐπισιτισμός.
1153 3246 1288 3316 Quae
1339 3246 1569 3319 quidem
1622 3265 1741 3301 non
1798 3259 2052 3321 pugnant

494 3333 641 3387 inter
665 3348 742 3388 se.
773 3330 861 3385 Id.
885 3330 1026 3385 ibid.
1055 3333 1141 3404 11,
1169 3351 1190 3385 1
1208 3351 1259 3401 1,
1279 3351 1340 3406 p.
1375 3340 1488 3408 419
1511 3333 1669 3390 Didt.
1699 3353 1713 3389 ι
1738 3330 1839 3391 Ἐκ
1865 3330 2047 3390 τούτου

494 3414 769 3491 διέὅαινεν,
799 3419 869 3481 ὡς
897 3413 993 3491 μὲν
1021 3415 1304 3496 Φύλαρχός
1334 3418 1433 3493 (fr.
1479 3439 1546 3490 71
1570 3417 1589 3496 )
1618 3441 1792 3498 φησιν,
1839 3424 2047 3498 ἡμερῶν

491 3502 770 3581 τριάκοντα
802 3502 936 3582 ἔχων
960 3503 1172 3581 ἐφόδιον·
1203 3507 1273 3570 ὥς
1302 3504 1347 3562 δ’
1374 3504 1788 3583 Ἀριστόὸουλος,
1817 3506 2049 3583 ἑὸδομή-

490 3610 651 3647 κοντα
678 3610 932 3650 ταλαντα.

572 3677 843 3732 Memoria
871 3679 1086 3751 lapsum
1116 3681 1471 3737 Plutarchum
1498 3700 1604 3754 pro
1627 3681 1842 3737 Duride
1862 3683 2048 3735 nomi-

491 3781 648 3820 nasse
675 3765 1046 3836 Phylarchum
1075 3776 1260 3822 censet
1288 3769 1605 3825 Hulleman.
1643 3769 2040 3824 Probabiliter.

493 3851 657 3907 Gent.
684 3853 862 3926 Epist.
895 3858 1015 3908 crit.
1041 3873 1099 3927 p.
1136 3873 1166 3921 7
1194 3872 1301 3927 pro
1323 3851 1607 3932 Φύλαρχος
1629 3846 2048 3930 Ισςσηᾶιιιιιριι·

494 3949 573 3993 tat
602 3936 941 4015 Κλείταρχος.
1032 4002 1042 4011 ,

1802 498 2108 559 numnis
2152 500 2368 560 SAMH

2493 679 2580 714 ιι.
2632 660 2748 734 (01.
2787 680 2912 730 ιιι,
2941 660 2994 716 3.
3020 680 3072 720 a.
3102 663 3165 718 C.
3202 663 3368 738 334.)

2226 780 2476 834 Clemens
2494 779 2584 835 Al.
2614 779 2821 834 Strom.
2846 781 2897 848 Ι,
2925 798 2985 852 Ρ.
3020 778 3130 849 337
3163 784 3212 835 Α
3243 800 3258 838 :
3285 778 3381 846 Ὡς
3402 781 3460 837 δὲ
3495 787 3708 861 Δοῦρις
3728 829 3744 853 ,

2149 862 2252 920 ἀπὸ
2278 861 2471 941 Τροίας
2508 862 2750 928 ἁλώσεως
2788 862 2875 921 ἐπὶ
2915 864 3010 934 τὴν
3049 863 3385 944 Ἀλεξάνδρου
3425 870 3506 935 εἰς
3551 870 3744 929 Ἀσίαν

2148 947 2387 1007 &deam
2415 948 2505 1020 ἔτη
2529 948 2698 1027 χίλια.
2730 951 2814 1007 Cf.
2841 952 3040 1026 fragm.
3069 955 3279 1010 Chron.
3310 976 3372 1030 p.
3413 976 3559 1013 122.
3591 963 3742 1016 Cum

2147 1038 2362 1094 Duride
2398 1039 2530 1094 facit
2561 1041 2795 1111 Timaeus
2827 1049 2882 1094 et
2906 1041 3286 1113 probabiliter
3312 1046 3493 1100 etiam
3521 1048 3738 1104 Clitar-

2148 1126 2304 1181 chus.

2224 1213 2443 1266 Tzetzes
2493 1212 2782 1267 Posthom.
2832 1229 2946 1284 779
2994 1214 3306 1269 secundum
3360 1219 3735 1274 Hellanieum

2147 1296 2166 1370 s
2178 1296 2248 1350 fr.
2289 1295 2419 1364 143,
2445 1296 2543 1349 ubi
2571 1295 2802 1372 vide)et
2816 1299 3093 1353 Dur-idem
3112 1301 3341 1372 Trojam
3358 1317 3595 1378 captam
3621 1326 3736 1362 ense

2145 1381 2283 1437 dicit
2306 1382 2397 1437 die
2427 1382 2763 1438 duodecima
2776 1387 2977 1440 mensis
2998 1385 3415 1460 Thargeliouis.
3433 1392 3533 1445 Sic
3559 1392 3732 1447 etiam

2144 1469 2336 1523 Dinias
2379 1469 2465 1523 vel
2507 1470 2808 1542 Dionysius
2837 1472 3095 1545 Argivus.
3127 1472 3212 1531 Cf.
3243 1485 3370 1531 not.
3401 1476 3480 1531 ad
3512 1479 3726 1536 Mai-m.

2144 1556 2270 1612 Par.
2302 1573 2396 1628 ep.
2441 1561 2544 1623 24,
2589 1575 2647 1628 p.
2681 1555 2815 1613 568.
2855 1559 3134 1613 Numerus
3159 1577 3230 1614 ex
3271 1561 3427 1616 festis
3477 1565 3734 1621 Junonis

2143 1644 2361 1715 Argivae
2392 1644 2698 1716 Samiaeque
2723 1643 3089 1718 explicandus
3115 1664 3229 1701 esse
3258 1648 3516 1707 videtur.

2569 1835 2652 1868 ια.
2700 1816 2818 1887 (01.
2855 1836 2984 1885 ιι2,
3022 1836 3070 1871 1.
3113 1818 3276 1893 332).

2577 1966 2619 2018 F,
2662 1966 2887 2023 LJBRO
2939 1965 3266 2025 SEPTmo.

2223 2114 2514 2167 Athenaeus
2563 2116 2669 2183 IV,
2707 2134 2764 2187 p.
2808 2116 2910 2185 167
2933 2158 2952 2188 ,
2984 2118 3026 2172 C
3052 2134 3067 2173 ε
3091 2117 3277 2193 Δοῦρις
3317 2116 3368 2173 δ’
3416 2120 3470 2175 ἐν
3503 2119 3724 2201 ἑὸδόμιρ

2144 2195 2531 2266 Μακεδονικῶν,
2571 2197 2689 2275 περὶ
2717 2198 3058 2277 Πασικύπρου
3087 2200 3249 2278 λέγων
3279 2207 3374 2260 τοῦ
3397 2205 3452 2261 ἐν
3511 2208 3724 2291 Κύπρῳ

2147 2281 2433 2361 βασιλέως,
2458 2282 2538 2341 δ’τι
2568 2282 2767 2351 ἄσωτος
2791 2277 2873 2356 ἦν,
2901 2285 3088 2367 γράφει
3114 2287 3204 2346 καὶ
3225 2288 3379 2348 τάδε·
3410 2319 3434 2344 ιι
3457 2292 3721 2363 Ἀλέξαν-

2145 2370 2258 2448 δρος
2273 2369 2406 2446 μετὰ
2424 2369 2519 2441 τὴν
2544 2372 2716 2450 Τύρου
2744 2372 3044 2450 πολιορκίαν
3073 2376 3415 2456 Πνυταγόραν
3447 2386 3722 2445 ἀποστῇ.

2143 2456 2246 2513 λων
2290 2457 2453 2523 ἄλλας
2475 2482 2531 2516 τε
2578 2459 2769 2539 δωρεὰς
2810 2460 2968 2518 ἔδωκε
3009 2460 3099 2519 καὶ
3136 2463 3343 2542 χωρίον,
3384 2464 3416 2522 8
3443 2469 3715 2544 ᾐτήσατο.

2147 2542 2406 2624 Πρότερον
2454 2545 2508 2604 δὲ
2547 2550 2698 2603 τοῦτο
2728 2544 3071 2624 Πασίκυπρος
3099 2550 3126 2605 ὁ
3158 2550 3448 2625 βασιλεύων
3479 2557 3722 2617 ἀπέδοτο

2144 2629 2210 2685 δι’
2245 2631 2473 2688 ἀσωτίαν
2492 2631 2812 2702 πεντήκοντα
2844 2633 3112 2692 ταλάντων
3136 2638 3374 2717 Πυμάτῳ
3399 2644 3475 2717 τῷ
3499 2645 3686 2703 Κιτιεῖ
3701 2692 3718 2721 ‚

2143 2716 2256 2789 ἅμα
2285 2717 2344 2775 τὸ
2387 2719 2579 2797 χωρίον
2617 2720 2707 2778 καὶ
2734 2719 2830 2793 τὴν
2877 2726 3034 2780 αὑτοῦ
3066 2724 3361 2800 βασιλείαν·
3402 2727 3494 2784 καὶ
3529 2733 3718 2793 λαὸὸυ

2142 2803 2207 2861 τὰ
2234 2804 2508 2882 χρήματα,
2526 2807 2882 2887 κατεγήρασεν
2912 2810 2966 2865 ἐν
2999 2807 3356 2886 Ἀμαθοῦντι..

2221 2896 2306 2949 De
2333 2897 2630 2969 Pasicypro
2661 2899 2741 2951 nil
2791 2909 3041 2969 constat3
3087 2898 3158 2955 de
3187 2902 3539 2976 Pnytagora‚
3571 2911 3714 2966 Eva·

2142 2997 2291 3053 gorae
2327 2981 2388 3051 f.,
2415 3001 2470 3036 V.
2511 2983 2751 3041 Diodor.
2793 2986 2919 3051 XV,
2952 2992 3009 3053 4,
3041 3004 3100 3059 2,
3161 2988 3326 3057 XVI,
3358 2990 3471 3059 46,
3535 3014 3558 3049 1
3599 3015 3712 3073 sq„

2146 3067 2363 3122 Arrian.
2382 3070 2467 3136 Π,
2500 3087 2606 3138 2ο,
2635 3071 2857 3126 Curtius
2885 3074 2979 3141 IV,
3017 3071 3073 3141 3,
3110 3091 3199 3131 11.
3226 3099 3249 3122 ι
3271 3077 3576 3148 Pymatum
3615 3102 3710 3138 re-

2140 3173 2264 3228 gem
2289 3157 2560 3211 Meursius
2584 3160 2671 3213 De
2697 3162 2884 3233 Cypro
2904 3178 2962 3233 p.
2994 3179 3099 3229 127
3128 3161 3290 3217 fuisse
3304 3178 3515 3236 censet,
3536 3187 3710 3242 quem

2140 3242 2460 3298 Alexandro
2510 3246 2589 3303 M.
2632 3247 2903 3321 insignem
2927 3248 3176 3322 gladium
3205 3249 3500 3310 donavisse
3529 3260 3706 3314 refert

2138 3331 2421 3386 Plutarch.
2453 3331 2616 3388 Alex.
2642 3352 2693 3390 c.
2719 3332 2810 3391 32.
2827 3336 2957 3390 Non
2984 3335 3267 3392 diversum
3288 3357 3320 3394 a
3337 3340 3708 3415 Pygmalione

2138 3418 2372 3491 Cyprio,
2402 3438 2569 3492 quem
2590 3421 2680 3477 ΟΙ.
2726 3440 2747 3475 ι
2766 3441 2786 3476 1
2803 3442 2853 3492 7,
2896 3443 2917 3476 1
2954 3425 3283 3481 Ptolemaeus
3302 3445 3334 3481 e
3357 3430 3554 3484 medio
3584 3453 3704 3490 sus-

2141 3506 2267 3559 tulit
2317 3506 2582 3579 (Diodor.
2627 3509 2798 3577 xlx,
2850 3511 2977 3586 79),
3011 3513 3171 3566 illum
3206 3513 3378 3569 habet
3415 3518 3698 3592 Droysen.

2142 3592 2338 3650 Gesch.
2371 3594 2428 3646 d.
2464 3593 2671 3665 Nachs.
2697 3598 2863 3653 Alex.
2891 3616 2949 3670 p.
2981 3597 3118 3663 340.
3153 3623 3177 3647 ¹·
3208 3602 3546 3658 Ηῦιιιευῑ.

2829 3764 2834 3769 ·
2873 3736 2958 3791 13.

2216 3855 2508 3910 Athenaeus
2530 3857 2604 3926 X,
2627 3876 2685 3930 p.
2716 3859 2849 3928 434,
2870 3862 2921 3914 D
2950 3878 2963 3913 :
2987 3858 3148 3937 Παρὰ
3168 3858 3222 3918 δὲ
3244 3861 3476 3941 Πέρσαις
3499 3871 3574 3945 τῷ
3598 3873 3687 3945 βα·

2138 3941 2274 3996 σιλεῒ
2298 3939 2495 4020 ἐφίεται
2533 3941 2876 4017 μεθύσκεσθαι
2917 3955 3015 4026 μιᾷ
3037 3946 3243 4028 ἡμέρα,
3275 3952 3330 4006 ἐν
3357 3944 3394 4030 ᾗ
3421 3952 3598 4012 θύουσι
3621 3962 3688 4034 τῷ

501 4050 3663 4087 mm·-

491 4116 634 4164 gogos
649 4103 842 4168 decem,
876 4107 930 4156 ut
949 4106 1233 4157 idomeneus
1254 4111 1304 4157 et
1325 4110 1465 4158 Duris
1481 4110 1677 4159 narrant
1692 4145 1707 4171 ,
1727 4109 1803 4157 vel
1823 4112 1933 4157 octo
1950 4145 1965 4169 ‚
1990 4112 2046 4157 ut

489 4180 685 4243 plurimi
715 4185 765 4231 et
799 4182 1127 4257 probatissimi·
1163 4186 1418 4247 scriptores
1451 4187 1693 4247 referunt,
1727 4186 1870 4235 hosce
1905 4205 1916 4233 :
1956 4188 2044 4234 De·

490 4260 815 4315 mostheuem.
853 4262 1188 4327 polyeuctum,
1229 4264 1477 4326 Ephialten
1494 4300 1508 4324 ,
1550 4267 1846 4327 Lycurgum,
1877 4266 2042 4313 Moero·

490 4337 613 4387 clem
629 4374 643 4398 ,
664 4342 925 4389 Demonem
939 4377 954 4400 ,
981 4341 1317 4390 callisthenem
1331 4378 1345 4401 ‚
1368 4341 1726 4392 Charidemum.

1231 4471 1314 4521 10.

472 4584 501 4596 ”
551 4582 809 4643 Copiarum
834 4584 1149 4646 (quibuscum
1176 4587 1226 4635 in
1253 4586 1411 4637 Asiam
1432 4588 1694 4638 Alexander
1712 4590 1924 4650 trajecit)
1949 4603 2039 4638 nu·

488 4669 674 4708 merum
688 4660 770 4722 qui
798 4662 1049 4710 minimum
1072 4662 1268 4724 dicunt,
1300 4663 1492 4724 triginta
1528 4665 1673 4714 millia
1697 4666 1936 4728 peditum3
1958 4667 2040 4728 qui

488 4738 754 4787 maximum
790 4739 984 4802 dicunt,
1010 4741 1225 4803 peditum
1266 4742 1580 4805 quadraginta
1615 4745 1792 4805 millia,
1821 4746 2038 4808 equitum

486 4816 715 4875 quattuor
732 4815 882 4865 millia
906 4819 1107 4879 ponunt.
1142 4819 1380 4868 Viaticum
1418 4820 1547 4869 hisce
1580 4834 1677 4870 non
1704 4822 1829 4871 ultra
1854 4828 2037 4884 septua-

486 4890 616 4952 ginta
646 4893 824 4941 talenta
865 4893 1060 4955 habuit,
1093 4896 1150 4944 ut
1182 4895 1486 4946 Aristobulus
1517 4901 1709 4959 narrat3
1743 4900 1884 4948 Duris
1926 4914 2039 4948 vero

485 4969 629 5018 refert
643 4981 755 5018 eum
778 4969 825 5017 in
843 4968 1035 5031 triginta
1048 4973 1237 5021 lantum
1259 4972 1361 5022 dies
1378 4973 1606 5023 alimenta
1632 4974 1866 5025 habuisse.

1218 5081 1298 5130 11.

547 5193 819 5241 Secundum
844 5194 1067 5243 Duridem
1090 5209 1119 5244 a
1145 5197 1301 5259 Trojae
1327 5197 1511 5247 excidio
1526 5212 1674 5262 usque
1700 5200 1759 5249 ad
1786 5201 2035 5251 Alexandri

486 5282 533 5317 m
557 5267 710 5318 Asiam
736 5271 1059 5329 trajectionem
1087 5272 1196 5320 anni
1215 5276 1326 5323 sunt
1355 5275 1499 5323 mille.

2872 4146 2954 4195 12.

2201 4238 2345 4287 Duris
2373 4251 2520 4301 vero,
2552 4244 2756 4304 septimo
2799 4244 2922 4293 libro
2952 4248 3127 4295 Rerum
3163 4249 3607 4312 Macedonian-im,
3626 4254 3680 4302 de

2133 4315 2385 4376 Pasicypro
2421 4315 2647 4380 loquenS,
2666 4321 2810 4382 cypri
2845 4334 2981 4385 rege,
3012 4336 3160 4386 quem
3203 4325 3507 4377 luxuriosum
3547 4331 3678 4379 ruine

2131 4390 2223 4452 ait,
2263 4392 2368 4441 haec
2388 4394 2551 4444 scribit
2581 4415 2593 4444 z
2624 4415 2649 4439 «ι
2691 4395 2959 4450 Alexander
2997 4404 3102 4463 pon
3146 4405 3258 4465 Tyri
3291 4407 3674 4467 expuguationem

2133 4470 2442 4530 Pnytagoram
2459 4471 2655 4532 dimini,
2678 4488 2830 4536 quum
2849 4477 3012 4526 multis
3024 4479 3130 4529 aliie
3146 4483 3427 4532 muneribus
3437 4484 3669 4541 matium.

2130 4544 2238 4592 tum
2254 4546 2466 4609 castello,
2489 4550 2618 4611 quod
2638 4551 2735 4612 ipse
2750 4551 2840 4600 sibi
2862 4554 3200 4614 postulaverat.
3222 4557 3277 4607 ld
3295 4561 3545 4609 castellum
3571 4566 3670 4610 ante

2129 4619 2179 4667 id
2214 4622 2402 4683 tempus
2427 4625 2706 4687 Pasicyprus
2726 4640 2839 4689 rex,
2866 4629 2932 4678 ob
2962 4629 3233 4693 luxuriam,
3274 4637 3474 4697 Pymato
3508 4639 3667 4686 Cittieo

2129 4699 2431 4761 vendiderat,
2459 4703 2599 4755 simul
2618 4707 2867 4756 castellum
2892 4710 2943 4756 et
2958 4709 3115 4772 ipsum
3141 4725 3342 4774 reguum
3364 4729 3519 4773 suum.
3540 4716 3664 4778 quin-

2128 4777 2352 4836 quaginta
2388 4779 2602 4842 talentis;
2636 4796 2732 4844 qua
2765 4785 2968 4846 pecunia
3009 4792 3233 4850 accepta,
3275 4792 3356 4842 ille
3394 4794 3660 4842 Amathunta

2128 4858 2455 4904 consenuerat.
2479 4875 2503 4898 ν
2646 4864 2661 4880 ·

2340 4920 2348 4926 ’
2449 4922 2456 4931 '
2853 4952 2937 5001 ia.

2188 5046 2324 5108 Apud
2350 5049 2515 5095 Persas
2532 5046 2715 5096 licitum
2741 5049 2812 5096 est
2831 5049 2926 5109 regi
2953 5062 3050 5099 uno
3063 5050 3141 5100 die
3163 5052 3400 5115 inebriari,
3423 5069 3480 5103 eo
3497 5068 3647 5115 nempe

2126 5138 2224 5187 quo
2258 5125 2445 5174 Mithrae
2474 5138 2608 5174 sacra
2625 5125 2824 5177 faciunt.
2861 5130 2970 5184 Qua
2986 5128 3047 5178 de
3069 5143 3122 5179 re
3143 5132 3212 5181 sic
3245 5135 3407 5182 scribit
3431 5133 3560 5183 Duris
3577 5146 3640 5182 se-

2124 5204 2275 5266 ptimo
2294 5203 2415 5253 libro
2447 5204 2758 5254 Historiarum
2786 5225 2796 5254 z
2820 5223 2844 5248 α
2865 5209 2936 5255 Ex
2959 5210 3181 5260 omnibus
3205 5212 3642 5273 restisffiebusquoe

2128 5283 2280 5329 Persae
2303 5280 2569 5343 celebrant,
2596 5295 2653 5331 eo
2672 5296 2765 5331 uno
2796 5282 2879 5343 qni
2915 5285 3102 5336 Mithrae
3119 5300 3252 5338 sacer
3287 5291 3379 5347 est,
3405 5287 3638 5337 ineuntur
