3900 6042
545 448 659 498 ⁵44

539 579 648 625 tur.
732 564 872 619 Inde
917 565 1198 637 colligitur
1241 563 1312 616 ab
1358 572 1514 616 sexto
1561 580 1692 635 rege
1728 580 1933 617 novam
1972 561 2079 634 dy-

536 655 765 708 nastiam
803 668 1036 729 eamque
1081 649 1499 721 Memphiticam
1518 649 1785 722 incipere.
1825 650 2080 720 Respon-

537 739 633 794 det
670 739 819 806 haec,
844 745 907 791 ut
938 755 1040 791 suo
1069 736 1198 790 loco
1230 734 1568 804 videbimus,
1596 735 1952 790 Manethonis
1978 733 2079 805 dy·

535 827 725 880 nastiae
740 826 911 880 tertiae
926 865 941 891 ,
968 842 1091 895 quae
1112 824 1293 896 prima
1310 832 1391 876 est
1412 821 1788 893 dynastian-um
1805 820 2080 893 Memphi·

537 913 790 966 ticarum.
878 910 1056 982 Igitur
1104 908 1353 980 dynastia
1402 908 1675 963 Thinitica
1716 907 1958 963 secunda
2012 924 2078 960 ex

536 997 795 1051 Bunsenii
830 995 1139 1050 rationibus
1179 996 1430 1068 regnavit
1458 1001 1634 1063 juxta
1670 994 2078 1066 Memphiticam

537 1086 775 1156 primam
792 1124 808 1149 ‚
828 1084 904 1136 ita
924 1093 989 1136 ut
1013 1083 1323 1155 principem
1351 1082 1539 1136 locum
1568 1083 1884 1136 obtinerent
1904 1083 2080 1135 Mem-

537 1169 725 1242 phitae.
771 1170 955 1237 Quare
994 1169 1098 1222 hos
1136 1178 1351 1222 tantum
1390 1169 1451 1221 in
1483 1185 1752 1222 canonem
1773 1167 2081 1222 chronolo-

538 1256 723 1326 gicum
780 1254 1169 1308 Eratosthenes
1213 1256 1446 1326 recepit.
1531 1255 1784 1326 Utraque
1831 1253 2081 1326 dynastia

542 1341 770 1394 sortasse
798 1342 1145 1413 cognationis
1174 1342 1407 1395 vinculis
1444 1340 1742 1413 conjuncta
1766 1352 1902 1395 erat.
1954 1343 2079 1395 Do-

538 1428 769 1481 minatio
814 1436 999 1481 autem
1046 1428 1118 1480 ita
1164 1426 1456 1482 distributa
1513 1428 1673 1482 fuisse
1728 1426 1976 1495 videtur,
2017 1439 2082 1482 ut

537 1516 770 1569 Thinitae
818 1513 1064 1588 AEgypto
1104 1516 1410 1587 superiori,
1464 1515 1778 1589 Memphitae
1827 1514 2080 1573 inferioni

539 1602 755 1675 regioni
777 1603 1116 1673 imperarent
1151 1602 1344 1678 (Buns.
1371 1621 1422 1674 p.
1462 1602 1590 1657 103.
1630 1601 1792 1674 114).

617 1690 873 1743 Ceterum
902 1687 1163 1759 dynastiae
1189 1690 1243 1743 11
1266 1707 1423 1761 reges
1444 1689 1587 1743 duos
1609 1698 1919 1761 postremos
1934 1728 1950 1755 ‚
1985 1690 2079 1744 Se-

538 1776 763 1828 soclirin
792 1785 847 1829 et
878 1774 1216 1841 Chenerem,
1254 1775 1388 1828 salso
1423 1775 1659 1828 Thinitis
1684 1794 1713 1827 a
1744 1774 2081 1843 Manethone

538 1862 844 1928 accenseri,
870 1861 1173 1914 Bunsenius
1192 1861 1379 1914 statuit
1401 1901 1416 1927 ,
1448 1879 1623 1932 quum
1645 1861 1812 1933 primi
1836 1878 1947 1914 esse
1978 1861 2077 1914 de-

539 1947 708 2001 beant
735 1946 998 2018 dynastiae
1026 1946 1479 2019 Memphitarum.
1512 1949 1610 2002 His
1632 1949 1803 2019 igitur
1829 1946 2078 2018 rejectis,

541 2041 745 2087 restant
771 2033 1007 2086 Thinitae
1034 2050 1193 2105 reges
1225 2044 1465 2106 septem,
1509 2035 1751 2106 annique
1777 2040 2080 2107 regnorum

543 2125 676 2182 225..
701 2118 961 2173 Totidem
988 2128 1124 2173 vero
1148 2137 1322 2175 annos
1341 2122 1532 2176 Canon
1568 2121 1943 2176 Eratosthenis
1978 2122 2082 2175 tri-

541 2203 663 2259 buit
734 2223 937 2260 novem
983 2206 1208 2279 regibus
1255 2207 1571 2280 Memphitis
1609 2206 1872 2279 dynastiae
1911 2208 2082 2262 tertiae

544 2292 841 2363 (Manetho
883 2303 1110 2366 exputat
1140 2310 1318 2347 annos
1355 2292 1520 2367 214).
1556 2294 1751 2364 Itaque
1792 2295 2082 2365 utriusque

542 2379 802 2450 dynastiae
827 2374 951 2433 finis
982 2380 1040 2433 in
1071 2379 1313 2435 eundem
1342 2378 1538 2434 incidit
1565 2397 1771 2438 annum
1790 2421 1806 2447 ,
1838 2379 1981 2433 adeo
2021 2390 2082 2432 nt

541 2476 736 2537 quarta
762 2463 1016 2538 dynastia
1040 2465 1229 2522 denuo
1278 2466 1503 2542 AEgypti
1542 2467 1808 2522 universae
1846 2467 2081 2541 imperio

539 2553 718 2624 potita
740 2553 825 2607 sit.

616 2640 855 2693 Nomina
877 2657 1070 2715 regum
1086 2641 1462 2696 monumentis
1478 2642 1751 2699 illustrare
1777 2642 1887 2697 huc
1907 2659 2083 2714 usque

540 2733 793 2787 nondum
816 2734 1002 2802 licuit,
1029 2735 1133 2788 nisi
1156 2733 1315 2807 quod
1342 2737 1574 2809 Lepsius
1594 2737 1871 2808 in'campo
1893 2737 2084 2808 sepul·

540 2821 674 2874 crali
700 2820 771 2874 ad
797 2821 1113 2893 pyramides
1133 2839 1316 2894 prope
1356 2822 1531 2876 Gizeh
1566 2824 1694 2878 sitas
1726 2824 1936 2896 reperit
1970 2840 2082 2876 no-

538 2924 667 2961 men
692 2924 705 2960 :
740 2924 923 2960 utun
941 2947 957 2974 ,
979 2907 1138 2979 quod
1169 2908 1320 2962 idem
1342 2925 1454 2963 esse
1475 2909 1699 2964 videtur
1723 2921 1891 2982 atque
1911 2911 2083 2964 Kaie·

539 2991 669 3046 chos
696 2992 890 3067 (Buus.
920 3011 979 3065 p.
1022 2992 1188 3067 106).
1224 2996 1390 3048 Hune
1428 2996 1692 3049 Manetho
1726 2996 2003 3051 Mnevidis
2029 3008 2085 3052 et

539 3079 680 3132 hirci
720 3080 994 3133 Mendesii
1033 3079 1240 3133 cultum
1278 3081 1569 3134 instituisse
1603 3081 1760 3135 dicit.
1806 3082 1872 3136 ld
1909 3101 2080 3157 vero,

538 3175 681 3239 puto
701 3206 718 3233 ‚
765 3182 883 3218 non
925 3164 1150 3220 diximet
1183 3167 1476 3234 Maneth0,
1515 3167 1559 3219 si
1605 3167 1928 3222 credidisset
1968 3170 2085 3224 Cai-

541 3252 677 3306 chos
706 3268 895 3324 regem
934 3252 994 3305 in
1032 3252 1322 3323 superiore
1355 3253 1596 3325 AEgypto
1637 3271 1922 3327 regnasse,
1946 3254 2082 3309 dum

540 3337 743 3392 eodem
779 3347 1033 3411 tempore
1060 3340 1121 3392 in
1145 3338 1412 3393 inferiore
1452 3349 1710 3412 regnaret
1746 3358 1846 3394 rex
1888 3342 2078 3395 Mem-

538 3424 714 3497 phita.
744 3425 1008 3481 Similiter
1032 3424 1094 3480 id
1130 3424 1287 3497 quod
1326 3426 1429 3480 sub
1465 3428 1652 3499 primo
1692 3445 1825 3500 rege
1864 3428 2082 3482 Thinita

542 3511 763 3567 Bubasti
811 3513 870 3565 in
917 3511 1079 3565 Delta
1123 3512 1354 3584 regione
1401 3512 1660 3567 accidisse
1707 3513 1970 3583 traditur,
2009 3513 2083 3568 ad

540 3615 773 3670 regnum
799 3598 967 3671 primi
991 3597 1306 3671 Memphitae
1339 3599 1648 3654 notandum
1682 3600 1883 3657 suisset.
1913 3600 2083 3671 Quod

539 3685 843 3738 Bunsenius
862 3686 1078 3753 statuit,
1098 3686 1306 3740 scilicet
1326 3688 1851 3765 potuisse-Caichum
1870 3689 2082 3742 cultum

542 3769 887 3826 Mendesium
927 3772 1244 3843 instituere,
1292 3776 1338 3827 si
1373 3773 1432 3828 id
1473 3775 1665 3828 fecerit
1706 3777 2083 3830 consentiente

541 3875 672 3931 rege
694 3858 1024 3930 Memphita,
1054 3870 1220 3931 atque
1243 3860 1471 3915 sortasse
1499 3862 1685 3915 omnia
1712 3878 1834 3932 quae
1860 3860 1933 3914 ad
1957 3861 2082 3915 cul-

542 3956 659 3999 tum
684 3943 1073 4018 AEgyptiorum
1095 3948 1468 4020 pertinebant,
1485 3966 1655 4020 penes
1668 3948 1912 4003 Thinitas
1927 3967 2083 4022 reges

541 4031 702 4087 fuisse
721 4073 735 4100 ,
766 4033 825 4086 id
854 4051 1054 4088 vereor
1079 4052 1151 4088 ne
1177 4035 1369 4106 paullo
1398 4036 1619 4109 longius
1636 4036 1872 4109 petitum
1898 4038 1968 4090 sit
1991 4054 2078 4091 ca·

541 4128 771 4190 reatque
810 4119 994 4191 specie
1028 4120 1533 4177 verisimilitudinis.
1577 4151 1654 4163 —
1696 4124 1781 4177 De
1819 4122 1938 4195 lege
1979 4122 2081 4177 sub

542 4204 823 4258 Binothris
862 4222 992 4278 rege
1026 4208 1234 4262 sancita
1276 4210 1548 4263 nonnulla
1587 4210 1810 4264 monuit
1843 4210 2078 4264 Bunsen.

542 4307 596 4363 p.
633 4296 759 4355 ¹04·
802 4322 874 4331 —
919 4292 1144 4347 Famam
1172 4295 1457 4364 miraculi,
1493 4296 1649 4367 quod
1688 4296 1791 4350 sub
1829 4297 2079 4369 Nepher-

543 4378 708 4431 chere
738 4375 871 4449 (sub
899 4379 1155 4433 Binothri
1193 4398 1301 4438 sec.
1346 4382 1681 4439 Antiocheni
1715 4382 2077 4457 chronicon)

540 4462 799 4517 accidisse
815 4464 1013 4532 fertur,
1044 4465 1176 4521 inde
1204 4483 1383 4521 ortam
1412 4480 1599 4525 censet
1627 4470 1783 4541 quod
1810 4488 1954 4542 aqua
1977 4468 2084 4524 flu-

541 4550 617 4602 vii
642 4559 820 4606 mutet
850 4551 1133 4607 interdum
1155 4554 1407 4610 colorem
1443 4568 1777 4631 gustumque
1800 4598 1815 4626 ‚
1852 4558 2083 4613 laudato

546 4635 1022 4712 Hengstenbergio
1064 4640 1207 4714 (Die
1226 4642 1449 4697 Biicher
1490 4644 1676 4698 Moses
1712 4663 1767 4702 u.
1807 4648 2085 4718 AEgrpten

541 4740 598 4794 12-
640 4722 743 4777 ¹03
776 4724 934 4799 sqq)-

1132 4849 1161 4882 Ο

1650 434 1710 492 Μ
1718 433 1813 491 ΑΝ
1826 432 2147 493 ΕΤΗΟΝῐὸ
2189 432 2652 496 SEBENNYTAE

2591 576 2864 635 TERTIA
2906 575 3276 635 DYNAS'HA
3288 621 3303 636 .

2909 726 2999 762 11.

2261 820 2546 892 Syncellus
2569 838 2628 893 p.
2658 818 2753 889 56,
2784 822 2827 875 B
2853 838 2868 873 ε

2710 964 3174 1024 ΑΦΡΙΚΑΝΟΥ.

2251 1103 2446 1181 Τρίτη
2477 1101 2826 1160 δυναστεία
2871 1104 3232 1179 Μεμφιτῶν
3284 1102 3616 1179 βασιλέων
3646 1108 3735 1164 ἐν·

2179 1186 2315 1258 νία,
2336 1187 2384 1244 α’
2408 1179 2478 1245 ὧν
2503 1187 2895 1266 Νεχερώφης
2928 1187 3265 1267 (Νεχοροφῆς
3286 1195 3335 1248 Α
3355 1188 3482 1262 )ἔτη
3505 1192 3738 1271 ’‘ff-'EQ’

2173 1263 2232 1345 οὗ
2260 1273 2449 1339 Λίὸυες
2476 1273 2772 1343 ἀπέστησαν
2796 1274 3095 1350 Αἰγυπτίων
3120 1274 3212 1333 καὶ
3236 1279 3332 1344 τῆς
3355 1278 3583 1347 σελήνης
3601 1279 3737 1358 παρὰ

2183 1358 2333 1435 λόγον
2357 1360 2658 1431 αὐξηθείσης
2681 1360 2765 1416 διὰ
2789 1360 2897 1426 δέος
2921 1360 3130 1427 ἑαυτοὺς
3163 1362 3488 1439 παρέδοσαν.

2255 1444 2302 1524 β’
2350 1446 2828 1525 Τόσορθροςέτη
2864 1447 2961 1506 κθ’.
3007 1439 3174 1512 Οὗτος
3219 1446 3538 1517 Ἀσκληπιὸς
3580 1450 3732 1527 Αἰγυ-

2172 1531 2337 1597 πτίοις
2366 1533 2503 1590 κατὰ
2525 1533 2619 1604 τὴν
2652 1531 2885 1612 ἰατρικὴν
2921 1531 3242 1608 νενόμισται,
3279 1534 3375 1591 καὶ
3400 1536 3499 1602 τὴν
3539 1537 3626 1592 διὰ
3657 1537 3739 1603 ξε-

2174 1619 2306 1673 στῶν
2359 1618 2514 1675 λίθων
2568 1617 2862 1693 οἰκοδομίαν
2923 1618 3136 1698 εὕρατο·
3195 1619 3336 1677 ἀλλὰ
3395 1619 3493 1678 καὶ
3545 1627 3738 1701 γςαφῆς

2174 1704 2491 1780 ἐπεμελήθη.

2251 1793 2298 1867 γ’
2328 1795 2415 1853 Τύ
2434 1816 2530 1871 ρις
2555 1793 2767 1872 (Τύρεις
2791 1793 2887 1868 Β.)
2910 1793 2998 1866 ἔτη
3030 1796 3095 1861 ζ’.

2256 1876 2299 1935 δ’
2329 1879 2685 1958 Μέσωχρις
2708 1880 2797 1950 ἔτη
2820 1877 2902 1948 ιζ’.

2254 1964 2295 2021 ε’
2326 1964 2428 2023 Σώ
2444 1973 2473 2021 ὓ
2490 1987 2524 2045 φ
2542 1989 2592 2031 ις
2620 1966 2853 2043 (Enii-pt<
2875 1968 3082 2039 Goar.)
3109 1964 3202 2035 ἔτη
3237 1969 3336 2033 ις’.

2251 2051 2300 2119 ς’
2328 2051 2751 2130 Τοσέρτασις
2774 2051 2864 2123 ἔτη
2894 2052 2974 2110 ιθ’.

2252 2138 2296 2208 ζ’
2326 2136 2539 2217 Ἀχης
2567 2137 2659 2210 ἔτη
2693 2138 2808 2215 μ6’.

2251 2224 2304 2299 η’
2334 2225 2469 2304 Σήφ
2484 2250 2555 2284 ου
2573 2249 2664 2305 pte
2690 2229 2707 2301 (
2729 2225 2970 2305 Σίφουρις
2987 2228 3180 2302 Goar.)
3206 2228 3238 2283 λ

2252 2313 2297 2371 θ’
2331 2312 2666 2392 Κερφέρης
2694 2312 2782 2383 ἔτη
2812 2312 2919 2378 ις’.

2252 2395 2425 2475 Ὁμοῦ
2459 2398 2548 2471 ἔτη
2572 2398 2671 2457 σιδ’
2684 2446 2696 2459 .

2254 2484 2424 2562 Ὁμοῦ
2451 2490 2555 2544 τῶν
2588 2490 2742 2563 τριῶν
2771 2486 3079 2543 δυναστειῶν
3119 2487 3260 2543 κατὰ
3301 2486 3616 2567 Ἀφρικανὸν
3652 2490 3739 2562 ἔτη

2172 2570 2284 2652 ψξθ’
2313 2574 2478 2649 (769.
2508 2594 2581 2631 sc.
2611 2573 2974 2650 555÷214).

2253 2663 2394 2718 Cum
2436 2663 2702 2718 Africano
2741 2663 2871 2717 facit
2906 2672 3102 2717 auctor
3143 2664 3282 2719 Exc.
3323 2665 3498 2724 Bau-b.
3538 2686 3736 2723 novem

2175 2765 2333 2825 reges
2352 2758 2409 2805 et
2433 2766 2608 2806 annos
2631 2766 2697 2805 21
2711 2755 2742 2816 ί.
2767 2766 3072 2806 recensens.

3243 2225 3254 2241 Ι

3263 2273 3276 2286 fl

2906 2909 2998 2945 12.

2654 3020 2797 3077 SEC.
2830 3021 3228 3078 EUSEBIUM.

2253 3159 2492 3232 Syncell.
2549 3158 2643 3228 57,
2687 3156 2732 3214 B
2759 3179 2772 3213 :
2800 3157 3015 3237 Τρίτη
3066 3157 3442 3216 δυναστεία
3473 3163 3735 3243 Μεμφι-

2174 3247 2299 3302 τῶν
2322 3243 2652 3323 βασιλέων
2679 3243 2881 3316 ὀκτώ,

2256 3333 2307 3388 α’
2345 3330 2646 3410 Νεχέρωχις
2696 3330 3040 3409 (Ναχέρωχις
3091 3334 3160 3391 G.
3186 3334 3238 3407 )‚
3288 3333 3376 3412 ἐφ’
3427 3325 3494 3391 οἷ
3545 3336 3731 3401 Amne

2174 3417 2474 3488 ἀπέστησαν
2513 3416 2835 3494 Αἰγυπτίων,
2874 3416 2965 3474 καὶ
2992 3421 3084 3487 τῆς
3128 3416 3356 3489 σελήνης
3393 3422 3548 3499 παρὰ
3589 3423 3732 3501 λόγον

2175 3503 2477 3575 αὐξηθείσης
2501 3503 2585 3561 διὰ
2608 3502 2718 3569 δέος
2741 3503 2950 3569 ἑαυτοὺς
2978 3502 3300 3581 παρέδοσαν.

2254 3590 2323 3668 β’.
2346 3591 2478 3649 Μεθ’
2499 3589 2554 3648 ὃν
2578 3592 2851 3671 Σέσορθος,
2868 3588 2922 3656 ὃς
2943 3590 3252 3660 Ἀσκληπιὸς
3265 3592 3420 3673 παρὰ
3435 3597 3734 3670 Αἰγυπτίας

2174 3680 2365 3749 ἐκλήθη
2395 3678 2480 3735 διὰ
2506 3678 2600 3747 τὴν
2643 3676 2895 3755 ἰατρικήν.
2937 3668 3103 3744 Οὗτος
3136 3679 3226 3736 καὶ
3264 3680 3364 3750 τὴν
3414 3681 3506 3739 διὰ
3552 3684 3734 3751 ξεστῶν

2173 3763 2326 3821 λίθων
2366 3760 2642 3839 οἰκοδομὴν
2691 3762 2905 3842 εὕρατο,
2954 3763 3089 3822 ἀλλὰ
3143 3764 3235 3822 καὶ
3281 3772 3500 3847 γραφῆς
3549 3774 3732 3847 &taps-

2250 3940 2319 3995 Οἱ
2343 3937 2397 3995 δὲ
2424 3937 2595 3994 λοιποὶ
2622 3936 2675 4004 ἓξ
2698 3935 2842 3995 οὐδὲν
2872 3936 3342 4014 ἀξιομνημόνευτον
3374 3940 3632 4021 ἔπραξαν.

2250 4022 2324 4082 Οἳ
2343 4024 2432 4080 καὶ
2456 4022 2795 4082 ἐδασίλευσαν
2825 4023 2988 4081 ἔτεσιν
3014 4023 3149 4103 ρζη’.

2251 4108 2420 4185 Ὁμοῦ
2462 4115 2562 4168 τῶν
2607 4114 2763 4188 τριῶν
2804 4111 3116 4169 δυναστειῶν
3160 4111 3298 4170 κατὰ
3341 4113 3432 4172 τὸν
3479 4118 3728 4178 Εὗσύὸισυ

2173 4195 2264 4267 ἔτη
2289 4196 2609 4276 wrm-1·-
2645 4217 2725 4255 ⁸0·
2753 4197 3065 4272 549÷198
3085 4199 3128 4275 )·

2251 4286 2519 4340 Eusebius
2542 4286 2703 4342 Arm.
2724 4305 2785 4360 p.
2815 4286 2892 4359 96
2911 4306 2926 4341 ε
2959 4288 3146 4342 Tertia
3163 4289 3438 4360 dynastia
3459 4293 3726 4369 Memphi·

2193 4381 2375 4423 tarum
2443 4366 2610 4422 VIII
2673 4390 2887 4444 regum.

2250 4458 2644 4525 Nechemchis,
2680 4460 2780 4513 sub
2808 4479 2914 4533 quo
2931 4461 3126 4532 Lihyes
3148 4461 3223 4516 ab
3249 4465 3546 4537 AEfflpciis
3577 4462 3723 4536 dde-

2173 4558 2361 4599 cet-um
2382 4563 2402 4598 .-
2439 4564 2571 4600 moa:
2610 4550 2924 4601 immaniter
2958 4559 3230 4603 coescenoe
3266 4551 3408 4604 luna
3441 4559 3618 4608 ten-iti
3651 4552 3726 4606 ad

2173 4622 2487 4705 obsequiani
2508 4637 2706 4686 reversi
2719 4645 2866 4686 sunt.
3521 4701 3532 4710 ·

2252 4720 2467 4773 Deinde
2485 4719 2798 4787 Soeortlms,
2828 4724 2925 4793 qui
2941 4720 3009 4773 ob
3033 4722 3307 4774 medicam
3330 4735 3515 4778 artem
3541 4728 3718 4779 Em·

2177 4806 2368 4877 Inpius
2399 4806 2474 4859 ab
2510 4808 2794 4878 AEgyptiis
2817 4810 3088 4860 vocitatus
3114 4819 3214 4889 σεξ.
3256 4810 3320 4862 Is
3359 4816 3536 4864 etiam
3569 4816 3719 4865 seculi·

2179 4892 2453 4963 lapidibus
2494 4893 2852 4964 aedificiorum
2899 4894 3274 4949 struenda-um
3319 4908 3516 4951 auctor
3539 4898 3664 4967 snit
3695 4914 3714 4947 .-

2180 4978 2336 5031 libris
2362 4990 2646 5051 pra-terea
2679 4979 2983 5033 scribendis
3018 4998 3206 5034 cutum
3237 4984 3535 5055 impendit.
3611 4983 3716 5038 Se:

2178 5065 2374 5136 reliqui
2391 5063 2544 5118 nihil
2560 5066 3095 5120 commemorandum
3111 5080 3420 5138 gesserunt.
3505 5070 3711 5140 neg-n·

2179 5161 2291 5204 cum
2318 5162 2401 5205 est
2423 5156 2587 5206 annis
2609 5152 2900 5207 CXCVII
2921 5152 3131 5227 (graece
3162 5152 3329 5228 ¹98).
