3900 6042
501 460 713 503 ‘XVUI

496 576 572 649 τῷ
599 576 690 648 ζῇν
719 569 867 650 ὔὸριν
903 570 967 642 ἢν
1001 572 1063 680 (2)
1098 569 1340 648 ὑπέμεινε
1365 573 1455 630 καὶ
1490 571 1587 643 τὴν
1631 573 1825 647 αἰκίαν,
1863 573 1957 632 συν
2001 573 2056 633 δὲ

494 658 693 723 τούτοις
726 657 784 714 τὸ
827 659 945 735 περὶ
970 657 1064 728 τὴν
1093 658 1339 729 τελευτὴν
1379 660 1657 738 ἀτύχημα,
1690 664 1761 728 εἰς
1797 663 2057 733 τοσαύτην

495 744 827 822 παράστασιν
852 743 1125 803 ἐνέπιπτον
1146 746 1238 804 καὶ
1265 747 1635 823 δυσθυμίαν,“ΊΓ
1593 770 1728 807 ωστε
1755 748 1932 827 πληρη
1970 772 2054 827 γε·

495 831 670 889 νέσθαι
706 832 800 901 τὴν
838 831 988 889 πόλιν
1027 839 1350 910 στεναγμοῦ,
1384 834 1637 914 δακρύων,
1663 837 1895 914 οἰμωγῆς
1923 839 2059 894 ἀκα-

495 918 818 977 ταπαύστου.
930 921 1117 979 Ταυτα
1168 922 1210 978 δ’
1257 912 1320 991 ἦν
1360 930 1467 987 τοῖς
1508 924 1669 999 ὀρθῶς
1698 922 2059 999 λογιζομένοις

495 1008 595 1085 οὐχ
638 1006 775 1065 οὕτω
801 1011 894 1077 τῆς
933 1007 1061 1086 πρὸς
1086 1006 1351 1086 Ἀρσινόην
1379 1008 1575 1074 εὐνοίας
1609 1009 1897 1088 τεκμήρια,
1921 1009 2056 1068 πολυ

495 1091 548 1149 δὲ
597 1095 796 1168 μᾶλλον
851 1099 939 1152 τοῦ
991 1094 1119 1172 πρὸς
1169 1095 1286 1161 τους
1335 1095 1454 1174 περὶ
1493 1095 1806 1172 Ἀγαθοκλέα
1851 1097 2055 1173 μίσους.

494 1179 563 1239 Ὁ
593 1180 646 1237 δὲ
676 1180 1067 1259 προειρημένος,
1098 1182 1275 1252 ἐπειδὴ
1300 1182 1390 1249 τὰς
1419 1183 1620 1261 ὑδρείας
1659 1187 1728 1250 εἷς
1763 1183 1879 1250 τοὺς
1904 1189 2057 1264 βασι-

492 1267 666 1333 λικοὺς
682 1264 853 1335 οἴκους
863 1268 1036 1343 ἔθηκε,
1060 1270 1417 1347 παραγγείλας
1430 1270 1713 1329 ἀποθέσθαι
1738 1268 1802 1328 τὰ
1821 1271 1952 1352 φαιὰ
1967 1274 2054 1349 (a),

452 1348 469 1353 ”
492 1358 697 1433 πρῶτον
728 1354 821 1430 μὲν
858 1354 1074 1431 διμήνου
1116 1354 1207 1422 τὰς
1242 1356 1483 1432 δυνάμεις
1494 1357 1836 1461 ”dissom'cwsm
1862 1382 2055 1416 πεπει-

493 1440 677 1516 σμένος
702 1442 762 1500 τὸ
796 1443 941 1521 παρὰ
980 1451 1085 1508 τοῖς
1112 1444 1320 1510 πολλοῖς
1353 1444 1419 1523 (ι)
1457 1446 1605 1521 μῖσος
1650 1444 1932 1520 ἄμὸλύνειν
1970 1445 2055 1503 διὰ

492 1551 585 1598 της
620 1551 747 1607 προς
781 1552 841 1587 το
875 1529 1136 1598 λυσιτελὲς
1170 1534 1337 1610 ὁρμῆς
1380 1534 1579 1590 αὐτων·
1611 1523 1727 1590 εἶτα
1754 1531 2054 1640 ἐνεξώρκισε

492 1614 580 1671 τὸν
623 1615 791 1694 ὅρκον,
837 1615 895 1674 ὃν
944 1608 1078 1688 ἦσαν
1122 1618 1340 1693 ὀμνύναι
1381 1617 1658 1694 εἰθισμένοι
1695 1617 1832 1677 κατὰ
1865 1617 1958 1686 τὰς
1989 1622 2052 1696 (6)

491 1703 773 1771 ἀναδείξεις
831 1707 935 1761 τῶν
994 1703 1273 1783 βασιλέων·
1331 1705 1661 1773 ἐξαπέστειλε
1709 1704 1763 1763 δὲ
1815 1729 1905 1765 και
1944 1709 2055 1766 Φι-

489 1789 783 1866 λάμμωνα,
830 1790 918 1848 τὸν
982 1790 1265 1850 ἐπιστάντα
1314 1795 1388 1871 τῷ
1438 1795 1529 1862 τῆς
1577 1792 1836 1873 Ἀρσινόης
1885 1792 2052 1873 φόνῳ,

488 1880 711 1946 ποιήσας
740 1876 896 1935 αὐτὸν
925 1877 1236 1956 Λιὸυάρχην
1278 1881 1379 1936 τῶν
1422 1877 1558 1936 κατὰ
1578 1879 1823 1957 Κυρήνην
1858 1880 2051 1938 τόπων·

486 1963 547 2022 τὸ
581 1964 633 2023 δὲ
660 1965 866 2023 παιδίον
901 1967 1210 2043 ἐνεχείρισεν
1249 1973 1355 2031 τοῖς
1383 1964 1503 2044 περὶ
1543 1962 1637 2037 τὴν
1672 1966 1936 2039 Οἰνάνθην
1961 1969 2053 2027 καὶ

489 2050 873 2128 Ἀγαθόκλειαν.
959 2050 1114 2112 Μετὰ
1135 2053 1190 2110 δὲ
1217 2057 1384 2110 ταῦτα
1413 2053 1634 2113 Πέλοπα
1665 2053 1760 2130 μὲν
1793 2054 2051 2136 ἐξέπεμψε

486 2139 574 2195 τὸν
611 2139 848 2206 Πέλοπος
872 2139 944 2206 είς
965 2138 1059 2210 τὴν
1080 2138 1257 2198 Ἀσίαν
1283 2138 1412 2218 πρὸς
1435 2139 1692 2245 Ἀντίοχρν
1715 2142 1801 2200 τὸν
1829 2143 2052 2221 βασιλέα

485 2225 921 2304 παρακαλέσοντα
948 2233 1216 2305 συντηρεῖν
1244 2224 1338 2297 τὴν
1368 2225 1542 2307 φιλίαν
1566 2250 1657 2286 και
1680 2227 1756 2303 μὴ
1786 2229 2046 2307 παραὸαί·

484 2336 589 2371 νειν
613 2313 706 2381 τὰς
734 2315 869 2420 πρὸς
886 2312 981 2384 τὴν
1006 2320 1094 2372 τοῦ
1117 2314 1300 2381 παιδὸς
1322 2314 1523 2394 πατέρα
1549 2315 1830 2388 συνθήκας·
1916 2320 2052 2377 Πτο-

484 2401 700 2473 λεμαῖον
726 2401 794 2480 (ο)
821 2389 875 2459 δε
898 2399 986 2459 τὸν
1010 2401 1270 2461 Σωσιὸίου
1297 2399 1425 2481 πρὸς
1443 2401 1731 2474 Φίλιππον,
1752 2403 1818 2461 τά
1846 2425 1902 2462 τε
1929 2404 2050 2483 περὶ

483 2491 576 2555 τῆς
603 2486 890 2565 ἐπιγαμίας
916 2488 1293 2564 συνθησόμενον
1322 2513 1413 2548 και
1455 2490 1891 2569 παρακαλέσαντα
1924 2495 2050 2569 βοη-

484 2580 606 2645 θεῖν,
636 2573 725 2631 {dv
762 2573 1192 2655 ὁλοσχερέστερον
1236 2575 1419 2643 αὐτους
1448 2576 1705 2656 Ἀντίοχος
1732 2576 2049 2648 ἐπιὸάληται

481 2664 888 2739 παρασπονδεῖν.
983 2662 1392 2742 Προεχειρίσατο
1453 2664 1507 2722 δὲ
1571 2663 1662 2722 καὶ
1715 2666 2047 2742 Πτολεμαῖον

481 2746 572 2806 τὸν
602 2748 930 2829 Ἀγησάρχου
962 2749 1288 2829 πρεσὸευτὴν
1316 2750 1443 2830 πρὸς
1483 2750 1810 2829 Ῥωμαίους,
1842 2754 1941 2831 οὐχ
1978 2758 2048 2820 ὡς

482 2835 861 2895 ἐπισπεύσοντα
891 2836 984 2907 τὴν
1013 2838 1313 2915 πρεσὸείαν,
1354 2841 1469 2896 ἀλλ’
1509 2843 1578 2906 ὡς
1619 2838 1681 2897 ἂν
1713 2839 1911 2919 ἅψηται
1954 2842 2047 2911 τῆς

482 2920 734 2988 Ἑλλάδος
763 2923 853 2981 καὶ
882 2922 1111 3002 συμμίξῃ
1134 2933 1239 2990 τοῖς
1268 2927 1373 2983 ἐκεῖ
1396 2925 1561 3005 φίλοις
1589 2925 1678 2983 καὶ
1721 2926 2042 3003 συγγενέσιν,

481 3011 639 3067 αὑτοῦ
673 3015 1090 3083 καταμενοῦντα·
1115 3009 1384 3088 προέκειτο
1408 3011 1509 3091 γὰρ
1539 3014 1676 3090 αὐτῷ
1704 3012 1905 3079 πάντας
1931 3012 2046 3081 τοὺς

481 3098 746 3175 ἐπιφανεῖς
822 3095 1011 3176 ἄνδρας
1078 3098 1310 3172 {mohin
1376 3102 1593 3169 ποιῆσαι
1662 3097 1715 3168 ἐξ
1783 3100 2043 3168 ἀπιστίας.

481 3180 902 3258 [Ἐξαπέστειλε]
952 3185 1015 3257 (7)
1060 3180 1114 3240 δὲ
1164 3183 1254 3241 καὶ
1292 3183 1511 3243 Σκόπαν
1547 3182 1636 3242 τὸν
1675 3185 1914 3243 Αἰτωλὸν
1956 3187 2044 3244 ἐπὶ

481 3268 768 3345 ξενολογίαν
810 3272 881 3334 εἰς
916 3267 1011 3340 τὴν
1054 3267 1318 3342 Ἑλλάδα,
1345 3271 1542 3340 πλῆθος
1582 3271 1800 3349 χρυσίου
1846 3271 2044 3349 συνθεὶς

481 3358 553 3421 εἷς
595 3356 662 3413 τὰ
701 3355 1030 3435 προδόματα.
1133 3355 1256 3417 Δύω
1297 3355 1398 3437 γὰρ
1447 3355 1569 3434 ἔσχε
1611 3356 1873 3436 προθέσεις
1912 3358 2042 3439 ὑπὲρ

479 3442 671 3513 ταύτης
697 3448 789 3513 τῆς
816 3442 1086 3514 ἕπιὸολῆς·
1116 3442 1245 3520 μίαν
1275 3442 1370 3520 μὲν
1404 3444 1736 3522 ἀποχρῆσθαι
1764 3453 1866 3510 τοῖς
1902 3443 2042 3514 ξενο·

480 3531 770 3607 λογηθεῖσιν
798 3532 869 3596 εἰς
909 3530 996 3588 τὸν
1036 3532 1165 3608 πρὸς
1209 3531 1466 3609 Ἀντίοχον
1505 3530 1753 3608 πόλεμον,
1781 3531 1946 3603 ἄλλην
1986 3532 2040 3591 δὲ

479 3608 595 3685 τοὺς
624 3617 869 3697 ἀρχαίους
894 3617 982 3676 καὶ
1006 3617 1441 3698 προῦπάρχοντάς
1473 3621 1521 3676 οἱ
1564 3619 1627 3696 (8)
1670 3617 1834 3686 ξένους
1861 3618 1946 3677 ἐπὶ
1975 3618 2041 3676 τὰ

478 3703 614 3761 κατὰ
634 3703 728 3776 τὴν
751 3704 929 3784 χώραν
950 3703 1169 3785 φρούρια
1194 3707 1284 3763 καὶ
1307 3703 1397 3772 τὰς
1421 3707 1686 3771 κατοικίας
1709 3706 2038 3777 ἀποστεῖλαι,

481 3800 585 3857 τοῖς
606 3790 661 3849 δὲ
683 3791 1119 3870 παραγενομένοις
1150 3796 1531 3873 ἀναπληρῶσαι
1558 3793 1647 3851 καὶ
1675 3797 2041 3863 καινοποιῆσαι

478 3879 574 3949 τὴν
603 3878 880 3959 θεραπείαν
906 3878 997 3936 καὶ
1020 3879 1087 3936 τὰ
1107 3878 1228 3958 περὶ
1249 3879 1343 3950 τὴν
1369 3879 1533 3950 αὐλὴν
1562 3881 1843 3960 φυλακεῖα,
1867 3902 2038 3958 παρα·

477 3967 711 4037 πλησίως
744 3966 807 4041 (9)
841 3966 893 4023 δὲ
931 3965 1021 4023 καὶ
1043 3964 1110 4023 τὰ
1133 3966 1269 4024 κατὰ
1293 3965 1388 4037 τὴν
1427 3966 1592 4036 ἄλλην
1617 3967 1787 4038 πόλιν,
1814 3967 2036 4043 νομίζων

475 4052 595 4121 τοὺς
636 4056 702 4112 δι’
747 4055 904 4112 αὐτοῦ
942 4051 1364 4129 ξενολογηθέντας
1393 4053 1484 4113 καὶ
1515 4055 2036 4131 μισθοδοτουμένους,

473 4141 577 4199 τῶν
614 4139 709 4218 μὲν
750 4139 1133 4220 προγεγονότων
1174 4140 1360 4217 μηδενὶ
1402 4140 1835 4217 συμπαθήσοντας
1860 4139 1944 4199 διὰ
1978 4139 2037 4199 τὸ

473 4226 635 4304 μηδὲν
661 4226 953 4305 γινώσκειν,
974 4230 1027 4285 ἐν
1053 4228 1197 4306 αὐτῷ
1221 4227 1275 4285 δὲ
1301 4227 1396 4293 τὰς
1430 4228 1643 4294 ἐλπίδας
1671 4227 1884 4307 ἔχοντας
1900 4273 1916 4300 ,
1943 4226 2037 4285 καὶ

1162 442 1262 502 ΕΚ
1308 442 1465 503 ΤΗΣ
1508 442 1865 505 ΙΣΤΟΡΙΑΣ
1907 392 2304 509 {marmor
2346 449 3016 515 ΜΕΓΑΔΟΠΟΛΙΤΟΥ.

2147 584 2335 634 exitum
2363 585 2630 649 infelicem,
2669 588 2717 637 in
2737 592 2926 639 tantum
2950 589 3221 640 inciderunt
3255 604 3510 641 moerorem
3535 595 3585 644 et
3613 597 3706 645 tri-

2145 690 2353 755 stitiam,
2383 695 2438 742 ut
2463 670 2702 756 suspiriis,
2740 695 2974 759 lacrimis,
2997 697 3334 747 lamentatione
3362 700 3478 750 urbs
3501 702 3709 764 replere·

2146 807 2243 853 tur.
2268 808 2393 863 Quae
2411 806 2605 869 quidem
2624 809 2753 858 recte
2773 809 3052 871 putantibus
3069 820 3165 861 uon
3192 814 3381 862 tantum
3418 813 3709 865 benevolen-

2147 915 2232 964 tioe
2263 929 2373 978 erga
2392 917 2623 967 Arsinoen
2643 919 2773 982 signa
2794 923 2948 984 erant,
2968 920 3051 971 sed
3085 924 3240 972 multo
3270 925 3419 986 magis
3443 926 3712 988 Agathoclis

2148 1026 2313 1075 odium
2331 1026 2648 1077 testabantur.
2686 1030 2913 1078 Ceterum
2939 1031 3249 1093 Agathocles,
3275 1036 3525 1096 postquam
3563 1049 3713 1084 urnas

2151 1138 2199 1186 in
2223 1138 2442 1200 sepulcra
2472 1139 2602 1201 regia
2637 1140 2946 1204 deposuerat,
2977 1144 3163 1192 luctum
3186 1144 3359 1207 deponi
3389 1146 3592 1209 jubens,
3613 1148 3712 1210 pri·

2148 1260 2284 1296 mum
2302 1247 2497 1310 quidem
2519 1227 2746 1300 bimestre
2771 1252 3060 1314 stipendium
3078 1255 3227 1316 copiis
3244 1255 3481 1317 erogavit,
3511 1269 3714 1318 persua-

2150 1371 2233 1409 sus
2241 1360 2311 1408 sic
2325 1360 2491 1410 odium
2503 1362 2822 1413 multitudinis
2841 1363 3060 1424 obtundi,
3071 1365 3201 1428 quod
3211 1368 3474 1417 commodis
3485 1368 3586 1417 sois
3600 1382 3710 1417 con-

2148 1470 2306 1519 sulere
2330 1472 2580 1533 properet;
2600 1471 2774 1522 deinde
2792 1472 3129 1535 jusjurandum
3149 1475 3369 1538 praeivit,
3394 1477 3525 1539 quod
3540 1477 3712 1539 jurare

2149 1577 2198 1627 in
2218 1577 2341 1641 m
2369 1579 2737 1642 inauguratione
2778 1580 3012 1634 solebant.
3050 1584 3432 1636 Philammonem
3459 1601 3604 1648 vero,
3628 1589 3710 1651 qui

2146 1687 2330 1737 caedem
2355 1688 2576 1739 Arsinoes
2599 1694 2875 1753 peregerat,
2912 1693 3150 1756 ablegavit
3177 1693 3226 1741 iu
3270 1694 3436 1757 Libya}
3467 1696 3712 1757 regionem

2145 1798 2456 1859 cyrenaicam
2474 1835 2489 1860 ,
2517 1797 2656 1861 cujus
2687 1801 2971 1863 proerectum
3004 1804 3279 1865 constituit;
3305 1817 3509 1867 puerum
3546 1820 3711 1869 regem

2144 1906 2406 1955 OEnanthoe
2424 1908 2472 1956 et
2499 1908 2802 1970 Agathocleae
2825 1909 3050 1972 tradidit;
3077 1914 3186 1973 post
3219 1912 3323 1961 haec
3353 1914 3581 1977 Pelopem
3628 1920 3710 1965 Pe-

2145 2016 2265 2080 lopis
2286 2016 2438 2065 filium
2459 2017 2507 2066 in
2536 2017 2696 2068 Asiam
2723 2020 2854 2068 misit
2883 2019 2945 2068 ad
2973 2020 3293 2083 Antiochum,
3316 2036 3464 2084 quem
3483 2024 3711 2073 exhorta-

2145 2128 2297 2187 retur,
2321 2130 2379 2176 ut
2399 2128 2659 2178 amicitiam
2691 2132 2904 2179 servaret
2934 2144 3092 2193 neque
3121 2135 3264 2193 pacta
3294 2133 3733 2215 transgrederetur¹

2144 2243 2258 2279 cum
2291 2232 2427 2292 patre
2448 2231 2584 2293 pueri
2613 2231 2749 2281 inita.
2774 2233 3086 2283 Ptolemaeum
3117 2235 3288 2285 Sosibii
3326 2236 3478 2285 filium
3506 2236 3572 2285 acl
3602 2238 3711 2287 Phi-

2144 2334 2327 2397 lippum
2352 2334 2554 2397 legavit,
2577 2337 2632 2384 ut
2650 2335 2712 2384 de
2737 2336 2972 2387 affinitate
2994 2339 3322 2387 contrahenda
3342 2341 3634 2402 transigeret
3664 2343 3713 2390 et

2141 2436 2202 2487 (le
2223 2422 2428 2487 ferendo'
2441 2439 2622 2487 auxilio
2635 2474 2650 2499 ‚
2668 2438 2707 2488 si
2728 2440 2850 2489 sorte
2868 2439 3039 2502 majori
3057 2443 3231 2491 conatu
3249 2442 3513 2491 Antiochus
3526 2444 3711 2494 violato

2144 2541 2320 2591 roedere
2342 2542 2467 2604 ipsos
2489 2555 2794 2605 aggressurus
2816 2544 2956 2593 foret.
2980 2547 3131 2594 Porro
3160 2546 3472 2595 Ptolemaeum
3502 2551 3708 2609 agesar-

2140 2647 2219 2695 chi
2247 2645 2402 2695 illium
2440 2645 2503 2695 ad
2525 2646 2813 2707 legationem
2850 2649 3055 2697 Romam
3087 2649 3372 2699 mittendam
3408 2650 3708 2713 designavit,

2139 2763 2236 2800 non
2258 2749 2386 2812 quod
2405 2763 2517 2800 eum
2537 2750 2679 2813 legati
2695 2764 2872 2801 munus
2889 2754 3111 2813 prompte
3127 2754 3469 2803 exsecuturum
3484 2768 3613 2817 esse,
3628 2758 3709 2807 sed

2138 2854 2268 2917 quod
2288 2855 2337 2903 in
2361 2855 2602 2905 Groeciam
2633 2856 2917 2918 appulsum,
2946 2856 3029 2905 ubi
3051 2861 3280 2919 cognatos
3303 2872 3420 2907 suos
3453 2860 3503 2908 et
3525 2862 3710 2911 amicos

2137 2958 2441 3020 convenerit,
2465 2972 2748 3009 mansurum
2776 2961 2903 3024 apud
2928 2974 3009 3011 eos
3030 2963 3130 3011 iore
3153 2962 3371 3025 putabat.
3390 2964 3589 3014 Scilicet
3618 2966 3710 3016 hoc

2136 3065 2418 3128 Agathocles
2429 3067 2622 3129 agebat,
2645 3068 2702 3117 ut
2724 3067 2928 3129 insignes
2944 3068 3074 3119 viros
3088 3082 3259 3119 omnes
3274 3074 3524 3121 amoveret
3540 3088 3556 3133 ;
3577 3073 3707 3122 diffi-

2134 3169 2278 3220 debat
2297 3171 2443 3221 enim.
2464 3170 2682 3234 Denique
2702 3174 2906 3235 Scopam
2927 3172 3140 3222 AEtolum
3163 3172 3213 3221 in
3243 3173 3478 3224 Graeciam
3499 3174 3562 3224 ad
3583 3189 3705 3226 oon·

2132 3273 2410 3324 scribendos
2442 3274 2764 3325 mercenarios
2787 3274 2915 3325 m'nit
2935 3288 3108 3338 magna
3130 3275 3179 3325 vi
3201 3277 3309 3326 auri
3344 3278 3408 3326 ad
3446 3281 3707 3330 mantissss

2130 3379 2389 3430 solvendas
2408 3380 2712 3429 instructum.
2732 3383 2840 3438 Qua
2864 3379 2912 3427 in
2936 3393 2989 3429 re
3007 3379 3188 3442 duplex
3209 3383 3314 3431 erat
3339 3383 3384 3431 el
3408 3382 3701 3434 consilium:

2131 3494 2246 3531 nam
2263 3483 2473 3545 primum
2500 3482 2712 3532 collectis
2737 3482 2886 3545 copiis
2913 3481 2975 3532 ad
2992 3482 3175 3532 bellum
3198 3496 3311 3533 cum
3346 3485 3590 3534 Antiocho
3626 3502 3703 3550 ge-

2131 3591 2336 3642 rendum
2378 3592 2450 3642 uti
2489 3591 2709 3655 volebat,
2754 3591 2928 3642 deinde
2964 3604 3080 3641 vero
3098 3576 3102 3581 ⁹
3122 3594 3442 3643 mercenarios
3480 3596 3700 3658 veteres,

2128 3710 2252 3759 quos
2267 3696 2518 3759 hucusque
2533 3697 2875 3758 usurpaverat,
2896 3695 2947 3744 in
2966 3696 3162 3746 castella
3183 3698 3233 3745 et
3264 3697 3480 3747 colonias
3503 3700 3700 3762 AEgypti

2128 3801 2413 3865 amandare,
2436 3814 2603 3852 recens
2635 3801 2918 3864 conscriptis
2952 3803 3116 3851 autem
3150 3803 3344 3864 explere
3374 3804 3426 3852 et
3459 3817 3702 3854 renovare

2126 3914 2234 3962 tum
2253 3910 2416 3975 palatii
2434 3910 2650 3961 custodes
2666 3911 2773 3960 tum
2796 3910 2982 3972 reliqua
2998 3909 3301 3960 Alexandriae
3323 3910 3458 3960 urbis
3469 3913 3698 3973 praesidia

2126 4021 2433 4084 moliebatur;
2465 4020 2745 4071 existimaus
2767 4020 2944 4070 milites
2961 4019 3023 4069 ab
3049 4020 3152 4083 ipso
3188 4021 3486 4086 conscriptos
3516 4023 3568 4070 et
3607 4024 3694 4072 sti-

2128 4133 2406 4197 pendiatus,
2443 4145 2568 4194 quos
2596 4132 2738 4180 antea
2773 4130 2933 4191 facta,
2969 4130 3141 4193 utpote
3171 4129 3335 4193 ignota
3374 4131 3514 4193 ipsis,
3558 4132 3695 4182 nullo

2125 4233 2271 4284 modo
2301 4234 2578 4295 affecerint,
2600 4234 2652 4282 et
2685 4231 2771 4295 qui
2804 4232 2857 4281 in
2892 4232 2999 4295 ipso
3033 4245 3143 4295 spes
3174 4232 3403 4295 repositas
3443 4232 3691 4295 habeant,

472 4396 669 4445 demum
688 4396 751 4445 ab
766 4395 1027 4457 Agathocle
1042 4395 1063 4457 (
1080 4396 1249 4459 Polyb.
1269 4399 1377 4456 XV,
1402 4402 1464 4446 25
1478 4433 1493 4458 ,
1517 4398 1595 4457 ¹).
1615 4422 1679 4433 —
1700 4396 1920 4459 2.ὔ6ριν
1942 4394 2042 4458 ἣν]
2062 4396 2119 4452 ἣν
2138 4408 2198 4443 ex
2222 4395 2435 4456 margine
2452 4392 2629 4441 oodicis
2647 4391 2803 4442 intuli.
2822 4418 2885 4428 —
2900 4399 2944 4441 3.
2965 4393 3033 4441 τὰ
3052 4391 3407 4455 ‹pmcn-rapti&
3429 4391 3603 4441 codex.
3622 4420 3696 4474 .—'

470 4471 519 4517 4.
538 4484 564 4516 τ
577 4471 663 4522 οῖς
682 4467 922 4523 πολλοῖς
942 4465 1147 4529 μῖσος]
1169 4470 1297 4517 luter
1307 4468 1494 4522 πολλοῖς
1512 4469 1562 4516 et
1575 4471 1711 4529 μῖσος
1730 4467 1882 4516 codex
1900 4466 2046 4515 habet
2059 4477 2226 4514 vocem
2245 4466 2535 4527 expunctum
2550 4462 2780 4525 δυνάμεις.
2802 4465 2915 4511 Mox
2930 4475 3114 4511 novum
3132 4462 3423 4511 vocabulum
3442 4468 3657 4512 occurrit
3675 4478 3690 4511 ι

468 4537 754 4599 ἐνεξώρκισε.
773 4561 836 4572 -
855 4541 901 4584 5.
925 4537 1261 4597 εἰθισμένοι
1284 4535 1587 4599 κατὰτὰς]
1611 4537 1872 4598 εἰθυσμέναι
1892 4535 2128 4591 καταστὰς
2147 4534 2326 4594 eodem
2348 4533 2476 4583 idem
2499 4546 2646 4585 mox.
2662 4534 2974 4596 φιλαμμώναπ
3000 4533 3270 4596 ἀρσινώης..
3295 4534 3589 4595 λικυαρχήν..
3612 4536 3688 4583 οἱ·

468 4607 644 4663 νάθην..
663 4605 984 4662 ἀγαθοιιλιίαν.
1006 4608 1076 4655 De
1096 4606 1268 4667 Pelope
1286 4606 1438 4667 legato
1460 4604 1654 4655 aliunde
1675 4618 1771 4653 non
1786 4607 1992 4654 constat.
2014 4607 2085 4653 De
2107 4604 2258 4667 pactis
2278 4616 2390 4666 quas
2415 4604 2705 4652 Ptolemaeus
2725 4604 3015 4665 Philopator,
3037 4604 3205 4666 proelio
3221 4603 3281 4651 ad
3305 4604 3537 4665 Raphiam
3557 4617 3689 4652 cocu·

469 4677 615 4726 misso
637 4676 793 4725 victor
817 4680 939 4737 (217
960 4689 1001 4724 a.
1037 4679 1093 4725 G.
1113 4677 1158 4738 ),
1193 4689 1305 4726 cum
1329 4676 1563 4725 Antiocho
1591 4678 1760 4737 Magno
1782 4675 1914 4735 iniit,
1937 4673 2049 4723 vide
2071 4674 2239 4735 Polyb.
2262 4678 2324 4734 v,
2345 4676 2418 4723 87.
2438 4677 2511 4723 De
2532 4672 2709 4723 soedere
2734 4673 2891 4735 quod,
2925 4676 3082 4722 morte
3105 4677 3181 4724 Pt.
3205 4674 3527 4736 Philopatoris
3547 4687 3688 4723 eom-

468 4750 632 4808 perta,
669 4745 933 4796 Antiochus
950 4759 1062 4795 cum
1083 4747 1298 4810 Philippo
1332 4745 1590 4796 Macedone
1607 4745 1668 4796 de
1690 4745 1946 4795 dividendo
1965 4757 2110 4807 regno
2131 4710 2324 4806 AEgypti
2340 4744 2476 4803 fecit,
2497 4756 2544 4791 v.
2567 4742 2731 4805 Polyb.
2751 4745 2859 4804 XV,
2882 4750 2968 4804 2ι;
2989 4745 3081 4804 111,
3103 4749 3159 4804 2,
3185 4751 3252 4793 8.
3279 4744 3689 4805 Συμφρονήσαντες

466 4816 698 4879 Ἀντίοχος
715 4818 794 4865 καὶ
816 4817 1048 4874 Φίλιππος
1067 4818 1142 4866 ἐπὶ
1162 4818 1380 4882 διαιρέσει
1405 4823 1486 4877 τῆς
1501 4824 1586 4867 τοῦ
1612 4819 2030 4880 καταλελειμμένου
2046 4817 2209 4871 παιδὸς
2232 4816 2375 4877 ἀργῆς
2393 4779 2585 4875 ἤρξαντο
2603 4818 3023 4877 κακοπραγμονειν.
3053 4813 3159 4863 Liv.
3181 4817 3366 4873 XXXI,
3389 4818 3473 4874 ¹45
3498 4815 3684 4866 sustin.

466 4888 628 4953 ΧΧΧ,
649 4892 678 4934 2
701 4889 825 4935 extr.
845 4912 910 4922 —
932 4894 980 4936 8.
1014 4890 1083 4936 De
1118 4888 1333 4937 moribus
1361 4887 1504 4948 huius
1532 4889 1774 4937 Ptolemaei
1802 4887 1972 4937 Sosibii
1998 4886 2032 4936 t'.
2055 4883 2407 4934 amacedomca
2424 4882 2659 4947 legatione
2691 4881 2883 4931 reducis
2899 4882 3009 4931 vide
3038 4882 3206 4944 Polyb.
3227 4885 3368 4944 xvl,
3393 4890 3481 4943 22,
3508 4889 3535 4931 3
3572 4897 3685 4946 sqq.

465 4944 582 5005 Mox
602 4958 966 5021 προεχειρήσατο
982 4957 1132 5006 codex
1145 4958 1284 5007 habet
1297 4963 1764 5021 ρωπροεχειρισατο.
1792 4961 1861 5007 De
1876 4956 2137 5008 Ptolemaeo
2156 4953 2405 5017 Agesarchi
2424 4953 2477 5015 r„
2503 4953 2607 5003 viro
2624 4952 2859 5015 prudente
2881 4956 3158 5014 acstrenuo,
3179 4953 3287 5002 vide
3300 4952 3467 5014 Polyb.
3481 4956 3688 5014 xxvii,

473 5032 547 5076 12.
579 5026 668 5075 nic·
690 5029 763 5075 est
786 5028 1072 5076 Ptolemaeus
1092 5027 1177 5089 qui
1196 5041 1271 5077 res
1299 5030 1375 5077 Pt.
1397 5028 1715 5089 Philopatoris
1731 5026 1882 5077 literis
1899 5026 2166 5076 mandavit.
2189 5054 2253 5067 -
2275 5029 2322 5074 7.
2351 5021 2769 5085 ἐξαπέστειλε]
2791 5023 2840 5072 h.
2859 5035 3029 5072 vocem
3054 5023 3289 5085 supplevi.
3319 5025 3498 5083 Scopas
3524 5036 3552 5071 e
3587 5025 3682 5071 Po·

468 5097 599 5159 lybio
624 5097 913 5147 notissimus.
940 5101 1175 5156 Quoeuam
1197 5097 1289 5148 sub
1316 5097 1577 5147 Ptolemaeo
1602 5098 1848 5160 Epiphane
1864 5097 2012 5159 egerit
2029 5095 2138 5146 vide
2166 5095 2249 5144 lib.
2276 5096 2414 5153 XVI,
2439 5097 2527 5153 89,
2551 5092 2662 5143 coll.
2690 5096 2819 5153 ΧἪ,
2841 5100 2887 5143 8.
2910 5095 3014 5143 Nex
3033 5094 3136 5154 eius
3159 5096 3381 5174 narratur
3403 5094 3490 5140 xv
3496 5095 3589 5153 lli,
3617 5097 3686 5142 36

468 5180 575 5228 sqq.
590 5195 653 5208 —
669 5170 717 5215 8.
734 5174 940 5230 προῡπ.
960 5166 1041 5229 οἱ]
1060 5175 1230 5228 προῡπ.
1252 5170 1332 5216 καὶ
1355 5167 1525 5227 codex,
1545 5167 1674 5229 quod
1693 5168 1732 5216 si
1750 5166 2010 5228 genuinum
2030 5171 2117 5225 est,
2135 5164 2315 5215 excidit
2335 5162 2624 5211 vocabulum
2638 5200 2652 5222 ,
2674 5163 2975 5226 μισθοφόρους
2996 5164 3069 5211 vel
3093 5164 3246 5213 simile
3269 5161 3403 5226 quid.
3428 5190 3488 5204 -
3504 5179 3554 5225 9.
3573 5178 3682 5213 πα·

470 5235 874 5299 ραπ>.ησίωςδὲ
903 5238 996 5285 καὶ
1018 5238 1083 5284 τὰ
1111 5236 1296 5300 κατὰ]
1324 5238 1623 5301 παραπλήσια
1646 5239 1708 5293 ὡς
1740 5237 1787 5286 δὲ
1819 5236 1897 5285 καὶ
1922 5237 2043 5285 κατὰ
2062 5235 2231 5285 codex.
2253 5236 2366 5285 Mox
2385 5246 2472 5296 pro
2496 5234 2685 5296 ἔχοντας
2705 5234 2869 5284 malim
2889 5236 3084 5290 ἕξοντας.
