3900 6042
684 470 1559 606 DIODORUS
1643 433 2718 678 PERIEGETAssl

138 984 414 1037 Putm.
451 978 763 1034 adPolem.
794 995 854 1051 p.
905 994 1014 1046 170
1056 996 1069 1030 :
1116 1001 1142 1026 α
1192 978 1409 1033 Primus
1435 980 1614 1050 quise

77 1072 401 1144 periegetam
430 1067 581 1120 inter
606 1066 903 1136 scriptores
930 1063 1205 1136 professus
1235 1076 1344 1133 est,
1386 1064 1613 1120 videtur

77 1157 220 1210 fuisse
246 1153 544 1210 Diodorus
567 1152 946 1225 (Atheniensis
965 1149 1016 1222 );
1046 1162 1197 1206 certe
1225 1151 1315 1205 bic
1353 1153 1617 1224 antiquis-

77 1243 226 1296 simus
246 1251 327 1295 est
354 1256 595 1305 eorum,
626 1236 699 1291 de
739 1233 944 1309 quibus
968 1237 1096 1291 satis
1134 1253 1342 1310 magno
1367 1235 1440 1290 ad
1455 1236 1617 1307 judi-

77 1328 299 1382 candum
322 1343 571 1380 numero
594 1323 1034 1397 fragmentorum
1053 1334 1284 1378 constat.
1305 1325 1470 1377 Hunc
1490 1335 1618 1379 ante

78 1412 365 1468 duodecim
391 1411 576 1466 tribus
600 1409 810 1465 Atticas
826 1409 1101 1463 institutas
1118 1409 1156 1462 i.
1184 1427 1236 1464 e.
1259 1418 1387 1463 ante
1408 1426 1618 1463 annum

82 1500 181 1554 308
202 1518 252 1553 s.
277 1500 339 1556 C.
358 1498 641 1571 scripsisse
665 1495 902 1551 Ahrens.
922 1493 1043 1569 (De
1067 1496 1275 1552 Athen.
1301 1506 1446 1550 statu
1467 1496 1619 1568 poli-

81 1588 180 1640 tico
198 1596 250 1640 et
271 1585 445 1642 litter.
462 1602 523 1658 p.
552 1582 682 1657 27)'
667 1582 951 1655 ingeniose
966 1582 1237 1636 conclusit
1252 1599 1321 1635 ex
1337 1599 1406 1636 eo
1421 1581 1621 1655 ,quod

88 1671 481 1744 Harpocration
522 1669 768 1740 aliique,
812 1684 1059 1739 quorum
1089 1666 1162 1721 de
1204 1667 1382 1722 demis
1425 1669 1623 1724 Atticis

85 1760 375 1814 notationes
396 1757 705 1811 maximam
724 1765 943 1828 partem
971 1772 1041 1810 ex
1065 1752 1327 1810 Diodoro
1354 1753 1620 1812 derivstae

86 1855 222 1911 sunt,
256 1861 553 1917 nunquam
587 1853 904 1896 memorant
942 1840 1378 1915 Antigonidem,
1415 1843 1622 1897 Deme-

88 1931 297 1986 triadem
312 1969 329 1998 ‚
358 1927 769 1985 Ptolemaidem
789 1967 805 1994 ‚
831 1928 1155 1983 Attalidem.
1180 1928 1263 1983 Cf.
1288 1927 1619 1985 Grotesend.

88 2016 138 2068 in
163 2012 436 2086 Zeitsehft.
451 2012 517 2085 s.
546 2013 960 2072 Atterthumsw.
993 2013 1140 2069 1836
1166 2032 1226 2087 p.
1260 2020 1426 2079 1040.
1466 2015 1622 2070 Scri-

90 2103 234 2172 psisse
269 2121 396 2157 eum
443 2113 581 2175 post
618 2110 834 2156 aetatem
875 2102 1264 2169 Anaximenis,
1309 2102 1366 2157 h.
1401 2118 1452 2159 e.
1496 2111 1624 2175 post

92 2189 445 2245 Alexandrum
472 2187 589 2258 M„
614 2199 771 2263 patet
800 2205 866 2243 ex
896 2188 1164 2243 Athenaeo
1196 2188 1372 2255 XIII,
1402 2206 1462 2261 p.
1509 2185 1615 2262 591

96 2276 132 2328 E
152 2275 231 2348 (fr.
254 2276 315 2350 5)
339 2294 354 2333 ε
376 2287 442 2331 ιιι
455 2276 627 2332 fuerit
646 2275 872 2348 aequalis
887 2274 1274 2347 Theophrasti,
1291 2275 1621 2346 Dicaearchi,

96 2362 329 2430 Eudemi,
353 2361 672 2418 Heraclidis
687 2361 936 2429 Pontici,
958 2360 1300 2415 Philochoro
1315 2371 1502 2416 antem
1520 2379 1618 2417 an·

98 2448 297 2519 tiquior,
320 2461 384 2503 ut
416 2451 519 2522 qui
546 2449 763 2522 scripsit
782 2458 913 2522 post
932 2445 1237 2502 duodecim
1260 2447 1437 2502 tribus
1465 2449 1622 2502 insti-

99 2544 235 2594 tutas.
250 2538 529 2610 Depatria
550 2535 794 2591 Diodori
815 2552 935 2589 non
953 2544 1199 2604 constat,
1214 2533 1313 2589 sed
1329 2545 1472 2612 puto
1492 2552 1620 2589 eum

101 2621 170 2674 vel
202 2623 415 2678 natione
443 2623 535 2677 vel
564 2622 786 2677 civitate
813 2621 1207 2677 Atheniensem
1235 2619 1419 2678 fuisse.
1460 2621 1623 2676 Certe

99 2708 360 2780 periegesis
371 2708 490 2780 ejus
504 2718 627 2764 tota
641 2689 823 2764 Attica
840 2715 976 2774 erat,
990 2723 1176 2779 neque
1192 2707 1341 2761 ultra
1357 2708 1624 2762 terminos

105 2795 269 2849 Atticae
297 2812 594 2869 progressa
620 2812 734 2849 esse
761 2769 1003 2862 videtur,
1023 2802 1080 2848 et
1099 2803 1318 2850 constat
1343 2794 1437 2848 illa
1459 2804 1619 2849 aetate

104 2882 457 2953 antiquitatum
501 2882 815 2938 Atticarum
852 2881 1099 2937 studium
1138 2893 1195 2936 et
1233 2880 1387 2953 apud
1426 2899 1624 2954 gram-

105 2969 301 3023 matites
320 2979 375 3024 et
391 2969 545 3044 apud
580 2969 872 3023 historicos
895 2986 1110 3023 summe
1127 2965 1402 3024 floruisse.
1433 2970 1519 3024 Ita
1546 2967 1619 3024 de

107 3055 325 3124 sepulcro
347 3056 734 3112 Themistoclis
748 3053 1037 3111 Diodorus
1056 3053 1358 3110 adhibetur
1375 3072 1468 3128 ap.
1500 3055 1625 3109 Plu-

108 3140 258 3197 tarch.
288 3144 549 3200 Themist.
579 3161 630 3200 c.
669 3141 738 3197 32
772 3141 877 3216 (fr.
931 3142 988 3215 ι)
1014 3141 1068 3197 ἕν
1098 3140 1204 3205 τοῖς
1254 3137 1386 3216 Περὶ
1413 3142 1626 3214 μνημά-

111 3243 221 3292 των,
250 3229 284 3285 i.
313 3247 361 3283 e.
389 3232 473 3284 De
491 3229 853 3284 monimentis
874 3239 939 3283 ut
964 3228 1192 3283 videtur
1212 3228 1620 3302 sepulcrorum.

114 3309 314 3368 Fabulas
324 3317 493 3370 etiam
525 3317 774 3387 ritusque
802 3332 987 3370 sacros
1012 3315 1074 3370 in
1093 3315 1469 3369 monumentis
1492 3332 1625 3387 per-

114 3398 364 3464 quirendis
390 3401 711 3457 Diodorum
738 3412 1091 3475 persecutum
1129 3419 1243 3456 esse
1281 3402 1530 3456 cernitur
1557 3418 1626 3456 ex

116 3479 355 3544 Plutarch.
374 3489 537 3546 Thes.
570 3507 623 3546 c.
666 3487 739 3544 36
768 3487 866 3562 (fr.
898 3484 987 3563 3).
1020 3487 1347 3559 Inquirebat
1373 3488 1539 3542 etiam
1566 3488 1627 3542 in

115 3569 278 3642 stirpes
312 3573 644 3631 familiarum
686 3575 1000 3630 Atticarum
1037 3573 1142 3648 (fr.
1191 3570 1282 3649 4).
1315 3574 1625 3629 Plurimum

117 3669 227 3706 vei-o
243 3658 396 3713 studii
424 3670 594 3733 atque
626 3678 811 3734 operae
838 3658 1014 3713 demis
1039 3660 1235 3714 Atticis
1255 3670 1512 3715 accurate
1534 3678 1625 3716 re·

116 3743 364 3798 censendis
382 3764 692 3820 eorumque
722 3746 1022 3820 gentilibus
1044 3745 1120 3800 ad
1144 3757 1321 3801 certas
1341 3764 1623 3820 gramma-

119 3825 216 3880 ticae
240 3829 373 3903 leges
390 3833 721 3889 revocandis
741 3832 988 3901 navavit3
1010 3851 1080 3887 ex
1103 3850 1221 3905 quo
1249 3850 1457 3905 opere,
1496 3831 1627 3911 Περὶ

117 3905 267 3981 δήμων
282 3918 601 3975 utvidetur
588 3921 856 3991 inscripto
880 3916 981 3992 (fr.
1008 3914 1140 3993 16),
1158 3919 1332 3974 multa
1351 3922 1627 3993 excerpsit

120 3994 512 4070 Harpocration.
556 4008 638 4061 Ex
662 4006 1011 4079 singulorum
1047 4005 1304 4059 locorum
1334 4021 1626 4078 compara-

120 4082 246 4140 tione
266 4099 405 4160 patet
425 4110 551 4148 cum
572 4095 645 4148 ita
666 4094 817 4148 fere
804 4111 862 4146 m
878 4092 990 4146 hoc
1013 4110 1186 4165 opere
1200 4104 1473 4148 versatum
1493 4111 1625 4165 esse,

124 4179 173 4220 ut
218 4184 268 4227 et
308 4175 593 4234 deniorum
645 4180 875 4234 nomina
926 4189 983 4233 et
1037 4179 1333 4252 phylarum
1346 4221 1365 4249 ‚
1426 4182 1629 4252 quibus

124 4258 323 4332 quisque
345 4268 608 4340 ascriptus
659 4276 824 4334 esset,
854 4276 1077 4321 notaret
1103 4278 1158 4321 et
1189 4285 1396 4322 nomen
1421 4270 1628 4341 gentile

126 4358 180 4394 ex
200 4344 331 4401 demi
354 4355 575 4408 nomine
599 4365 751 4409 recte
779 4353 1157 4408 derivandum*
1175 4352 1472 4425 subjiceret
1490 4394 1506 4423 ,
1528 4354 1628 4424 ad·-

128 4425 221 4523 difa
254 4434 402 4490 simul
432 4441 720 4508 cautione,
759 4441 804 4494 si
842 4439 1008 4512 plura
1042 4438 1288 4510 ejusdem
1329 4438 1479 4494 demi
1520 4459 1626 4495 no-

129 4528 251 4569 mma
280 4524 490 4591 gentilia
510 4527 596 4580 vel
618 4527 817 4581 similia
833 4525 1183 4580 diversorum
1204 4523 1500 4579 demorum
1524 4545 1629 4582 usn

128 4611 315 4672 ‘empta
330 4621 523 4679 essent,
542 4628 612 4666 ne
630 4611 745 4665 baec
768 4609 1268 4665 confunderentur.
1302 4611 1438 4680 Quae
1457 4609 1628 4664 docto

1705 987 1935 1059 insuper
1947 990 2394 1044 testimoniorum
2407 992 2694 1046 variorum
2705 1005 2975 1067 apparatu
2991 998 3254 1057 instructa

1707 1071 1870 1128 fuisse
1915 1071 2340 1142 affirmaverim,
2384 1093 2510 1149 quae
2549 1094 2618 1133 ex
2667 1081 2940 1134 seriorum
2973 1100 3256 1155 gramma-

1708 1160 1949 1214 ticorum
1987 1179 2147 1216 more
2192 1163 2376 1218 omisit
2423 1166 2857 1238 Harpocration.
2911 1192 2935 1216 »
2997 1170 3256 1228 Ceterum

1711 1247 1901 1301 Vossio
1945 1265 2005 1320 p.
2048 1246 2161 1312 430
2199 1249 2486 1305 Diodorus
2519 1253 2804 1326 periegeta
2836 1254 2986 1308 idem
3033 1275 3146 1313 esse
3173 1262 3256 1312 vi·

1709 1332 1896 1403 detur,
1939 1336 2040 1407 qui
2085 1331 2215 1412 Περὶ
2245 1338 2493 1410 σταθμῶν
2539 1339 2758 1410 scripsit
2808 1339 3019 1412 (schol.
3067 1344 3132 1398 Il.
3175 1347 3250 1414 V,

1712 1416 1849 1492 576;
1875 1419 2076 1476 Suidas
2105 1440 2160 1475 v.
2191 1423 2241 1480 T
2244 1418 2514 1498 ἅλαντον).
2552 1424 2722 1495 Quod
2756 1426 2908 1481 haud
2937 1428 3098 1483 facile
3126 1450 3270 1486 cre--

1709 1503 1934 1562 dideris.
1981 1509 2023 1562 F
2025 1508 2197 1562 efellit
2221 1510 2474 1564 vossium
2494 1515 2798 1582 periegetoe
2826 1514 3016 1568 titulus
3053 1518 3256 1573 Nostro

1710 1591 1968 1662 tributus,
1984 1612 2153 1667 quem
2163 1594 2238 1650 de
2252 1597 2576 1669 geographo
2599 1598 2750 1652 orbis
2773 1609 3046 1654 terrarum
3068 1607 3256 1675 perie-

1709 1694 1901 1750 geseos
1922 1692 2154 1736 auctore
2175 1681 2429 1754 accipere
2451 1682 2648 1737 solent.
2685 1683 2846 1739 Idem
2869 1687 3071 1742 accidit
3101 1693 3254 1745 Leo-

1710 1765 1919 1837 poldo‚
1947 1768 2049 1839 qni
2072 1766 2146 1823 ad
2187 1768 2468 1825 Plutarch.
2499 1769 2661 1825 Thes.
2701 1781 2845 1826 extr.
2892 1772 2965 1828 de
2996 1777 3256 1832 Diodoro

1714 1851 1836 1910 Per.
1862 1854 2096 1912 scribit:
2136 1855 2309 1910 Genoe
2331 1854 2692 1911 Char-aconas
2716 1855 2867 1926 flait,
2913 1864 3259 1936 geogr-aplius·

1709 1941 2115 2009 celeberrimus,
2176 1946 2273 2014 qui
2321 1944 2560 2016 Augusti
2613 1946 2942 2020 tempor-Ibus
2968 1948 3254 2017 floruerit.

1709 2028 2033 2083 Diodorum
2076 2028 2374 2084 confundit
2418 2048 2546 2085 cum
2590 2032 2861 2105 Dionysio
2899 2034 3254 2105 Characeno,

1708 2114 2058 2190 periegeseos
2099 2134 2295 2191 geogr.
2346 2118 2648 2190 scriptore,
2689 2118 2845 2190 cujus
2891 2121 3102 2177 Plinius
3145 2143 3260 2179 mc·

1710 2203 1885 2259 minit.

2149 2314 2323 2374 ΠΕΡΙ
2368 2316 2825 2376 ΜΝΗΜΑἸῺΝ.

1788 2540 2073 2598 Plutarch.
2107 2541 2461 2596 Themistocl.
2503 2559 2553 2595 c.
2589 2540 2687 2615 32,
2728 2552 3021 2615 postquam
3059 2543 3259 2600 Ando-

1713 2628 1894 2683 cidem
1924 2638 1979 2683 et
2008 2627 2378 2700 Phylarchum
2404 2645 2546 2682 vana
2581 2628 2802 2683 tradere
2831 2628 2902 2684 de
2942 2631 3256 2688 Themisto-

1713 2716 1811 2769 clis
1838 2716 2086 2787 reliquiis
2121 2714 2371 2783 dixerat,
2399 2716 2627 2789 pergit:
2658 2712 2912 2793 Διόδωρος
2939 2715 2986 2774 δ’
3015 2721 3043 2774 ὁ
3069 2740 3259 2797 περιη-

1713 2798 1873 2877 γητὴς
1893 2802 1954 2858 ἐν
1964 2806 2069 2865 τοῖς
2092 2800 2223 2879 Περὶ
2246 2803 2348 2857 τῶν
2369 2799 2656 2876 μνημάτων
2685 2801 2917 2879 εἴρηκεν,
2940 2806 3010 2869 ὣς
3029 2806 3259 2863 ὑπονοῶν

1715 2886 1944 2992 μᾶλλονω
1939 2883 1976 2956 ἢ
2005 2883 2303 2963 γινώσκων,
2329 2883 2409 2944 ὅτι
2405 2883 2545 2966 περὶ
2575 2884 2662 2943 τὸν
2680 2885 2867 2961 λιμένα
2887 2894 2978 2946 τοῦ
3003 2893 3261 2971 Πειραιῶς

1716 2972 1820 3031 ἀπὸ
1852 2976 1944 3032 τοῦ
1973 2971 2108 3031 κατὰ
2142 2971 2230 3030 τὸν
2255 2968 2506 3049 Αλκιμον
2535 2975 2857 3052 ἀκρωτηρίου
2891 2976 3160 3054 πρόκειταί
3187 3002 3263 3044 τις

1713 3051 1819 3118 οἷον
1847 3057 2021 3136 ἀγκὼν
2037 3102 2055 3135 ,
2078 3057 2168 3116 καὶ
2203 3058 2471 3139 κάμψαντι
2489 3064 2676 3117 τοῦτον
2704 3060 2841 3127 ἔντος
2873 3053 2913 3139 ᾗ
2933 3064 2994 3120 τὸ
3021 3064 3261 3123 ὑπεύδιον

1713 3149 1805 3216 τῆς
1826 3145 2084 3217 θαλάττης
2101 3146 2324 3254 κρηπίς..1
2315 3148 2453 3205 ἐστιν
2473 3146 2748 3224 εὐμεγέθης
2765 3148 2855 3206 καὶ
2878 3149 2937 3207 τὸ
2954 3151 3074 3230 περὶ
3098 3151 3261 3220 αὐτὴν

1717 3230 1996 3310 βωμοειδὲς
2034 3232 2194 3312 τάφος
2235 3239 2324 3292 τοῦ
2369 3233 2801 3308 Θεμιστοκλέους.
2843 3236 3030 3296 Οἶεται
3071 3237 3128 3296 δὲ
3169 3240 3260 3297 καὶ

1720 3317 1981 3377 Πλάτωνα
2011 3316 2097 3376 τὸν
2125 3319 2359 3395 κωμικὸν
2388 3321 2532 3398 αὐτῷ
2556 3329 2835 3400 μαρτυρεῖν
2863 3325 2917 3382 ἐν
2944 3324 3161 3390 τούτοις·

1834 3437 1897 3485 ’0
1918 3437 2002 3493 σὸς
2029 3438 2079 3486 st
2100 3437 2272 3500 τύμΰος
2291 3438 2339 3486 ἐν
2357 3439 2489 3500 καλῷ
2503 3441 2804 3502 κεχωσμένος

1836 3512 1932 3562 τοῖς
1950 3506 2171 3570 ἐμπόροις
2192 3507 2444 3571 πρόσρησις
2466 3508 2598 3558 ἔσται
2617 3515 2877 3572 πανταχοῦ,

1840 3576 1947 3631 τούς
1972 3577 2014 3625 τ’
2040 3576 2312 3633 ἐκπλέοντας
2330 3577 2621 3638 εἰσπλέοντάς
2637 3579 2679 3627 τ’
2697 3579 2863 3639 &latos

1836 3645 2060 3709 χώπύταν
2086 3646 2255 3709 ἅμιλλα
2278 3651 2371 3696 τῶν
2397 3651 2513 3696 νιῶν
2536 3647 2774 3697 θιάσιται.

1721 3745 2211 3800 «Accuratissima
2242 3745 2354 3799 loci
2389 3744 2722 3818 descriptio,
2759 3758 2824 3802 ut
2860 3750 3037 3804 oculis
3073 3751 3260 3806 stilum

1716 3831 1960 3887 auctoris
1978 3832 2136 3903 sequi
2163 3831 2356 3904 possis,
2387 3849 2563 3903 eaque
2592 3833 2807 3888 Comici
2841 3835 3088 3908 insuper,
3119 3855 3263 3909 quo·

1717 3938 1842 3974 rum
1866 3920 2194 3975 testimoniis
2213 3920 2394 3974 omnis
2431 3918 2548 3973 haec
2575 3921 2967 3993 antiquitatum
3009 3921 3266 3978 doctrina

1715 4003 1867 4078 apud
1908 4006 2254 4078 antiquiores
2285 4005 2548 4060 illustrari
2571 4006 2814 4074 solebat,
2846 4007 2975 4060 loco
3003 4007 3261 4063 stabilita.

1714 4094 1908 4165 Neque
1932 4094 2327 4148 asseverantius
2343 4110 2498 4147 suam
2525 4094 2853 4166 opinionem
2880 4094 3100 4166 posuit3
3128 4095 3262 4148 scri-

1714 4179 1884 4235 bebat
1906 4181 2054 4234 enim
2083 4181 2152 4243 ὡς
2177 4179 2407 4235 ὑπονοῶν
2431 4177 2634 4252 μᾶλλον
2669 4175 2705 4246 ἢ
2747 4174 3078 4253 γιγνιέισπων,
3106 4180 3264 4252 qnod

1713 4267 1832 4320 noli
1858 4266 1933 4322 ad
1960 4266 2392 4339 descriptionem
2420 4266 2530 4320 loci
2557 4264 2798 4332 referre,
2821 4282 2944 4337 quae
2966 4265 3095 4320 satis
3112 4265 3266 4321 lucu-

1715 4353 1863 4406 lenta
1890 4361 2000 4418 est,
2047 4369 2246 4406 verum
2287 4351 2517 4406 nolebat
2554 4347 2906 4405 confidenter
2944 4351 3015 4408 de
3053 4352 3266 4407 ossibus

1715 4437 2098 4492 Themistoclis
2116 4437 2174 4490 in
2200 4437 2442 4492 Atticam
2466 4435 2773 4509 deportatis
2794 4454 3258 4506 commemorare,

1717 4523 1789 4578 de
1807 4523 2014 4595 quibus
2031 4522 2353 4578 dubitanter
2370 4534 2557 4578 narrat
2576 4524 2742 4578 etiam
2760 4523 3018 4598 Thucyd.
3047 4526 3073 4580 I
3091 4565 3107 4592 ,
3134 4545 3153 4579 1
3169 4525 3260 4584 38.

1714 4607 1800 4665 Cf.
1824 4609 2056 4663 Pausan.
2086 4610 2136 4683 1,
2169 4628 2218 4676 1,
2242 4626 2298 4667 a.
2338 4633 2362 4658 υ
2400 4608 2671 4664 Ιίιιιιιι.
2702 4609 2775 4664 ad
2799 4610 3009 4668 Polem.
3029 4629 3090 4683 p.
3133 4631 3263 4683 171.

131 4699 3248 4737 ..x—m

516 4775 612 4834 DE
654 4773 1190 4834 MONUMENTIS.

833 4871 882 4920 1.

1714 4773 1814 4832 est,
1838 4771 1902 4820 ibi
1922 4770 2066 4832 justa
2091 4771 2428 4834 magnitudinis
2459 4774 2647 4822 exstare
2677 4772 2993 4835 crepidinem,
3017 4777 3161 4836 atque
3199 4776 3261 4824 sd

1715 4862 1821 4899 eam
1845 4862 1941 4898 am
1960 4852 2161 4898 fonnem
2180 4849 2358 4900 habens
2381 4850 2711 4900 Themistoclis
2739 4863 2841 4901 esse
2855 4851 3066 4901 bustum.
3091 4855 3267 4903 censet

142 4932 393 4991 Bbdoms
407 4947 692 5011 versegna·
678 4962 727 4998 m
744 4961 887 5012 opere
910 4952 981 4999 ne
999 4950 1321 5000 monumen&
1337 4950 1530 5012 geum
1563 4950 1629 4999 ἢ,
1712 4928 1861 4977 etiam
1883 4927 1973 4977 sibi
1997 4927 2242 4978 Platonem
2259 4928 2495 4977 comicum
2512 4929 2760 4991 suffragari
2786 4930 2859 4979 liis
2875 4929 3124 4980 versibus.

135 5003 273 5059 umen
311 5017 360 5065 ut
398 5023 645 5085 conjectari
687 5027 863 5089 magis,
895 5038 1041 5088 quam
1079 5031 1211 5076 certo
1240 5026 1361 5076 scire
1391 5027 1626 5089 videatur,

139 5078 437 5149 iuxtnpoetum
459 5101 645 5162 Pii-aiei,
662 5115 691 5150 a
713 5102 1068 5165 promontorio,
1091 5102 1221 5164 quod
1253 5106 1325 5152 est
1353 5116 1477 5164 pone
1498 5103 1626 5154 Alci-

141 5165 253 5209 mum
264 5171 449 5234 mmai
468 5177 701 5236 quendam
731 5179 879 5228 veluti
911 5178 1154 5239 cubitum,
1187 5178 1447 5228 secundnm
1481 5192 1627 5241 quem

142 5240 174 5278 ⁸¹
187 5232 292 5288 mtto
309 5240 451 5297 flecht
467 5252 570 5312 quis
586 5267 778 5304 cursum
791 5268 918 5316 ,quo
936 5254 1043 5303 loco
1057 5268 1188 5304 marc
1203 5255 1299 5305 fere
1317 5257 1625 5317 tranquillum

315 5336 570 5383 moneam
598 5349 780 5387 utnon
814 5351 895 5386 GR
916 5361 969 5377 ’-
991 5349 1102 5388 Vota·
1124 5353 1175 5390 ΙΙ.

1820 5059 1917 5110 Qus
1934 5056 2131 5102 hinnulus
2147 5061 2215 5103 est
2231 5061 2335 5114 apto
2351 5057 2497 5103 editus
2516 5058 2596 5104 tibi
2614 5058 2714 5104 loco

1818 5128 2121 5182 negotiatore·
2137 5127 2390 5172 minabunt
2409 5139 2513 5172 eum

1818 5207 1992 5252 semme
2012 5212 2023 5239 a
2043 5196 2211 5239 videbit
2227 5194 2383 5239 advehi
2399 5200 2440 5239 et
2461 5195 2686 5242 discedere

1816 5275 1895 5309 eos
1908 5295 1919 5317 ‚
1939 5264 2107 5309 videbit
2123 5264 2304 5309 navium
2323 5265 2580 5309 certamina.
