3900 6042
1040 421 1507 482 FRAGMENTA
1555 422 1847 482 CALLIAE
1887 425 2380 486 SYRACUSANJ.

210 564 474 636 Spectant
491 563 605 617 haec
617 560 689 616 ad
700 562 1075 615 narrationem
1095 560 1166 615 de
1180 561 1377 614 itinere
1398 560 1643 633 Ophellae
1656 603 1671 629 ,

134 652 227 721 qui
287 649 517 721 Cyrenis
559 665 662 721 per
710 648 972 719 regiones
1023 645 1268 700 desertas
1325 664 1453 700 cum
1506 639 1676 699 manu

136 737 387 790 auxiliari
424 735 786 808 Agathoclem
833 734 1133 788 convenire
1169 734 1495 806 properavit
1534 731 1670 806 (Ol.

142 841 160 875 ι
178 820 265 890 18,
302 841 351 878 ι.
384 820 552 892 307).
579 819 721 875 Vide
742 819 981 875 Diodor.
1002 819 1135 888 XX,
1167 825 1261 884 42.
1292 821 1376 874 De
1395 819 1588 892 Psyllis
1604 818 1675 875 cf.

136 927 318 964 versus
342 906 613 963 Nicandri
634 924 726 980 ap.
753 905 958 974 AElian.
991 906 1031 960 l.
1059 906 1097 961 l.
1120 917 1175 960 et
1197 905 1494 980 fragment.
1521 907 1674 980 Aga-

136 994 434 1050 tliarchidis
454 1012 546 1067 ap.
570 993 771 1048 AElian.
794 993 955 1061 XVI,
980 1010 1075 1060 27,
1101 991 1293 1065 ibique
1319 994 1669 1065 interpretes.

881 1120 937 1180 4.

206 1217 391 1291 Schol.
418 1234 610 1308 Apoll.
638 1232 827 1288 Rhod.
847 1234 965 1303 111,
997 1239 1063 1297 41
1096 1250 1110 1289 :
1135 1231 1257 1289 Τῶν
1280 1229 1474 1290 Αἰόλου
1498 1229 1676 1299 νήσων

139 1319 267 1377 ἐστὶν
311 1323 346 1390 ἦ
380 1317 525 1397 Ἱέρα
566 1317 889 1394 καλουμένη,
927 1320 978 1374 ἓν
1014 1308 1051 1395 ᾗ
1092 1317 1219 1396 φασὶ
1262 1315 1347 1374 τὸν
1383 1315 1680 1396 Ἥφαιστον

136 1403 417 1482 χαλκεύειν.
433 1401 660 1479 Ἱστορεῖ
688 1401 922 1469 Καλλίας
944 1403 997 1459 ἐν
1013 1402 1213 1482 δεκάτῳ
1232 1405 1332 1459 τῶν
1351 1405 1431 1463 Πε
1465 1403 1485 1461 ἰ
1516 1402 1675 1479 Ἀγα-

140 1489 314 1547 θοκλέα
330 1535 345 1561 ,
374 1487 544 1566 λέγων
568 1479 701 1546 εἶναι
729 1488 818 1545 καὶ
841 1488 1025 1567 ὄροφον
1047 1487 1266 1567 ὑψηλὸν,
1300 1491 1379 1568 ἐφ’
1402 1426 1464 1545 σε
1488 1492 1678 1567 κρατῆ·

139 1598 213 1650 ρες
237 1576 334 1632 εἶσὶ
362 1575 488 1633 δύο·
519 1566 591 1632 ὧν
628 1578 657 1632 δ
691 1573 856 1653 ἔτερος
877 1575 986 1632 ἐστὶ
1017 1572 1112 1644 τὴν
1135 1573 1440 1653 περίμετρον
1463 1574 1679 1653 τριστά-

139 1665 261 1733 διος,
277 1662 326 1730 ἐξ
350 1654 410 1720 οὗ
444 1661 582 1720 πολὺ
606 1662 813 1743 φέρεται
840 1661 1023 1741 φέγγος
1038 1709 1055 1736 ,
1076 1659 1210 1718 ὥστε
1238 1661 1322 1718 ἐπὶ
1346 1660 1506 1719 πολὺν
1525 1661 1678 1719 τόπον

140 1747 321 1817 διήκειν
346 1748 637 1827 φωτισμόν.
664 1743 889 1805 Ἔπειτα
918 1751 978 1806 ἐκ
998 1753 1089 1805 τοῦ
1107 1746 1375 1826 χάσματος
1399 1747 1678 1827 ἀναφέρον-

146 1859 225 1890 ται
271 1835 515 1916 διάπυροι
564 1835 695 1893 λίθοι
740 1834 1191 1911 ἀπλετομεγέθεις’
1238 1835 1328 1892 καὶ
1384 1837 1681 1906 τηλικοῦτος

146 1920 323 1998 βρόμος
363 1920 594 1997 γίνεται,
629 1924 746 1979 καθ’
782 1920 837 1978 ὃν
869 1920 1045 1998 καιρὸν
1075 1919 1349 1996 συμὸαίνει
1375 1918 1679 1999 ἰργάζεσθαι

139 2005 217 2064 τὸν
240 2007 558 2088 Ἥφαιστον,
582 2005 715 2065 ὥστε
743 2006 828 2064 ἐπὶ
855 2006 1169 2065 πεντακόσια
1195 2007 1379 2065 στάδια
1406 2006 1680 2065 ἀκούεσθαι

138 2094 216 2151 τὸν
243 2085 392 2172 ἦχον.
420 2097 498 2154 Οἱ
521 2092 573 2152 δὲ
605 2096 662 2151 ἐκ
696 2099 786 2152 τοῦ
819 2092 1181 2173 ἔκφυσήματος
1216 2092 1680 2171 ἀναρριπτούμενοι

140 2179 311 2259 μύδροι
335 2181 421 2238 διὰ
443 2180 544 2250 τὴν
567 2180 855 2260 ἐκπύρωσιν
882 2181 1106 2239 πάντοτε
1132 2181 1297 2247 ἰώδεις
1327 2180 1426 2239 εἶσὶ
1452 2180 1543 2240 καὶ
1567 2182 1679 2238 δια-

137 2265 432 2341 κεκαυμένοι
458 2265 557 2337 τὴν
582 2265 720 2345 ὄψιν,
743 2263 834 2324 καὶ
860 2265 954 2336 τὴν
977 2265 1194 2343 δύναμιν
1216 2267 1331 2326 καθ’
1352 2267 1500 2339 ἥλιον
1525 2267 1678 2346 ἔχου-

141 2373 246 2409 σαν.
276 2351 511 2432 Νύκτωρ
536 2351 629 2427 μὲν
654 2343 743 2411 οὖν
769 2352 940 2410 πάντα
957 2352 1023 2411 τὰ
1047 2353 1170 2433 περὶ
1192 2353 1285 2424 τὴν
1314 2355 1559 2435 ἐργασίαν
1586 2359 1678 2412 τοῦ

149 2441 253 2494 θεοῦ
272 2437 524 2512 γινόμενα
551 2439 723 2503 καλῶς
752 2440 1027 2506 δηλοῦται·
1056 2438 1167 2514 μεθ’
1194 2438 1397 2519 ἡμέραν
1420 2438 1476 2497 δὲ
1498 2442 1559 2498 ἐκ
1584 2443 1676 2510 τῆς

140 2527 381 2602 κορυφῆς,
408 2524 528 2581 ὅθεν
546 2529 580 2595 ἡ
609 2523 732 2604 φλὸξ
758 2523 978 2597 ἀνίησιν,
999 2523 1176 2604 ὥσπερ
1205 2525 1349 2606 νέφος
1375 2524 1678 2604 ὑπερκείμε-

140 2615 221 2666 νον
261 2613 461 2690 δρᾶται.
495 2614 672 2669 Paulo
712 2624 841 2669 ante
882 2633 970 2687 ap.
1012 2613 1256 2671 eundem
1293 2615 1469 2673 schol.
1506 2615 1677 2688 vulgo

142 2699 335 2774 legitur
362 2698 605 2765 Καλλίας
629 2719 739 2775 pro
763 2699 1126 2777 Καλλίμαχος.

875 2813 932 2872 5.

208 2934 439 3009 Dionys.
472 2937 601 2992 Hal.
639 2939 709 2991 A.
735 2937 807 2991 R.
840 2938 897 3003 1,
934 2954 1028 3006 72,
1056 2955 1117 3011 p.
1157 2936 1261 2992 182
1290 2938 1363 2993 R.
1397 2958 1411 2992 ε
1440 2935 1679 3001 Καλλίας

142 3020 185 3075 δ’
220 3023 247 3077 δ
295 3018 391 3087 τὰς
429 3019 802 3098 Ἀγαθοκλέους
849 3020 1057 3100 πράξεις
1116 3020 1418 3102 ἀναγράψας
1463 3021 1677 3098 Ῥώμην

138 3105 243 3163 τινὰ
268 3106 499 3186 Τρῳάδα
529 3110 632 3164 τῶν
657 3105 1038 3187 ἀφικνουμένων
1059 3105 1172 3180 ἅμα
1198 3114 1303 3174 τοῖς
1329 3106 1502 3173 ἄλλοις
1520 3111 1678 3186 Τρω-

140 3191 214 3249 σὶν
247 3196 315 3259 εἰς
348 3192 618 3264 Ἰταλίαν,
646 3192 915 3270 γήμασθαι
957 3192 1169 3274 Λατίνῳ
1210 3197 1291 3272 τῷ
1329 3196 1532 3273 βασιλεῖ
1574 3198 1677 3253 τῶν

139 3277 477 3359 Ἀδοριγίνων,
529 3279 621 3338 καὶ
669 3284 912 3357 γεννῆσαι
957 3279 1048 3339 δύο
1080 3281 1299 3352 παῖδας,
1343 3280 1550 3356 Ῥῶμον
1590 3280 1680 3338 καὶ

142 3363 427 3443 Ῥωμύλον·
459 3363 756 3433 οἳκίσαντας
792 3368 844 3424 δὲ
876 3366 1047 3445 πόλιν,
1077 3366 1185 3425 ἀπὸ
1212 3373 1303 3440 τῆς
1327 3367 1520 3447 μητρὸς
1548 3371 1678 3447 αὐτῇ

139 3452 301 3512 θέσθαι
330 3454 579 3530 τοῦνομα.

206 3542 414 3598 Eadem
449 3561 525 3599 ex
549 3544 823 3617 Dionysio
855 3543 1059 3599 Euseb.
1090 3544 1299 3601 Chron.
1332 3562 1394 3617 p.
1429 3541 1542 3598 205
1581 3543 1674 3601 ed.

886 3711 943 3760 4.

196 3802 266 3847 Ex
284 3798 404 3850 AEoli
428 3799 598 3848 insulis
615 3812 711 3847 una
734 3801 935 3848 vocatur
949 3801 1093 3848 lliera
1109 3834 1122 3857 ,
1146 3812 1291 3862 quam
1312 3799 1509 3847 Vulcani
1528 3798 1653 3848 offici
1666 3825 1682 3836 ·

144 3885 249 3922 nam
270 3888 371 3925 esse
403 3876 560 3926 aiunt.
624 3875 797 3925 Callias
814 3875 936 3925 libro
960 3874 1144 3925 decimo
1169 3875 1230 3924 de
1253 3874 1394 3924 rebus
1416 3875 1684 3937 Agathoclis

139 3951 279 4002 altam
295 3966 397 4004 esse
413 3966 659 4003 cameram
678 3956 866 4016 narrat,
889 3953 1012 4004 duos
1035 3954 1291 4004 habentem
1307 3956 1538 4014 crateres,
1558 3967 1681 4015 qno-

141 4041 240 4077 rum
255 4030 374 4080 alter
389 4030 816 4080 triumsmdiorum
834 4031 896 4080 sit
916 4030 1121 4080 ambitu.
1178 4028 1388 4082 'Malum
1403 4030 1513 4080 inde
1525 4031 1683 4080 efferri

150 4103 412 4165 flammam,
445 4119 559 4168 qum
590 4107 641 4156 in
671 4105 942 4168 adiacentes
974 4106 1105 4156 locos
1135 4107 1404 4168 longissime
1434 4107 1681 4166 pelluceat.

140 4182 257 4231 'rum
273 4195 336 4232 ex
359 4181 498 4232 hiatu
521 4182 605 4232 illo
622 4181 846 4244 eiaculari
866 4183 1045 4245 lapides
1065 4182 1235 4245 ignitos
1260 4184 1480 4233 immanis
1500 4185 1683 4244 magni-

140 4257 329 4308 tudinis.
363 4259 642 4321 Tantusque
656 4294 672 4319 ,
689 4259 785 4319 ait,
804 4258 998 4320 quando
1010 4260 1143 4321 operi
1158 4259 1404 4309 Vulcanus
1422 4260 1682 4321 incumbit,

139 4332 287 4396 fragor
306 4333 363 4383 iit
375 4370 391 4396 ,
410 4335 468 4382 ut
494 4346 579 4397 per
595 4335 854 4397 quingenta
869 4334 1022 4383 stadia
1046 4335 1229 4385 sonitm
1246 4335 1548 4385 exaudiatur.
1574 4335 1682 4396 Eje-

140 4411 225 4458 ctae
241 4423 356 4459 vero
378 4410 757 4460 eructationibus
770 4423 938 4460 massae
951 4423 1034 4473 per
1052 4410 1470 4461 inflammationem
1490 4423 1684 4474 prorsus

142 4485 440 4549 teu-ruginem
468 4489 522 4537 et
549 4490 753 4549 perustae
773 4490 886 4538 sunt
901 4490 1113 4550 aspectu.
1179 4491 1334 4538 Noctu
1352 4489 1493 4551 igitur
1522 4490 1683 4538 omnia

140 4563 237 4612 haic
265 4577 377 4627 qum
410 4567 529 4614 sunt
560 4566 689 4615 eirca
722 4566 798 4616 dei
831 4565 1075 4627 opificium
1104 4566 1227 4616 hene
1259 4567 1509 4617 manifesta
1542 4570 1680 4628 sunt3

143 4637 338 4688 interdiu
375 4652 496 4689 vero
527 4641 693 4691 vertici
725 4642 931 4701 montis,
962 4641 1092 4692 unde
1120 4641 1314 4692 flamma
1342 4643 1518 4706 surgit,
1547 4642 1682 4705 quasi

142 4714 284 4766 aab&
298 4715 528 4778 quadam
542 4717 821 4780 superjacet.

198 4904 390 4966 callias,
404 4904 492 4967 qul
509 4905 775 4967 Agathoclis
792 4919 869 4956 res
885 4907 1039 4969 gestas
1053 4906 1348 4970 conscripsit,
1370 4907 1456 4969 ait,
1480 4909 1681 4957 Romam

142 4980 374 5041 quandam
389 5017 404 5040 ,
424 4993 571 5030 unam
595 4995 624 5032 e
645 4981 956 5045 Trojanarum
987 4996 1217 5045 numero,
1243 4997 1354 5046 quae
1377 4997 1488 5033 cum
1515 4985 1683 5034 ceteris

143 5056 354 5117 Troianis
384 5055 435 5108 in
458 5056 644 5108 ltaliam
662 5060 894 5108 venerant
908 5095 924 5121 ,
944 5059 1113 5110 Latino
1136 5058 1443 5122 Alloriginum
1471 5061 1566 5122 regi
1593 5074 1679 5110 nu·

144 5130 583 5194 psisseeiqueduos
615 5133 737 5184 filios
770 5135 1030 5197 peperisse,
1063 5137 1266 5186 Remum
1295 5137 1346 5186 et
1380 5137 1675 5188 Romulum:

3191 444 3300 493 383

1768 557 1897 610 Mai.
1956 559 2039 612 Ex
2094 559 2206 612 alio
2264 559 2418 614 fonte
2472 560 2708 616 hausisse
2757 562 2978 617 videtur
3029 566 3313 636 Syncellus

1765 660 1821 714 p.
1856 661 1959 715 ¹97
1985 648 2032 698 A
2061 661 2075 696 ε
2101 639 2240 716 Πρὸς
2266 639 2471 726 τούτοις
2487 641 2574 699 καὶ
2610 646 2654 701 Κ
2672 644 2904 710 αλλίας
2931 650 2958 703 δ
2988 646 3080 711 τὰς
3106 647 3313 726 πράξεις

1768 725 2129 803 Ἀγαθοκλέους
2157 727 2368 807 γράφων
2409 728 2628 805 γυναῖκά
2674 755 2789 788 τινα
2830 730 3045 809 Ῥώμην
3085 733 3313 810 τοῦνομά

1769 835 1895 891 φησι
1914 813 2144 892 Τρῳάδα
2167 813 2226 871 τὸ
2249 813 2389 890 γένος
2403 813 2494 873 σὺν
2506 825 2610 881 τοῖς
2620 817 2828 895 Τρωσὶν
2857 820 3103 877 ἐλθοῦσαν
3119 825 3192 900 τῷ
3221 846 3314 892 τη-

1769 905 1987 958 νικαῦτα
2006 900 2327 979 βασιλεύοντι
2342 900 2552 982 Λατίνῳ
2566 907 2656 973 τῆς
2674 902 2903 972 Ἰταλίας
2928 905 3197 983 γήμασθαι
3224 912 3312 966 καὶ

1768 991 1933 1045 τεκεῖν
1963 988 2104 1068 αὐτῷ
2138 989 2327 1054 παῖδας
2358 995 2515 1069 τρεῖς,
2561 988 2766 1065 Ῥῶμον
2808 992 2897 1049 καὶ
2927 991 3195 1067 Ῥωμύλον
3224 998 3316 1054 καὶ

1770 1071 2087 1150 Τηλέγονον,
2111 1071 2165 1131 ὃν
2189 1065 2398 1143 οἶκῆσαι
2421 1077 2473 1132 ἐν
2498 1075 2672 1142 ἄλλοις
2690 1076 2899 1157 χωρίοις
2923 1078 3151 1154 ἐλέγετο·
3181 1081 3313 1142 Ῥῶ-

1772 1182 1866 1235 μον
1887 1158 1941 1217 δὲ
1966 1160 2055 1219 καὶ
2094 1159 2366 1235 Ῥωμύλον
2403 1163 2595 1228 παῖδας
2622 1163 2845 1221 Λατίνου
2871 1165 2960 1222 καὶ
2989 1163 3204 1242 Ῥώμης
3225 1173 3316 1238 τῆς

1770 1246 2017 1326 Τρῳάδος
2055 1245 2147 1318 τὴν
2185 1246 2336 1306 πόλιν
2385 1248 2559 1306 κτίσαι
2596 1249 2682 1306 καὶ
2732 1249 2946 1328 Ῥώμην
2987 1253 3206 1312 καλέσαι
3242 1261 3316 1337 τῷ

1772 1330 2000 1414 μητρῴῳ
2044 1332 2293 1411 ὀνόματι,
2338 1332 2456 1400 τούς
2510 1358 2566 1393 τε
2608 1334 2714 1395 ἀπὸ
2761 1337 2986 1398 Λατίνου
3031 1340 3283 1409 Λατίνους
3302 1388 3318 1414 ,

1770 1416 1889 1484 τοὺς
1927 1420 2017 1475 καὶ
2044 1418 2364 1499 Ἀὅορίγινας
2387 1418 2631 1498 πρότερον
2667 1422 2997 1500 λεγομένους,
3023 1424 3318 1504 Ῥωμαίους

1770 1511 2205 1585 προσαγορεῦσαι.

1851 1596 2102 1652 Turbata
2134 1596 2205 1651 ab
2251 1608 2582 1669 excerptore
2610 1614 2723 1653 esse
2750 1599 3032 1670 videntur,
3081 1622 3203 1675 quae
3233 1606 3316 1660 lc-

1770 1691 1981 1753 guntur
2007 1701 2096 1756 ap.
2130 1683 2351 1737 Festum
2378 1701 2436 1755 p.
2473 1681 2585 1755 269
2622 1683 2715 1741 ed.
2754 1683 2981 1742 Miiller.
3018 1703 3033 1743 :
3064 1690 3319 1745 Callima·

1775 1762 1795 1840 [
1817 1765 2037 1820 Callias
2053 1768 2252 1842 Scalig.
2272 1765 2321 1842 ],
2367 1769 2697 1839 Agathoclis,-
2717 1770 2895 1825 Siculi
2911 1777 3006 1845 qui
3031 1793 3117 1828 res
3131 1791 3319 1847 gestas

1770 1853 2119 1927 cotiscripse't‚
2149 1855 2453 1908 arbitratur
2470 1873 2503 1909 e
2522 1875 2688 1909 manu
2717 1859 3073 1929 ijanoreem
3086 1860 3314 1934 sagien·

1771 1948 1905 1996 tium
1952 1945 2066 1998 Ilio
2104 1954 2298 2015 captO,
2356 1945 2576 1997 cuidam
2603 1941 2790 2013 fuisse
2842 1965 3039 2002 nomen
3083 1951 3305 2016 Latine,

1770 2047 1999 2103 eumque
2038 2028 2294 2084 habuisse
2342 2036 2629 2102 conjugem
2661 2031 2962 2102 mamam,
3006 2054 3042 2088 α
3078 2055 3204 2108 (1110,
3262 2051 3320 2093 ιιι

1769 2119 1950 2170 Italia
1973 2121 2044 2171 sic
2062 2121 2285 2190 potitus,
2313 2118 2499 2170 urbem
2521 2118 2844 2186 condiderit,
2867 2139 3033 2194 quam
3045 2121 3317 2178 Rhomam

1770 2207 2137 2277 appellavisse
2176 2201 2259 2278 [a
2289 2222 2479 2276 qua...
2517 2205 2738 2270 urbem,
2782 2225 2947 2279 quam
2977 2209 3306 2276 condiderit,

1765 2290 1875 2345 Rlae.
1908 2292 2316 2364 appellavisse,
2349 2287 2568 2347 Miiller.
2589 2288 2634 2365 ].

1844 2376 1927 2434 Cf.
1958 2377 2232 2432 Niebuhr.
2261 2378 2439 2430 Roem.
2472 2375 2665 2430 Gesclz.
2708 2379 2763 2441 1,
2791 2395 2853 2450 p.
2893 2376 3024 2452 189.
3058 2379 3317 2434 Ceterum

1767 2461 1839 2517 de
1866 2463 2134 2517 Romanis
2151 2461 2346 2517 Callias
2359 2462 2614 2535 quaedam
2631 2463 3030 2536 interposuerit
3052 2483 3121 2519 eo
3149 2466 3279 2520 loco
3299 2508 3317 2537 ,

1767 2567 1882 2622 quo
1908 2548 1980 2603 de
1999 2549 2320 2623 Agathoclis
2342 2550 2401 2603 in
2417 2549 2577 2603 Italia
2595 2549 2763 2604 rebus
2780 2552 2942 2624 gestis
2967 2568 3151 2605 sermo
3175 2563 3313 2606 erat.

2492 2660 2551 2717 6.

1843 2773 2086 2829 Diodor.
2123 2775 2298 2844 xxj,
2331 2771 2427 2842 16,
2463 2770 2496 2827 5
2532 2791 2546 2826 ε
2580 2761 2891 2847 Ἀγαθοκλῆς
2920 2772 3013 2845 μὲν
3041 2771 3316 2839 πλείστους

1765 2855 1855 2913 καὶ
1902 2856 2307 2921 ποικιλωτάτους
2347 2855 2526 2936 φόνους
2570 2857 2993 2933 ἐπιτελεσάμενος
3042 2857 3179 2916 κατὰ
3220 2857 3318 2929 τὴν

1767 2935 2099 3005 δυναστείαν,
2125 2934 2215 2993 καὶ
2228 2938 2293 3013 τῇ
2307 2932 2447 2992 κατὰ
2468 2937 2571 2991 τῶν
2593 2933 2869 3014 ὁμοφύλων
2895 2933 3131 3012 ὠμότητι
3152 2959 3316 3014 προσ-

1766 3021 1867 3087 θεὶς
1893 3022 1982 3079 καὶ
2022 3026 2116 3091 τὴν
2158 3024 2227 3086 εἰς
2260 3021 2400 3087 θεοὺς
2443 3019 2707 3092 ἆσέὸειαν,
2755 3019 3057 3100 πρέπουσαν
3084 3023 3318 3102 παρέσχε

1766 3111 1831 3185 τῇ
1859 3107 2161 3187 παρανομία
2183 3106 2277 3178 τὴν
2305 3114 2395 3167 τοῦ
2423 3106 2535 3186 βίου
2562 3107 2944 3188 καταστροφὴν,
2967 3109 3314 3176 δυναστεύσας

1769 3192 1861 3268 μὲν
1876 3192 1967 3265 ἔτη
1989 3193 2080 3252 δύο
2091 3198 2192 3253 τῶν
2204 3193 2480 3275 τριάκοντα
2504 3194 2770 3273 λείποντα,
2787 3196 2981 3274 βιώσας
2999 3195 3052 3255 δὲ
3078 3198 3169 3256 δύο
3190 3198 3319 3276 πρὸς

1766 3282 1870 3347 τοῖς
1902 3281 2259 3359 ἑόδομήκοντα
2298 3280 2418 3354 ἔτη,
2445 3281 2615 3348 καθὼς
2661 3282 2884 3357 Τίμαιος
2922 3287 2952 3340 ὁ
2999 3285 3320 3360 Συρακόσιος

1768 3368 2055 3449 συγγράφει
2070 3413 2087 3445 ,
2110 3368 2201 3428 καὶ
2229 3369 2461 3435 Καλλίας
2476 3369 2566 3427 καὶ
2586 3369 2735 3437 αὐτὸς
2756 3371 3131 3449 Συρακούσιος,
3155 3371 3319 3430 εἴκοσι

1770 3454 1858 3514 δύο
1886 3455 2093 3533 βίὸλους
2114 3456 2437 3536 συγγράψας,
2459 3456 2549 3515 καὶ
2566 3453 2873 3536 Ἄντανδρος
2888 3461 2916 3515 δ
2936 3458 3153 3538 ἀδελφὸς
3168 3458 3316 3536 Ἀγα-

1770 3540 2006 3609 θοκλέους
2031 3543 2122 3601 καὶ
2145 3543 2296 3610 αὐτὸς
2318 3541 2661 3623 συγγραφεύς.

1769 3719 1947 3769 eosque
1988 3708 2097 3758 urbi
2141 3708 2204 3757 ab
2245 3708 2358 3771 ipsis
2407 3708 2614 3759 conditae
2653 3710 2820 3758 matris
2864 3723 3041 3761 nomen
3086 3712 3314 3772 posuisse.

1831 3784 1904 3834 Ad
1938 3785 2045 3834 haic
2070 3784 2269 3846 callias,
2289 3798 2450 3834 rerum
2473 3785 2535 3835 ah
2556 3785 2811 3846 Agathocle
2828 3789 3069 3848 gestannn
3095 3788 3316 3850 scriptor.

1769 3861 2014 3910 mulierem
2046 3860 2319 3924 quampiam
2354 3862 2547 3911 nomine
2582 3863 2811 3924 Romam,
2848 3875 3018 3923 genere
3047 3863 3282 3913 Troadem
3301 3901 3316 3923 ,

1768 3954 1880 3990 cum
1914 3941 2129 4002 Troianis
2148 3942 2406 4002 profectam
2424 3976 2439 4002 ,
2467 3940 2617 3989 ltaliae
2635 3942 2750 3989 tunc
2777 3940 2872 4002 regi
2891 3941 3062 3990 Latino
3097 3940 3318 4004 coniugio

1768 4019 1991 4078 locatam,
2011 4019 2255 4080 tiliostres,
2270 4020 2495 4080 Romum,
2517 4019 2773 4068 Romulum
2788 4020 2836 4067 et
2854 4019 3160 4080 Telegonum,
3171 4031 3316 4079 quem

1768 4096 1984 4145 alialoca
2005 4097 2253 4145 incoluisse
2278 4096 2462 4154 serunt,
2490 4093 2724 4157 peperisse
2745 4096 2932 4153 narrat;
2953 4097 3161 4142 Romum
3199 4107 3316 4144 vero

1767 4174 1817 4222 et
1856 4171 2115 4222 Romulum
2146 4171 2313 4222 Latino
2343 4173 2587 4232 Romaque
2616 4170 2803 4220 Troade
2832 4172 3105 4232 procreatos
3148 4170 3316 4220 urbem

1768 4249 2063 4309 condidisse,
2081 4261 2230 4310 quam
2252 4250 2471 4296 materno
2497 4250 2661 4296 Romae
2681 4245 2874 4296 nomine
2906 4246 3247 4308 appellassent,
3267 4250 3317 4296 et

1766 4329 1961 4377 Latinos
1980 4340 2010 4375 a
2031 4327 2199 4376 Latino
2214 4362 2230 4387 ,
2253 4325 2531 4385 Aborigines
2555 4325 2687 4387 prius
2711 4324 2891 4382 dictos,
2923 4336 3241 4386 nuncupasse.

2510 4452 2563 4502 6.

1828 4593 2137 4656 Agathocles,
2183 4604 2334 4654 quum
2389 4589 2623 4653 plurimas
2678 4588 3112 4652 dives-sissimasque
3159 4589 3317 4639 caedes

1766 4671 1950 4736 imperss
1971 4671 2046 4720 sui
2067 4671 2286 4731 tempore
2312 4666 2535 4717 edidisset
2552 4702 2567 4726 ,
2599 4667 2650 4715 et
2671 4665 2940 4716 crudelitati
2963 4665 3012 4714 in
3035 4679 3136 4716 sun
3162 4667 3315 4727 gentis

1766 4749 1984 4798 homines
2006 4747 2300 4808 impietatem
2330 4745 2382 4793 in
2408 4743 2523 4792 deos
2544 4742 2689 4792 etiam
2716 4742 3091 4803 accumulasset,
3116 4741 3315 4803 dignum

1765 4825 2020 4877 sceleribus
2047 4822 2232 4873 exitum
2260 4822 2372 4871 vitm
2398 4820 2647 4882 exliihuit,
2679 4821 2933 4881 postquam
2963 4817 3316 4880 duodetriginta

1765 4916 1915 4952 annos
1940 4903 1991 4951 in
2013 4901 2112 4950 vita
2137 4899 2356 4960 exegerat
2371 4934 2386 4958 ,
2406 4897 2461 4946 ut
2491 4897 2699 4947 Timaeus
2721 4898 3044 4957 syracusanus
3075 4894 3244 4954 refert,
3266 4897 3316 4941 ct

1766 4980 1967 5040 Gallias,
1990 4977 2134 5028 etiam
2157 4976 2256 5038 ipse
2279 4978 2632 5037 Syracusanus,
2653 4971 2820 5034 viginti
2847 4970 3054 5020 duorum
3079 4968 3314 5018 librorum

1767 5057 1953 5116 auctor,
1977 5053 2215 5105 antander
2233 5053 2460 5115 praeterea
2477 5087 2492 5111 ,
2514 5047 2781 5112 agathoclis
2796 5048 2956 5109 frater,
2976 5046 3057 5109 qui
3085 5045 3183 5106 ipse
3194 5057 3314 5105 quo-

1765 5147 1859 5196 que
1875 5131 2094 5182 historias
2117 5129 2317 5193 scripsit.

1252 5323 2214 5360 ---——-000--——--—
