3900 6042
753 462 798 501 tt
1910 427 2007 485 PR
2025 428 2334 487 AEFATto.

730 561 841 651 gia
872 582 1031 625 mox
1064 557 1179 625 alii
1219 583 1385 625 suos
1418 557 1552 625 sihi
1576 558 1880 651 quisque
1916 557 2321 645 historicos,
2347 583 2658 654 quorum
2691 559 3020 653 reliquias
3045 576 3504 654 congererent

734 677 1340 772 illustrarentque,
1395 676 1815 770 selegerunt.
1849 677 2157 751 Plurima
2194 682 2456 751 horum
2493 682 2953 776 repetiximus
2985 697 3055 751 et
3105 687 3504 754 retractavi-

733 823 889 867 mus
929 800 1002 867 in
1060 802 1492 891 bragmanis
1540 797 2030 868 historicorum
2094 806 2496 873 Gan-orum
2519 855 2536 887 ‚
2593 829 2751 897 qum
2817 803 3238 897 prodierunt
3314 830 3507 876 anno

732 922 1203 990 MDCCCXLI.
1236 916 1513 987 Deinde
1539 919 1844 988 Ctesiam
1874 921 2095 989 Musis
2119 921 2501 1008 Herodoti,
2529 944 2766 990 rerum
2796 922 3169 993 Alexandri
3211 924 3509 1017 scripto-

734 1066 841 1109 res
875 1041 1192 1110 historiis
1224 1040 1531 1126 Arriani,
1579 1055 2164 1132 argumentorum
2199 1042 2393 1113 ducti
2430 1040 2933 1131 similitudine,
2970 1043 3502 1136 subjunximus.

734 1164 1059 1234 Restabat
1096 1177 1174 1232 ut
1232 1161 1487 1257 reliqui
1525 1176 1884 1248 auctoreS,
1938 1164 2062 1257 qui
2108 1164 2544 1259 populorum
2603 1166 3118 1259 civitatumque
3170 1165 3505 1234 historias

733 1283 1248 1370 condiderunt,
1294 1281 1799 1378 quadringenti
1847 1306 2152 1353 numero
2191 1300 2263 1354 et
2301 1285 2650 1380 amplius,
2704 1286 2918 1354 simili
2965 1285 3185 1355 modo
3222 1285 3503 1379 collige-

732 1423 999 1477 rentur.
1067 1410 1270 1501 Opus
1320 1403 1463 1474 hoc
1497 1404 1923 1473 Herculeum
1975 1417 2044 1471 et
2084 1404 2298 1472 unius
2341 1404 2612 1474 viribus
2657 1404 2797 1473 sere
2851 1405 3082 1499 impar
3128 1405 3372 1475 nescio
3412 1430 3501 1474 an

734 1553 881 1598 non
914 1526 1377 1597 debuerimus
1420 1526 1814 1620 suscipere,
1856 1540 2269 1620 susceptum
2310 1524 2528 1603 semel
2549 1550 2682 1620 pro
2711 1525 2992 1595 roboris
3033 1526 3510 1597 modulo-sus-

733 1650 958 1720 tinere
988 1647 1226 1718 annixi
1260 1671 1532 1715 sumus.
2399 1644 2414 1656 ⁶

826 1773 1067 1866 Igitur,
1089 1770 1179 1839 ab
1207 1768 1660 1838 incunabulis
1690 1767 1858 1836 artis
1877 1764 2232 1837 historicae
2261 1767 2816 1862 proficiscentes,
2843 1767 3097 1838 ordine
3117 1765 3504 1845 chronolo-

729 1896 886 1987 gico
933 1914 1388 1962 recensemus
1441 1889 1819 1959 historicos
1870 1914 1998 1984 per
2031 1904 2198 1958 octo
2237 1888 2471 1958 secula
2509 1912 2735 1984 usque
2760 1888 2850 1959 ad
2883 1912 3112 1959 aevum
3154 1894 3503 1960 Constan-

731 2015 864 2085 tini
903 2014 1163 2108 Magni.
1198 2013 1559 2107 Deinceps
1591 2035 1675 2079 ex
1713 2010 1890 2079 serie
1915 2009 2275 2079 literarum
2308 2013 2688 2106 scriptores
2725 2011 3170 2082 collocantur
3192 2036 3503 2107 quorum

730 2151 895 2205 fetas
944 2149 1050 2204 est
1104 2133 1461 2203 incertior.
1507 2135 1760 2201 Totum
1816 2130 1955 2198 hoc
1996 2131 2069 2199 in
2129 2156 2388 2201 novem
2429 2131 2891 2202 distinximus
2929 2132 3178 2203 libros.
3228 2134 3504 2203 Priores

732 2272 1092 2352 quattuor,
1123 2278 1347 2349 usque
1371 2252 1463 2322 ad
1494 2251 1853 2323 Ptolemaei
1887 2250 2332 2347 Philadelphi
2366 2269 2684 2349 tempora
2705 2256 3168 2350 pertinenteS,
3197 2279 3283 2323 eo
3305 2255 3502 2350 quod

732 2402 926 2447 nunc
966 2376 1360 2447 emittimus
1391 2374 1757 2444 volumine
1787 2374 2274 2443 continentur.
2329 2376 2624 2470 Reliqua
2661 2401 2806 2445 una
2847 2400 3012 2444 cum
3059 2375 3324 2445 tabulis
3379 2400 3507 2444 no·

733 2499 1052 2585 minum,
1096 2520 1373 2583 rerum,
1421 2511 1831 2579 auctorum,
1878 2494 2286 2583 titulorum,
2328 2512 2771 2592 temporum,
2815 2496 3120 2566 alterum
3149 2497 3349 2567 dabit
3383 2522 3504 2595 vo·
3567 2475 3575 2482 ⁸

730 2612 1007 2708 lumen,
1046 2644 1209 2688 mox
1245 2616 1455 2704 illud,
1492 2616 1766 2686 favente
1803 2619 1989 2701 De0,
2024 2616 2570 2688 absolvendum,

831 2743 1070 2811 Primo
1114 2739 1422 2810 consilio
1471 2763 1694 2833 quum
1732 2738 1870 2806 hoc
1907 2751 2184 2806 tantum
2231 2763 2631 2832 ageremuS,
2695 2756 2769 2811 ut
2809 2766 3060 2811 eorum
3116 2742 3502 2834 fragmenta

728 2888 1027 2959 operum
1047 2914 1065 2949 ,
1091 2887 1248 2956 quae
1267 2860 1355 2930 ad
1384 2860 1664 2929 civilem
1682 2857 2120 2953 populorum
2150 2856 2518 2927 historiam
2548 2861 2940 2954 pertinent,
2972 2860 3501 2946 exhiberentur,

731 2986 802 3053 in
827 2985 982 3079 ipso
1012 2982 1253 3052 labore
1286 2981 1579 3051 ulterius
1598 2979 1949 3075 progressi
1976 3002 2224 3047 sumus
2259 3004 2342 3049 ac
2361 2996 2611 3074 praeter
2637 2980 2973 3050 historica
2999 2984 3210 3059 etiam
3236 2982 3502 3076 reliqua

728 3121 1104 3175 auctorum
1144 3118 1554 3173 nostrorum
1590 3101 1852 3196 scripta
1882 3124 2033 3169 non
2067 3098 2304 3171 solum
2339 3101 2853 3189 indicavimuS,
2899 3102 3058 3190 sed,
3097 3103 3222 3172 ubi
3244 3127 3502 3198 oppor-

732 3244 989 3297 tunum
1047 3241 1225 3312 erat,
1280 3225 1493 3295 etiam
1542 3224 2066 3318 exscripsimus.
2109 3220 2322 3305 Quod
2368 3238 2720 3317 quantum
2783 3223 3004 3293 valeat
3043 3223 3133 3294 ad
3181 3224 3500 3293 indolem

733 3343 1298 3438 uniuscujusque
1343 3342 1707 3437 scriptoris
1770 3341 2085 3436 penitius
2115 3345 2721 3439 perspiciendam,
2758 3346 2993 3416 dicere
3021 3345 3356 3441 putidum
3385 3346 3499 3414 sit.

830 3464 1223 3535 Aristotelis
1260 3463 1597 3532 historica
1639 3462 1728 3531 ab
1765 3463 1902 3531 hoc
1937 3464 2304 3534 volumine
2355 3467 2900 3554 secluseramnS,
2945 3469 3286 3562 quoniam
3333 3491 3492 3561 per-

728 3589 1044 3658 ditorum
1076 3586 1426 3655 librorum
1456 3585 1799 3678 fragmina
1845 3586 2353 3680 superstitibus
2396 3589 2738 3683 operibus
2772 3588 3201 3682 subjungere
3235 3588 3502 3659 consti·

732 3724 963 3781 tutum
1017 3722 1185 3777 erat.
1240 3710 1498 3777 Verum
1544 3730 1769 3801 quum
1814 3707 2136 3800 Stagirita
2184 3725 2260 3778 ut
2315 3711 2388 3778 in
2439 3710 2732 3805 reliquis
2781 3710 3038 3797 literi5‚
3080 3710 3181 3779 sic
3221 3712 3294 3778 in
3353 3723 3501 3777 arte

734 3832 1041 3900 historiae
1072 3829 1467 3899 scribenda*¹
1503 3829 1703 3924 quasi
1748 3827 1964 3897 cardo
2003 3828 2294 3923 quidam
2337 3832 2462 3919 sit,
2501 3832 2802 3904 lectores
2838 3858 3019 3928 tegre
3049 3832 3497 3902 mentionem

729 3956 882 4049 ejus
907 3953 1431 4024 desideraturos
1466 3977 1619 4021 esse
1649 3953 1813 4037 rati,
1838 3951 2287 4046 postliminio
2316 3976 2474 4048 quae
2505 3954 2595 4023 ad
2625 3971 2940 4024 nostram
2981 3978 3128 4023 rem
3159 3954 3500 4035 facerent,

730 4076 1310 4172 interposuimus,
1391 4071 1716 4143 Eundem
1771 4073 2123 4142 honorem
2204 4076 2416 4143 etiam
2469 4074 2840 4169 discipulis
2903 4075 3056 4168 ejus
3119 4075 3499 4168 praecipuis

729 4201 1154 4287 habuimuS,
1209 4214 1503 4295 excepto
1560 4197 2082 4292 TheophrastO,
2133 4197 2247 4265 cui
2302 4220 2513 4263 suum
2566 4195 2938 4290 separatim
2993 4193 3329 4262 volumen
3389 4218 3498 4261 re·

731 4336 1061 4391 servatur.
1091 4323 1362 4416 Scripta
1400 4345 1556 4416 quoe
1582 4334 1749 4387 sunt
1782 4316 1872 4385 de
1902 4316 2244 4413 periegesi
2284 4317 2715 4410 antiquaria,
2755 4315 3114 4383 Pausaniae
3144 4315 3343 4407 operi
3383 4313 3502 4382 ad·

729 4442 964 4512 denda
991 4443 1308 4523 fuissent.
1340 4441 1555 4527 Quod
1590 4464 1814 4534 quum
1851 4437 2251 4530 neglectum
2281 4439 2407 4523 sit,
2438 4462 2522 4506 ac
2558 4436 2649 4506 de
2677 4436 2921 4506 multis
2964 4436 3167 4506 libris
3195 4438 3498 4505 omnino

732 4591 878 4635 non
912 4566 1133 4660 possit
1176 4563 1515 4649 discerni,
1550 4586 1720 4631 num
1755 4559 2256 4629 historicorum
2280 4584 2368 4628 an
2394 4558 2900 4653 periegetarum
2949 4583 3144 4627 more
3176 4573 3499 4626 auctores

729 4716 841 4760 res
896 4690 1260 4759 civitatum
1326 4687 1813 4772 tractaverint,
1859 4709 1947 4753 an
2002 4700 2386 4780 utrumque
2431 4705 2694 4750 munus
2743 4680 3188 4773 conjunctim
3231 4679 3500 4774 praesti-

734 4796 968 4895 terint,
986 4813 1225 4881 omnia
1250 4837 1407 4906 quae
1425 4811 1568 4878 huc
1594 4808 1949 4904 pertinent
1972 4807 2076 4876 vel
2099 4806 2453 4902 pertinere
2473 4818 2778 4898 possunt
2803 4801 3049 4888 videri,
3074 4801 3496 4895 recepimus.

834 4938 1165 5028 Superest
1210 4948 1287 5002 ut
1321 4933 1491 5027 grati
1534 4929 1996 5026 profiteamur
2023 4930 2412 5025 plurimum
2447 4952 2579 4994 nos
2610 4927 2681 4994 in
2712 4924 3220 5019 operosissimo
3252 4937 3497 4990 nostro

735 5056 973 5125 labore
1014 5055 1366 5148 adjuvisse
1397 5055 1585 5122 viros
1618 5051 2108 5135 doctissimos,
2152 5049 2273 5145 qui
2307 5046 2412 5115 vel
2451 5061 2679 5115 totum
2711 5045 2910 5114 hunc
2952 5045 3069 5138 qui
3111 5043 3202 5111 de
3260 5041 3499 5135 gra-‘cis

730 5175 1085 5245 historicis
1120 5188 1219 5241 est
1252 5173 1485 5241 locum
1518 5172 1994 5265 explicarunt,
2027 5168 2131 5237 vel
2161 5169 2544 5262 fragmenta
2570 5166 2989 5235 selectorum
3020 5161 3495 5258 quorumdam
