3900 6042
536 416 567 463 ⁸
1786 398 2094 462 CADMUS
2139 404 2222 461 Ml
2238 399 2503 464 LESlUS.

526 542 710 596 storiis
746 542 968 608 Atticis,
1024 559 1146 613 quae
1211 540 1392 595 eidem
1444 543 1659 595 auctori
1704 543 2077 596 ascribuntur.

525 632 711 700 Quare
731 629 835 682 nisi
857 630 1140 700 putaveris
1161 628 1343 682 Attica
1364 645 1594 700 quoque
1616 629 1927 699 argumenti
1954 644 2086 681 ero-

528 717 623 769 tici
644 715 837 782 fuisse,
864 726 928 768 ut
954 715 1193 769 aliorum
1216 713 1536 782 Rhodiaca,
1564 715 1838 768 Milesiaca
1855 756 1870 782 ,
1900 714 2085 786 Baby-

528 803 744 856 loniaca
766 813 898 867 etc.,
914 801 1181 874 proclivis
1193 800 1514 870 conjectura
1535 812 1641 868 cst,
1663 820 1773 873 pro
1797 797 1959 856 Λύσιν
1974 812 2077 855 etc.

526 890 663 943 olim
696 889 857 943 fuisse
896 885 1079 945 Κτίσιν
1128 888 1345 942 ἰωνικῶν
1392 885 1454 962 (*)
1496 883 1696 943 πόλεων
1727 888 1779 945 ἐν
1826 884 1966 963 βιὸλ.
2016 886 2083 962 δ’,

528 975 774 1046 ideoque
797 975 1026 1030 Suidam
1067 986 1397 1047 corruptum
1441 975 1664 1028 titulum
1697 992 1911 1047 ponere
1940 974 2082 1044 ejus·

529 1062 660 1116 dem
683 1065 897 1135 operis»,
934 1062 1091 1134 quod
1115 1080 1373 1135 perverse
1397 1061 1630 1115 dederat
1644 1060 1946 1116 Pandionis
1965 1060 2082 1114 filio

532 1148 644 1224 (Ἢ,
674 1139 886 1222 Orphei
906 1161 1209 1204 coaetaneo.
1237 1146 1349 1204 Sed
1365 1148 1436 1204 de
1455 1149 1541 1202 his
1558 1148 1785 1203 sortasse
1801 1150 1962 1203 aliter
1984 1144 2084 1202 sta·

530 1237 608 1290 tui
630 1238 821 1308 possit.
846 1277 852 1283 .

609 1308 957 1379 Moncndum
984 1324 1131 1377 enim
1158 1334 1239 1377 est
1258 1322 1327 1377 de
1354 1324 1539 1376 verbis
1561 1342 1573 1376 :
1601 1318 1752 1385 Τινὲς
1783 1320 1834 1377 δὲ
1866 1319 2083 1379 Λυκῖνον

531 1407 748 1482 Κάδμον
780 1406 1094 1486 ἀνέγραψαν.
1130 1409 1379 1465 Eudocia
1416 1410 1583 1464 habet
1619 1408 1709 1464 καὶ
1744 1412 1964 1466 Λυκῖνον
1994 1405 2083 1463 καὶ

531 1493 775 1569 Κάδμον;
802 1507 930 1551 ante
953 1495 1166 1569 Κάδμον
1192 1497 1467 1569 particula
1489 1493 1579 1549 καὶ
1607 1507 1686 1550 est
1713 1498 1877 1550 etiam
1907 1498 1967 1550 in
1988 1495 2079 1550 ed.

531 1583 761 1638 Mediol.
803 1583 975 1658 (Hinc
1020 1584 1396 1639 Bernhardius
1423 1583 1581 1637 dedit
1609 1602 1622 1636 ε
1651 1586 1717 1638 Τ.
1747 1579 1801 1638 δὲ
1828 1580 1918 1638 καὶ
1946 1586 2079 1640 Λυκ.

535 1698 749 1775 Κάδμον
791 1697 958 1777 ἔγρ.);
1002 1699 1132 1754 cod.
1174 1703 1264 1755 V:
1306 1699 1539 1754 λυκκῖνον
1578 1682 1813 1773 Κάδμδν.
1855 1702 2085 1757 Subcsse

528 1787 876 1844 Bernhardio
912 1787 1138 1842 videtur
1178 1806 1191 1839 :
1225 1782 1356 1849 τινὲς
1390 1782 1444 1841 δὲ
1472 1783 1699 1842 Λυκίνου
1730 1784 1944 1861 Κάδμον
1972 1785 2084 1843 νέον

531 1877 673 1949 (sive
693 1872 970 1951 νεώτερον)
992 1869 1310 1949 ἀνέγραψαν.
1338 1876 1610 1928 Kiisterus
1632 1893 1739 1947 pro
1767 1878 1985 1931 Λυκῖνον
2010 1875 2082 1930 le·

530 1963 777 2035 gendum
807 1962 1108 2033 proposuit
1134 1955 1345 2016 Λύκιον.
1388 1958 1513 2033 (Μ’)
1543 1965 1623 2015 Ac
1659 1979 1788 2015 sane
1814 1964 2082 2033 patriam,

531 2068 649 2103 non
662 2067 798 2103 vero
814 2058 1029 2121 patrem
1052 2047 1286 2101 indicari
1303 2047 1477 2101 literae
1496 2049 1812 2119 superstites
1821 2058 2080 2121 arguunt.

530 2136 832 2190 Lenissima
851 2134 1159 2197 mutatione
1180 2133 1345 2187 scribi
1366 2135 1572 2205 possit:
1612 2133 1682 2190 T.
1718 2132 1762 2187 δ’
1791 2130 2085 2190 Ἐλευσῖνον

595 2316 657 2377 (”)
677 2316 877 2376 Propius
893 2313 953 2363 ad
972 2314 1146 2363 duetus
1161 2314 1406 2362 literarum
1420 2313 1666 2363 accederet
1682 2312 1723 2361 si
1740 2313 1847 2375 quis
1864 2325 1950 2374 pro
1971 2313 2086 2373 ἐρω-

532 2391 673 2434 τικῶν
696 2385 837 2433 scribi
862 2384 1007 2433 vellet
1025 2389 1269 2446 κρητικῶν.
1292 2383 1421 2433 idem
1444 2383 1616 2432 deinde
1636 2383 1764 2446 apud
1783 2381 1978 2433 suidam
2002 2395 2087 2444 pro

533 2460 733 2504 Λυκῖνον
758 2457 1007 2516 reponeret
1039 2454 1259 2503 Λύκτιον.

595 2526 683 2587 (**)
720 2524 972 2574 Pandionis
1012 2523 1161 2586 patris
1199 2536 1374 2572 nomen
1418 2523 1735 2572 clarissimum
1786 2522 1955 2571 fictum
1986 2534 2088 2571 esse

530 2594 629 2655 iam
649 2595 837 2643 monuit
856 2594 1139 2644 Wclckerus
1155 2594 1203 2641 in
1230 2592 1447 2643 sechodii
1466 2593 1650 2643 Archiv
1674 2598 1809 2653 1830,
1838 2607 1886 2655 p.
1913 2598 1991 2643 70.

598 2666 719 2724 (***)
754 2663 945 2714 Kusteri
981 2663 1307 2724 conjecturam
1346 2663 1386 2712 si
1411 2662 1704 2724 probaveris,
1745 2663 1901 2725 putari
1939 2661 2088 2724 possit

536 2733 729 2783 snidam
752 2734 942 2795 Κάδμον
961 2733 1152 2793 Λύκιον,
1171 2733 1204 2782 i.
1228 2746 1272 2782 e.
1297 2733 1399 2795 ὄρος
1418 2732 1593 2788 Λυκίας
1616 2733 1663 2781 in
1684 2733 1838 2794 Lyciae
1856 2735 1905 2781 et
1934 2732 2085 2792 Phry-

2189 539 2423 615 Κάδμον.
2461 542 2740 598 Eleusinio
2773 552 3040 614 praetcrea
3077 539 3216 597 benc
3244 546 3614 598 convenirent
3641 544 3745 599 lli·

2183 632 2367 684 storiae
2394 631 2589 685 Atticae
2611 628 2724 703 (Cf.
2757 628 3042 684 Atthidem
3071 631 3455 702 Melesagorae,
3482 633 3581 704 qui
3613 634 3743 686 item

2187 717 2538 769 Eleusiniusa
2553 716 2837 769 nonnullis
2856 711 3183 789 dicebatur).
3207 716 3315 769 Sed
3331 715 3746 771 dubitationem

2185 813 2413 857 movent
2427 802 2711 874 particulae
2722 798 2811 855 καὶ
2820 819 2912 873 ap.
2928 801 3236 855 Eudociam
3251 813 3305 856 et
3321 803 3379 856 in
3393 801 3532 856 edit.
3561 800 3709 857 Med.
3727 846 3745 871 ‚

2184 899 2352 961 atque
2379 910 2406 944 ο
2434 907 2602 961 supra
2624 889 2892 962 scriptum
2919 889 2978 942 in
3004 888 3135 943 cod.
3168 891 3234 942 V.
3280 891 3364 943 Ex
3406 892 3747 962 comparatis

2177 1006 2514 1060 lectionibus
2538 1002 2625 1060 καὶ
2651 987 2865 1078 Κάδμῧν
2882 1016 2935 1059 et
2958 1000 3196 1077 Κάδμον,
3215 1007 3426 1059 erueris
3443 1002 3533 1060 καὶ
3569 1005 3742 1073 Κῶον,

2178 1094 2291 1147 sive
2317 1094 2361 1146 is
2386 1093 2624 1148 Cadmus
2643 1092 2811 1146 suerit
2831 1111 2900 1146 ex
2923 1091 3220 1146 Herodoto
3250 1102 3414 1145 notus
3433 1094 3549 1145 sive
3577 1093 3743 1149 alius·

2183 1181 2264 1232 Ex
2303 1179 2376 1235 K.
2411 1178 2649 1235 ΛΥκῒνον
2679 1180 2768 1232 vel
2797 1197 2864 1232 ex
2893 1177 3186 1235 ΛΥΚκῑνον
3225 1179 3365 1251 item·
3391 1179 3592 1250 aliquis
3631 1181 3743 1233 eli-

2180 1267 2287 1319 ciat
2329 1265 2454 1322 ΚΑΙ
2490 1266 2658 1340 Κῷον,
2696 1276 2863 1337 atque
2896 1265 3179 1336 duplicem
3218 1262 3464 1334 ejusdem
3493 1267 3743 1320 nominis

2178 1354 2518 1406 mentionem
2549 1371 2579 1406 e
2618 1362 2751 1406 nota
2787 1352 3077 1425 marginali
3121 1352 3179 1404 in
3211 1361 3425 1404 textum
3461 1353 3748 1424 irrepsisse

2169 1449 2393 1507 ⁶statuat.
2421 1438 2532 1494 Sed
2555 1439 2666 1493 hoc
2694 1440 3012 1492 violentiuS.
3039 1438 3218 1510 Igitur
3253 1439 3567 1510 scripserim
3590 1439 3642 1494 T
3646 1436 3745 1501 ινὲς

2179 1523 2231 1580 δὲ
2249 1523 2340 1581 καὶ
2361 1524 2659 1583 Ἐλευσῖνον
2677 1523 2766 1580 καὶ
2791 1526 2937 1581 Κῶον
2955 1521 3272 1599 ἀνέγραψαν.
3288 1526 3431 1578 Tum
3453 1525 3745 1601 Eleysinio

2181 1613 2472 1667 tribuerim
2491 1613 2701 1666 Atticas
2729 1612 3003 1665 historias.
3029 1611 3240 1665 Cadmo
3256 1621 3439 1665 autem
3464 1629 3530 1664 ex
3554 1612 3744 1665 Ascle-

2176 1699 2469 1771 piadarum
2501 1699 2678 1753 insula
2701 1698 2949 1752 oriundo
2983 1698 3218 1751 alterum
3248 1716 3390 1769 opus
3418 1697 3746 1751 vindicave-

2177 1787 2317 1858 rim,
2347 1785 2504 1858 quod
2533 1784 2731 1840 Suidas
2761 1786 3015 1838 nominat
3041 1779 3231 1846 Λύσεις
3261 1782 3449 1857 (ἰάσεις
3469 1783 3515 1857 Ρ)
3558 1783 3746 1859 ἐρωτι-

2179 1872 2282 1927 κῶν
2336 1869 2666 1948 (πυρωτικῶν
2685 1870 2725 1946 3‘)
2755 1871 2962 1938 παθῶν,
2996 1870 3267 1942 quodque
3306 1870 3378 1925 ad
3407 1860 3594 1924 ⁴artem
3619 1889 3748 1925 me—

2180 1957 2362 2012 dicam
2397 1959 2725 2031 pertinuisse
2767 1950 3090 2029 conjeceris.
3130 1957 3403 2012 Cadmum
3440 1957 3592 2010 hunc
3626 1975 3746 2012 esse

2179 2046 2337 2098 illum
2358 2044 2636 2099 Herodoti
2658 2046 2887 2098 minime
2902 2043 3207 2111 contendo,
3230 2045 3329 2097 etsi
3343 2044 3746 2115 Hippolochus

2181 2149 2439 2203 quoque,
2487 2150 2616 2185 cum
2657 2149 2771 2203 quo
2797 2128 3038 2185 Cadmus
3061 2132 3309 2185 Coorum
3357 2131 3579 2183 civitate
3626 2130 3741 2184 ali-

2181 2228 2454 2289 quantum
2476 2218 2755 2291 praefuisse
2778 2216 2987 2271 dicitur
3020 2216 3113 2289 (in
3136 2219 3466 2289 Hippocrat.
3499 2218 3607 2288 Ep.
3637 2218 3740 2290 7),

2179 2315 2299 2359 erat
2330 2303 2658 2377 Asclepiada
2693 2301 2777 2377 (”).
2814 2307 2888 2358 At
2932 2304 3061 2357 satis
3110 2313 3218 2371 est,
3268 2304 3496 2377 opinor,
3544 2302 3746 2374 conje-

2180 2402 2489 2447 cturarum.

2178 2526 2268 2587 giae
2286 2525 2521 2586 confiniis,
2555 2538 2700 2587 quem
2724 2525 2771 2573 in
2813 2524 2998 2574 Lexicis
3024 2527 3279 2576 auctorum
3297 2538 3496 2574 suorum
3516 2526 3744 2574 notatum

2178 2595 2428 2656 invenerit,
2461 2596 2617 2643 virum
2645 2607 2746 2643 eme
2764 2594 3017 2642 censuisse.

2241 2664 2303 2725 (Ἴ
2338 2664 2680 2723 epicharmum
2698 2676 2894 2725 quoque
2911 2666 3122 2725 poetam,
3145 2664 3228 2723 qui
3244 2675 3359 2712 cum
3383 2661 3572 2713 cadmo
3595 2663 3646 2712 in
3670 2663 3743 2715 Si·

2178 2732 2339 2782 cilium
2358 2733 2628 2795 transjecit,
2654 2732 2896 2782 medicum
2915 2731 3059 2781 fuisse
3081 2733 3288 2781 constat.
