<?xml version="1.0" encoding="UTF-8"?>
<!DOCTYPE html PUBLIC "-//W3C//DTD XHTML 1.0 Transitional//EN"
    "http://www.w3.org/TR/xhtml1/DTD/xhtml1-transitional.dtd">
<html xmlns="http://www.w3.org/1999/xhtml" xml:lang="en" lang="en">
 <head>
  <title>
</title>
<meta http-equiv="Content-Type" content="text/html;charset=utf-8" />
  <meta name='ocr-system' content='tesseract 3.04.00' />
  <meta name='ocr-capabilities' content='ocr_page ocr_carea ocr_par ocr_line ocrx_word'/>
</head>
<body>
  <div class='ocr_page' id='page_1' title='image "./fragmentahistor03unkngoog_0534.png"; bbox 0 0 3900 6042; ppageno 0'>
   <div class='ocr_carea' id='block_1_1' title="bbox 1494 453 1989 526">
    <p class='ocr_par' dir='ltr' id='par_1_1' title="bbox 1494 453 1989 526">
     <span class='ocr_line' id='line_1_1' title="bbox 1494 453 1989 526; baseline 0.004 -3"><span class='ocrx_word' id='word_1_1' title='bbox 1494 453 1989 526; x_wconf 70' lang='lat' dir='ltr'><strong>FRAGMENTA.</strong></span> 
     </span>
    </p>
   </div>
   <div class='ocr_carea' id='block_1_2' title="bbox 115 587 1707 668">
    <p class='ocr_par' dir='ltr' id='par_1_2' title="bbox 115 587 1707 668">
     <span class='ocr_line' id='line_1_2' title="bbox 115 587 1707 668; baseline 0.003 -19"><span class='ocrx_word' id='word_1_2' title='bbox 115 587 211 649; x_wconf 70' lang='lat' dir='ltr'><strong>nd</strong></span> <span class='ocrx_word' id='word_1_3' title='bbox 240 603 427 667; x_wconf 72' lang='lat' dir='ltr'><strong>quem</strong></span> <span class='ocrx_word' id='word_1_4' title='bbox 454 601 744 649; x_wconf 73' lang='lat' dir='ltr'><strong>auctorem</strong></span> <span class='ocrx_word' id='word_1_5' title='bbox 777 592 958 647; x_wconf 86' lang='lat' dir='ltr'><strong>tribus</strong></span> <span class='ocrx_word' id='word_1_6' title='bbox 980 591 1276 662; x_wconf 79' lang='lat' dir='ltr'><strong>referatur,</strong></span> <span class='ocrx_word' id='word_1_7' title='bbox 1307 595 1384 650; x_wconf 84' lang='lat' dir='ltr'><strong>sic</strong></span> <span class='ocrx_word' id='word_1_8' title='bbox 1412 594 1707 668; x_wconf 80' lang='lat' dir='ltr'><strong>appellata.</strong></span> 
     </span>
    </p>
   </div>
   <div class='ocr_carea' id='block_1_3' title="bbox 120 678 1717 756">
    <p class='ocr_par' dir='ltr' id='par_1_3' title="bbox 120 678 1717 756">
     <span class='ocr_line' id='line_1_3' title="bbox 120 678 1717 756; baseline 0.001 -20"><span class='ocrx_word' id='word_1_9' title='bbox 120 681 195 736; x_wconf 83' lang='lat' dir='ltr'><strong>Si</strong></span> <span class='ocrx_word' id='word_1_10' title='bbox 226 696 383 735; x_wconf 76' lang='lat' dir='ltr'><strong>vero</strong></span> <span class='ocrx_word' id='word_1_11' title='bbox 419 698 549 735; x_wconf 80' lang='lat' dir='ltr'><strong>eum</strong></span> <span class='ocrx_word' id='word_1_12' title='bbox 580 681 707 734; x_wconf 80' lang='lat' dir='ltr'><strong>viro</strong></span> <span class='ocrx_word' id='word_1_13' title='bbox 735 679 909 735; x_wconf 88' lang='lat' dir='ltr'><strong>docto</strong></span> <span class='ocrx_word' id='word_1_14' title='bbox 937 678 954 751; x_wconf 95' lang='lat'>(</span> <span class='ocrx_word' id='word_1_15' title='bbox 977 678 1206 749; x_wconf 65' lang='lat' dir='ltr'><strong>ldeler„</strong></span> <span class='ocrx_word' id='word_1_16' title='bbox 1226 680 1592 756; x_wconf 79' lang='lat' dir='ltr'><strong>Fundgruben</strong></span> <span class='ocrx_word' id='word_1_17' title='bbox 1618 683 1717 737; x_wconf 84' lang='lat' dir='ltr'><strong>des</strong></span> 
     </span>
    </p>
   </div>
   <div class='ocr_carea' id='block_1_4' title="bbox 118 765 1718 1621">
    <p class='ocr_par' dir='ltr' id='par_1_4' title="bbox 118 765 1718 1621">
     <span class='ocr_line' id='line_1_4' title="bbox 126 765 1715 841; baseline 0.001 -19"><span class='ocrx_word' id='word_1_18' title='bbox 126 766 385 822; x_wconf 66' lang='lat' dir='ltr'><strong>orients</strong></span> <span class='ocrx_word' id='word_1_19' title='bbox 404 768 501 835; x_wconf 89' lang='lat' dir='ltr'><strong>IV,</strong></span> <span class='ocrx_word' id='word_1_20' title='bbox 518 784 577 839; x_wconf 89' lang='lat' dir='ltr'><strong>p.</strong></span> <span class='ocrx_word' id='word_1_21' title='bbox 604 772 634 831; x_wconf 77' lang='lat'>4</span> <span class='ocrx_word' id='word_1_22' title='bbox 648 766 716 820; x_wconf 84' lang='lat'><strong>18</strong></span> <span class='ocrx_word' id='word_1_23' title='bbox 735 765 753 841; x_wconf 91' lang='lat'>)</span> <span class='ocrx_word' id='word_1_24' title='bbox 780 783 1010 838; x_wconf 81' lang='lat' dir='ltr'><strong>quaeras,</strong></span> <span class='ocrx_word' id='word_1_25' title='bbox 1034 784 1150 838; x_wconf 89' lang='lat' dir='ltr'><strong>quo</strong></span> <span class='ocrx_word' id='word_1_26' title='bbox 1168 777 1336 840; x_wconf 87' lang='lat' dir='ltr'><strong>pacto</strong></span> <span class='ocrx_word' id='word_1_27' title='bbox 1355 770 1523 824; x_wconf 86' lang='lat' dir='ltr'><strong>Samii</strong></span> <span class='ocrx_word' id='word_1_28' title='bbox 1542 770 1630 824; x_wconf 88' lang='lat' dir='ltr'><strong>isti</strong></span> <span class='ocrx_word' id='word_1_29' title='bbox 1655 770 1715 824; x_wconf 88' lang='lat' dir='ltr'><strong>in</strong></span> 
     </span>
     <span class='ocr_line' id='line_1_5' title="bbox 118 853 1717 922; baseline 0.002 -14"><span class='ocrx_word' id='word_1_30' title='bbox 118 855 297 910; x_wconf 83' lang='lat' dir='ltr'><strong>hanc</strong></span> <span class='ocrx_word' id='word_1_31' title='bbox 318 853 492 912; x_wconf 89' lang='lat' dir='ltr'><strong>Oasin</strong></span> <span class='ocrx_word' id='word_1_32' title='bbox 520 853 877 922; x_wconf 80' lang='lat' dir='ltr'><strong>devenerint,</strong></span> <span class='ocrx_word' id='word_1_33' title='bbox 900 873 1038 908; x_wconf 87' lang='lat' dir='ltr'><strong>num</strong></span> <span class='ocrx_word' id='word_1_34' title='bbox 1064 871 1098 909; x_wconf 89' lang='lat' dir='ltr'><strong>a</strong></span> <span class='ocrx_word' id='word_1_35' title='bbox 1121 856 1298 910; x_wconf 84' lang='lat' dir='ltr'><strong>Persis</strong></span> <span class='ocrx_word' id='word_1_36' title='bbox 1322 855 1457 911; x_wconf 88' lang='lat' dir='ltr'><strong>illuc</strong></span> <span class='ocrx_word' id='word_1_37' title='bbox 1474 855 1717 913; x_wconf 88' lang='lat' dir='ltr'><strong>traducti</strong></span> 
     </span>
     <span class='ocr_line' id='line_1_6' title="bbox 120 940 1715 1015; baseline 0.003 -22"><span class='ocrx_word' id='word_1_38' title='bbox 120 941 245 995; x_wconf 88' lang='lat' dir='ltr'><strong>illo</strong></span> <span class='ocrx_word' id='word_1_39' title='bbox 278 958 355 995; x_wconf 82' lang='lat' dir='ltr'><strong>ex</strong></span> <span class='ocrx_word' id='word_1_40' title='bbox 377 957 569 1007; x_wconf 85' lang='lat' dir='ltr'><strong>more,</strong></span> <span class='ocrx_word' id='word_1_41' title='bbox 593 957 708 1012; x_wconf 90' lang='lat' dir='ltr'><strong>quo</strong></span> <span class='ocrx_word' id='word_1_42' title='bbox 735 950 926 1014; x_wconf 78' lang='lat' dir='ltr'>gentes</span> <span class='ocrx_word' id='word_1_43' title='bbox 942 940 1100 995; x_wconf 76' lang='lat' dir='ltr'><strong>victae</strong></span> <span class='ocrx_word' id='word_1_44' title='bbox 1124 941 1256 996; x_wconf 82' lang='lat' dir='ltr'><strong>alias</strong></span> <span class='ocrx_word' id='word_1_45' title='bbox 1273 959 1507 1015; x_wconf 84' lang='lat' dir='ltr'><strong>prorsus</strong></span> <span class='ocrx_word' id='word_1_46' title='bbox 1535 943 1596 997; x_wconf 89' lang='lat' dir='ltr'><strong>in</strong></span> <span class='ocrx_word' id='word_1_47' title='bbox 1624 959 1715 998; x_wconf 89' lang='lat' dir='ltr'><strong>re·</strong></span> 
     </span>
     <span class='ocr_line' id='line_1_7' title="bbox 120 1025 1717 1103; baseline 0.003 -22"><span class='ocrx_word' id='word_1_48' title='bbox 120 1026 510 1101; x_wconf 83' lang='lat' dir='ltr'><strong>gioneshaud</strong></span> <span class='ocrx_word' id='word_1_49' title='bbox 524 1044 655 1081; x_wconf 87' lang='lat' dir='ltr'><strong>raro</strong></span> <span class='ocrx_word' id='word_1_50' title='bbox 668 1025 1162 1096; x_wconf 72' lang='lat' dir='ltr'><strong>transferebantur,</strong></span> <span class='ocrx_word' id='word_1_51' title='bbox 1177 1046 1251 1083; x_wconf 88' lang='lat' dir='ltr'><strong>an</strong></span> <span class='ocrx_word' id='word_1_52' title='bbox 1267 1031 1455 1103; x_wconf 89' lang='lat' dir='ltr'><strong>potius</strong></span> <span class='ocrx_word' id='word_1_53' title='bbox 1471 1030 1573 1103; x_wconf 81' lang='lat' dir='ltr'><strong>ipsi</strong></span> <span class='ocrx_word' id='word_1_54' title='bbox 1583 1030 1717 1085; x_wconf 90' lang='lat' dir='ltr'><strong>illuc</strong></span> 
     </span>
     <span class='ocr_line' id='line_1_8' title="bbox 122 1113 1715 1191; baseline 0.003 -23"><span class='ocrx_word' id='word_1_55' title='bbox 122 1114 401 1186; x_wconf 80' lang='lat' dir='ltr'><strong>profecti</strong></span> <span class='ocrx_word' id='word_1_56' title='bbox 441 1113 730 1168; x_wconf 85' lang='lat' dir='ltr'><strong>mercandi</strong></span> <span class='ocrx_word' id='word_1_57' title='bbox 772 1131 934 1169; x_wconf 84' lang='lat' dir='ltr'><strong>causa</strong></span> <span class='ocrx_word' id='word_1_58' title='bbox 971 1114 1240 1188; x_wconf 83' lang='lat' dir='ltr'><strong>sedesque</strong></span> <span class='ocrx_word' id='word_1_59' title='bbox 1286 1116 1369 1171; x_wconf 90' lang='lat' dir='ltr'><strong>ibi</strong></span> <span class='ocrx_word' id='word_1_60' title='bbox 1413 1114 1645 1191; x_wconf 68' lang='lat' dir='ltr'><strong>figentes</strong></span> <span class='ocrx_word' id='word_1_61' title='bbox 1698 1133 1715 1173; x_wconf 72' lang='grc' dir='ltr'><strong>τ</strong></span> 
     </span>
     <span class='ocr_line' id='line_1_9' title="bbox 126 1201 1717 1275; baseline 0.002 -21"><span class='ocrx_word' id='word_1_62' title='bbox 126 1201 348 1255; x_wconf 87' lang='lat' dir='ltr'><strong>malim</strong></span> <span class='ocrx_word' id='word_1_63' title='bbox 371 1201 483 1256; x_wconf 87' lang='lat' dir='ltr'><strong>hoc</strong></span> <span class='ocrx_word' id='word_1_64' title='bbox 497 1201 681 1274; x_wconf 85' lang='lat' dir='ltr'><strong>ipsum</strong></span> <span class='ocrx_word' id='word_1_65' title='bbox 696 1210 957 1269; x_wconf 83' lang='lat' dir='ltr'><strong>statuere,</strong></span> <span class='ocrx_word' id='word_1_66' title='bbox 978 1203 1284 1274; x_wconf 69' lang='lat' dir='ltr'><strong>praesertim</strong></span> <span class='ocrx_word' id='word_1_67' title='bbox 1304 1221 1483 1275; x_wconf 88' lang='lat' dir='ltr'><strong>quum</strong></span> <span class='ocrx_word' id='word_1_68' title='bbox 1503 1203 1717 1258; x_wconf 87' lang='lat' dir='ltr'><strong>Samio·</strong></span> 
     </span>
     <span class='ocr_line' id='line_1_10' title="bbox 128 1287 1717 1361; baseline 0.003 -21"><span class='ocrx_word' id='word_1_69' title='bbox 128 1305 283 1341; x_wconf 85' lang='lat' dir='ltr'><strong>rum</strong></span> <span class='ocrx_word' id='word_1_70' title='bbox 320 1304 413 1341; x_wconf 79' lang='lat' dir='ltr'><strong>res</strong></span> <span class='ocrx_word' id='word_1_71' title='bbox 438 1287 648 1342; x_wconf 81' lang='lat' dir='ltr'><strong>navalis</strong></span> <span class='ocrx_word' id='word_1_72' title='bbox 684 1297 739 1342; x_wconf 87' lang='lat' dir='ltr'><strong>et</strong></span> <span class='ocrx_word' id='word_1_73' title='bbox 772 1298 1087 1343; x_wconf 87' lang='lat' dir='ltr'><strong>mercatura</strong></span> <span class='ocrx_word' id='word_1_74' title='bbox 1103 1287 1222 1360; x_wconf 85' lang='lat' dir='ltr'><strong>jam</strong></span> <span class='ocrx_word' id='word_1_75' title='bbox 1249 1290 1337 1346; x_wconf 84' lang='lat'><strong>01.</strong></span> <span class='ocrx_word' id='word_1_76' title='bbox 1378 1290 1448 1361; x_wconf 86' lang='lat'><strong>37</strong></span> <span class='ocrx_word' id='word_1_77' title='bbox 1475 1291 1717 1345; x_wconf 79' lang='lat' dir='ltr'><strong>maxime</strong></span> 
     </span>
     <span class='ocr_line' id='line_1_11' title="bbox 130 1364 1716 1447; baseline 0.003 -21"><span class='ocrx_word' id='word_1_78' title='bbox 130 1370 391 1428; x_wconf 85' lang='lat' dir='ltr'><strong>floreret</strong></span> <span class='ocrx_word' id='word_1_79' title='bbox 409 1414 425 1441; x_wconf 89' lang='lat'>,</span> <span class='ocrx_word' id='word_1_80' title='bbox 455 1385 521 1428; x_wconf 89' lang='lat' dir='ltr'><strong>ut</strong></span> <span class='ocrx_word' id='word_1_81' title='bbox 544 1364 635 1428; x_wconf 78' lang='lat' dir='ltr'><strong>vel</strong></span> <span class='ocrx_word' id='word_1_82' title='bbox 669 1374 983 1428; x_wconf 84' lang='lat' dir='ltr'><strong>Tartessum</strong></span> <span class='ocrx_word' id='word_1_83' title='bbox 1021 1374 1297 1430; x_wconf 83' lang='lat' dir='ltr'><strong>venirent.</strong></span> <span class='ocrx_word' id='word_1_84' title='bbox 1339 1376 1468 1447; x_wconf 89' lang='lat' dir='ltr'><strong>Quo</strong></span> <span class='ocrx_word' id='word_1_85' title='bbox 1514 1375 1716 1431; x_wconf 88' lang='lat' dir='ltr'><strong>eodem</strong></span> 
     </span>
     <span class='ocr_line' id='line_1_12' title="bbox 133 1459 1718 1535; baseline 0.003 -22"><span class='ocrx_word' id='word_1_86' title='bbox 133 1459 334 1515; x_wconf 74' lang='lat' dir='ltr'><strong>ferme</strong></span> <span class='ocrx_word' id='word_1_87' title='bbox 364 1470 617 1533; x_wconf 87' lang='lat' dir='ltr'><strong>tempore</strong></span> <span class='ocrx_word' id='word_1_88' title='bbox 643 1459 770 1514; x_wconf 87' lang='lat' dir='ltr'><strong>illos</strong></span> <span class='ocrx_word' id='word_1_89' title='bbox 796 1460 855 1513; x_wconf 90' lang='lat' dir='ltr'><strong>in</strong></span> <span class='ocrx_word' id='word_1_90' title='bbox 874 1460 1060 1516; x_wconf 76' lang='lat' dir='ltr'><strong>Oasim</strong></span> <span class='ocrx_word' id='word_1_91' title='bbox 1082 1459 1354 1532; x_wconf 88' lang='lat' dir='ltr'><strong>majorem</strong></span> <span class='ocrx_word' id='word_1_92' title='bbox 1373 1462 1566 1517; x_wconf 77' lang='lat' dir='ltr'><strong>venire</strong></span> <span class='ocrx_word' id='word_1_93' title='bbox 1601 1480 1718 1535; x_wconf 89' lang='lat' dir='ltr'><strong>po-</strong></span> 
     </span>
     <span class='ocr_line' id='line_1_13' title="bbox 136 1545 1716 1621; baseline 0.002 -19"><span class='ocrx_word' id='word_1_94' title='bbox 136 1548 352 1616; x_wconf 64' lang='lat' dir='ltr'><strong>tuisse,</strong></span> <span class='ocrx_word' id='word_1_95' title='bbox 381 1546 536 1602; x_wconf 89' lang='lat' dir='ltr'><strong>haud</strong></span> <span class='ocrx_word' id='word_1_96' title='bbox 564 1545 793 1619; x_wconf 90' lang='lat' dir='ltr'><strong>quidem</strong></span> <span class='ocrx_word' id='word_1_97' title='bbox 818 1547 890 1601; x_wconf 90' lang='lat' dir='ltr'><strong>ab</strong></span> <span class='ocrx_word' id='word_1_98' title='bbox 920 1548 1076 1601; x_wconf 86' lang='lat' dir='ltr'><strong>omni</strong></span> <span class='ocrx_word' id='word_1_99' title='bbox 1103 1547 1388 1621; x_wconf 83' lang='lat' dir='ltr'>probabili</span> <span class='ocrx_word' id='word_1_100' title='bbox 1425 1548 1716 1607; x_wconf 86' lang='lat' dir='ltr'><strong>abhorret.</strong></span> 
     </span>
    </p>
   </div>
   <div class='ocr_carea' id='block_1_5' title="bbox 132 1633 1830 1797">
    <p class='ocr_par' dir='ltr' id='par_1_5' title="bbox 132 1633 1830 1797">
     <span class='ocr_line' id='line_1_14' title="bbox 132 1633 1830 1707; baseline 0.002 -18"><span class='ocrx_word' id='word_1_101' title='bbox 132 1636 236 1691; x_wconf 85' lang='lat' dir='ltr'><strong>Tu</strong></span> <span class='ocrx_word' id='word_1_102' title='bbox 257 1633 336 1692; x_wconf 83' lang='lat' dir='ltr'><strong>cf.</strong></span> <span class='ocrx_word' id='word_1_103' title='bbox 362 1634 581 1689; x_wconf 82' lang='lat' dir='ltr'><strong>Miiller.</strong></span> <span class='ocrx_word' id='word_1_104' title='bbox 605 1634 848 1707; x_wconf 83' lang='lat' dir='ltr'><strong>AEginet.</strong></span> <span class='ocrx_word' id='word_1_105' title='bbox 877 1653 936 1707; x_wconf 86' lang='lat' dir='ltr'><strong>p.</strong></span> <span class='ocrx_word' id='word_1_106' title='bbox 960 1634 1057 1705; x_wconf 90' lang='lat'><strong>67.</strong></span> <span class='ocrx_word' id='word_1_107' title='bbox 1094 1658 1120 1683; x_wconf 75' lang='grc' dir='ltr'>ι»</span> <span class='ocrx_word' id='word_1_108' title='bbox 1148 1635 1262 1689; x_wconf 86' lang='lat' dir='ltr'><strong>Nisi</strong></span> <span class='ocrx_word' id='word_1_109' title='bbox 1284 1635 1450 1690; x_wconf 80' lang='lat' dir='ltr'><strong>fallor</strong></span> <span class='ocrx_word' id='word_1_110' title='bbox 1472 1637 1638 1692; x_wconf 90' lang='lat' dir='ltr'><strong>etiam</strong></span> <span class='ocrx_word' id='word_1_111' title='bbox 1660 1637 1722 1691; x_wconf 86' lang='lat' dir='ltr'><strong>in</strong></span> <span class='ocrx_word' id='word_1_112' title='bbox 1804 1637 1830 1663; x_wconf 75' lang='lat'><em>⁰</em></span> 
     </span>
     <span class='ocr_line' id='line_1_15' title="bbox 134 1717 1723 1797; baseline 0.001 -20"><span class='ocrx_word' id='word_1_113' title='bbox 134 1717 367 1777; x_wconf 81' lang='lat' dir='ltr'><strong>Arabia</strong></span> <span class='ocrx_word' id='word_1_114' title='bbox 384 1718 552 1777; x_wconf 83' lang='lat' dir='ltr'><strong>Samii</strong></span> <span class='ocrx_word' id='word_1_115' title='bbox 562 1721 820 1776; x_wconf 86' lang='lat' dir='ltr'><strong>nonnulli</strong></span> <span class='ocrx_word' id='word_1_116' title='bbox 840 1721 1225 1780; x_wconf 81' lang='lat' dir='ltr'><strong>consederant.</strong></span> <span class='ocrx_word' id='word_1_117' title='bbox 1241 1725 1309 1778; x_wconf 89' lang='lat' dir='ltr'><strong>V.</strong></span> <span class='ocrx_word' id='word_1_118' title='bbox 1326 1722 1522 1797; x_wconf 71' lang='lat' dir='ltr'><strong>frag-m.</strong></span> <span class='ocrx_word' id='word_1_119' title='bbox 1536 1724 1723 1780; x_wconf 82' lang='lat' dir='ltr'><strong>Casto·</strong></span> 
     </span>
    </p>
   </div>
   <div class='ocr_carea' id='block_1_6' title="bbox 135 1804 1721 1971">
    <p class='ocr_par' dir='ltr' id='par_1_6' title="bbox 135 1804 1721 1971">
     <span class='ocr_line' id='line_1_16' title="bbox 135 1804 1721 1887; baseline 0.001 -23"><span class='ocrx_word' id='word_1_120' title='bbox 135 1809 224 1864; x_wconf 80' lang='lat' dir='ltr'><strong>ris</strong></span> <span class='ocrx_word' id='word_1_121' title='bbox 252 1824 315 1883; x_wconf 86' lang='lat' dir='ltr'><strong>p.</strong></span> <span class='ocrx_word' id='word_1_122' title='bbox 354 1826 465 1883; x_wconf 81' lang='lat'><strong>¹79</strong></span> <span class='ocrx_word' id='word_1_123' title='bbox 499 1818 624 1866; x_wconf 88' lang='lat' dir='ltr'><strong>not.</strong></span> <span class='ocrx_word' id='word_1_124' title='bbox 653 1810 740 1864; x_wconf 89' lang='lat' dir='ltr'><strong>De</strong></span> <span class='ocrx_word' id='word_1_125' title='bbox 780 1809 1101 1864; x_wconf 87' lang='lat' dir='ltr'><strong>nominibus</strong></span> <span class='ocrx_word' id='word_1_126' title='bbox 1128 1804 1319 1873; x_wconf 77' lang='grc' dir='ltr'>Ὀασις</span> <span class='ocrx_word' id='word_1_127' title='bbox 1352 1820 1410 1864; x_wconf 91' lang='lat' dir='ltr'><strong>et</strong></span> <span class='ocrx_word' id='word_1_128' title='bbox 1448 1807 1721 1887; x_wconf 79' lang='grc' dir='ltr'>Μακάρων</span> 
     </span>
     <span class='ocr_line' id='line_1_17' title="bbox 136 1895 1387 1971; baseline -0.002 -20"><span class='ocrx_word' id='word_1_129' title='bbox 136 1897 313 1964; x_wconf 75' lang='grc' dir='ltr'>νῆσος</span> <span class='ocrx_word' id='word_1_130' title='bbox 339 1914 395 1953; x_wconf 77' lang='lat' dir='ltr'><strong>v.</strong></span> <span class='ocrx_word' id='word_1_131' title='bbox 431 1912 556 1969; x_wconf 81' lang='lat' dir='ltr'><strong>quae</strong></span> <span class='ocrx_word' id='word_1_132' title='bbox 581 1895 756 1950; x_wconf 88' lang='lat' dir='ltr'><strong>multa</strong></span> <span class='ocrx_word' id='word_1_133' title='bbox 781 1896 1053 1971; x_wconf 65' lang='lat' dir='ltr'><strong>congessit</strong></span> <span class='ocrx_word' id='word_1_134' title='bbox 1073 1896 1250 1952; x_wconf 83' lang='lat' dir='ltr'><strong>Baehr.</strong></span> <span class='ocrx_word' id='word_1_135' title='bbox 1277 1897 1318 1950; x_wconf 87' lang='lat'><strong>1.</strong></span> <span class='ocrx_word' id='word_1_136' title='bbox 1346 1896 1387 1950; x_wconf 86' lang='lat'><strong>1.</strong></span> 
     </span>
    </p>
   </div>
   <div class='ocr_carea' id='block_1_7' title="bbox 887 2014 984 2080">
    <p class='ocr_par' dir='ltr' id='par_1_7' title="bbox 887 2014 984 2080">
     <span class='ocr_line' id='line_1_18' title="bbox 887 2014 984 2080; baseline 0.062 -6"><span class='ocrx_word' id='word_1_137' title='bbox 887 2014 984 2080; x_wconf 75' lang='lat'><strong>49·</strong></span> 
     </span>
    </p>
   </div>
   <div class='ocr_carea' id='block_1_8' title="bbox 231 2108 3358 2257">
    <p class='ocr_par' dir='ltr' id='par_1_8' title="bbox 231 2108 3358 2257">
     <span class='ocr_line' id='line_1_19' title="bbox 231 2108 3358 2257; baseline 0.01 -69"><span class='ocrx_word' id='word_1_138' title='bbox 231 2112 457 2171; x_wconf 64' lang='lat' dir='ltr'><strong>zenob·</strong></span> <span class='ocrx_word' id='word_1_139' title='bbox 500 2114 666 2168; x_wconf 57' lang='lat' dir='ltr'><strong>va·</strong></span> <span class='ocrx_word' id='word_1_140' title='bbox 701 2114 770 2182; x_wconf 52' lang='grc' dir='ltr'><strong>γ’</strong></span> <span class='ocrx_word' id='word_1_141' title='bbox 802 2111 877 2177; x_wconf 67' lang='lat'><strong>64</strong></span> <span class='ocrx_word' id='word_1_142' title='bbox 924 2131 940 2167; x_wconf 67' lang='lat'><strong>²</strong></span> <span class='ocrx_word' id='word_1_143' title='bbox 987 2109 1387 2190; x_wconf 52' lang='grc' dir='ltr'>Πολυκράτη</span> <span class='ocrx_word' id='word_1_144' title='bbox 1407 2134 1434 2179; x_wconf 58' lang='grc' dir='ltr'><strong>ς</strong></span> <span class='ocrx_word' id='word_1_145' title='bbox 1461 2108 1718 2189; x_wconf 60' lang='grc' dir='ltr'><strong>μητέρα</strong></span> <span class='ocrx_word' id='word_1_146' title='bbox 1758 2116 1765 2257; x_wconf 58' lang='grc' dir='ltr'>ἰ</span> <span class='ocrx_word' id='word_1_147' title='bbox 1807 2165 1861 2221; x_wconf 83' lang='grc' dir='ltr'><strong>δὲ</strong></span> <span class='ocrx_word' id='word_1_148' title='bbox 1885 2160 2143 2234; x_wconf 78' lang='grc' dir='ltr'>Ἀθηναῖοι</span> <span class='ocrx_word' id='word_1_149' title='bbox 2171 2160 2334 2220; x_wconf 75' lang='grc' dir='ltr'>δεινὸν</span> <span class='ocrx_word' id='word_1_150' title='bbox 2358 2161 2680 2238; x_wconf 71' lang='grc' dir='ltr'>ἡγησάμενοι</span> <span class='ocrx_word' id='word_1_151' title='bbox 2706 2160 2765 2218; x_wconf 80' lang='grc' dir='ltr'><strong>τὸ</strong></span> <span class='ocrx_word' id='word_1_152' title='bbox 2805 2159 3055 2239; x_wconf 67' lang='grc' dir='ltr'>πραχθὲν,</span> <span class='ocrx_word' id='word_1_153' title='bbox 3096 2164 3358 2242; x_wconf 76' lang='grc' dir='ltr'>περιεῖλον</span> 
     </span>
    </p>
   </div>
   <div class='ocr_carea' id='block_1_9' title="bbox 1759 2245 3362 2347">
    <p class='ocr_par' dir='ltr' id='par_1_9' title="bbox 1759 2245 3362 2347">
     <span class='ocr_line' id='line_1_20' title="bbox 1759 2245 3362 2347; baseline -0.001 -39"><span class='ocrx_word' id='word_1_154' title='bbox 1759 2272 1766 2347; x_wconf 73' lang='grc' dir='ltr'>Ι</span> <span class='ocrx_word' id='word_1_155' title='bbox 1805 2273 1911 2308; x_wconf 89' lang='grc' dir='ltr'><strong>των</strong></span> <span class='ocrx_word' id='word_1_156' title='bbox 1928 2252 2186 2325; x_wconf 81' lang='grc' dir='ltr'>γυναικῶν</span> <span class='ocrx_word' id='word_1_157' title='bbox 2209 2246 2301 2316; x_wconf 75' lang='grc' dir='ltr'><strong>τὰς</strong></span> <span class='ocrx_word' id='word_1_158' title='bbox 2322 2248 2560 2328; x_wconf 78' lang='grc' dir='ltr'><strong>περόνας,</strong></span> <span class='ocrx_word' id='word_1_159' title='bbox 2585 2245 2797 2326; x_wconf 72' lang='grc' dir='ltr'>ἐπείπερ</span> <span class='ocrx_word' id='word_1_160' title='bbox 2814 2249 2883 2313; x_wconf 83' lang='grc' dir='ltr'><strong>εἰς</strong></span> <span class='ocrx_word' id='word_1_161' title='bbox 2901 2246 3155 2324; x_wconf 79' lang='grc' dir='ltr'>ὁπλισμὸν</span> <span class='ocrx_word' id='word_1_162' title='bbox 3181 2250 3362 2316; x_wconf 83' lang='grc' dir='ltr'>αὐταῖς</span> 
     </span>
    </p>
   </div>
   <div class='ocr_carea' id='block_1_10' title="bbox 142 2195 1719 2278">
    <p class='ocr_par' dir='ltr' id='par_1_10' title="bbox 142 2195 1719 2278">
     <span class='ocr_line' id='line_1_21' title="bbox 142 2195 1719 2278; baseline 0.003 -24"><span class='ocrx_word' id='word_1_163' title='bbox 142 2196 215 2255; x_wconf 56' lang='lat' dir='ltr'><strong>vi</strong></span> <span class='ocrx_word' id='word_1_164' title='bbox 232 2219 344 2273; x_wconf 73' lang='grc' dir='ltr'><strong>μαι</strong></span> <span class='ocrx_word' id='word_1_165' title='bbox 369 2242 384 2257; x_wconf 93' lang='grc'>.</span> <span class='ocrx_word' id='word_1_166' title='bbox 468 2195 750 2271; x_wconf 74' lang='grc' dir='ltr'>Μέμνηται</span> <span class='ocrx_word' id='word_1_167' title='bbox 780 2195 975 2267; x_wconf 81' lang='grc' dir='ltr'>ταύτης</span> <span class='ocrx_word' id='word_1_168' title='bbox 1002 2203 1204 2278; x_wconf 77' lang='grc' dir='ltr'>Δοῦρις.</span> <span class='ocrx_word' id='word_1_169' title='bbox 1238 2196 1396 2274; x_wconf 77' lang='grc' dir='ltr'>Λέγει</span> <span class='ocrx_word' id='word_1_170' title='bbox 1429 2198 1482 2256; x_wconf 64' lang='grc' dir='ltr'><strong>δὲ</strong></span> <span class='ocrx_word' id='word_1_171' title='bbox 1508 2197 1587 2256; x_wconf 68' lang='grc' dir='ltr'><strong>ὅτι</strong></span> <span class='ocrx_word' id='word_1_172' title='bbox 1617 2201 1719 2259; x_wconf 85' lang='grc' dir='ltr'><strong>Πο·</strong></span> 
     </span>
    </p>
   </div>
   <div class='ocr_carea' id='block_1_11' title="bbox 142 2282 1719 3221">
    <p class='ocr_par' dir='ltr' id='par_1_11' title="bbox 142 2282 1719 2623">
     <span class='ocr_line' id='line_1_22' title="bbox 142 2282 1719 2364; baseline 0.002 -22"><span class='ocrx_word' id='word_1_173' title='bbox 142 2284 425 2364; x_wconf 78' lang='grc' dir='ltr'>λυκράτης</span> <span class='ocrx_word' id='word_1_174' title='bbox 452 2284 481 2341; x_wconf 78' lang='grc' dir='ltr'>ὁ</span> <span class='ocrx_word' id='word_1_175' title='bbox 524 2283 725 2360; x_wconf 82' lang='grc' dir='ltr'>Σάμιος</span> <span class='ocrx_word' id='word_1_176' title='bbox 759 2287 862 2343; x_wconf 77' lang='grc' dir='ltr'><strong>τῶν</strong></span> <span class='ocrx_word' id='word_1_177' title='bbox 893 2287 946 2343; x_wconf 72' lang='grc' dir='ltr'>ἐν</span> <span class='ocrx_word' id='word_1_178' title='bbox 986 2287 1064 2364; x_wconf 81' lang='grc' dir='ltr'><strong>τῷ</strong></span> <span class='ocrx_word' id='word_1_179' title='bbox 1103 2282 1319 2364; x_wconf 76' lang='grc' dir='ltr'>πολέμῳ</span> <span class='ocrx_word' id='word_1_180' title='bbox 1361 2283 1719 2345; x_wconf 75' lang='grc' dir='ltr'>ἀποθανόντων</span> 
     </span>
     <span class='ocr_line' id='line_1_23' title="bbox 143 2368 1713 2449; baseline 0 -20"><span class='ocrx_word' id='word_1_181' title='bbox 143 2371 251 2439; x_wconf 67' lang='grc' dir='ltr'><strong>τὰς</strong></span> <span class='ocrx_word' id='word_1_182' title='bbox 282 2369 512 2449; x_wconf 70' lang='grc' dir='ltr'>μητίρας</span> <span class='ocrx_word' id='word_1_183' title='bbox 539 2369 845 2447; x_wconf 83' lang='grc' dir='ltr'>συναγαγὼν</span> <span class='ocrx_word' id='word_1_184' title='bbox 874 2368 1063 2429; x_wconf 79' lang='grc' dir='ltr'>δέδωκε</span> <span class='ocrx_word' id='word_1_185' title='bbox 1087 2379 1194 2437; x_wconf 83' lang='grc' dir='ltr'>τοῖς</span> <span class='ocrx_word' id='word_1_186' title='bbox 1214 2370 1475 2438; x_wconf 76' lang='grc' dir='ltr'>πλουσίοις</span> <span class='ocrx_word' id='word_1_187' title='bbox 1497 2374 1600 2428; x_wconf 79' lang='grc' dir='ltr'><strong>τῶν</strong></span> <span class='ocrx_word' id='word_1_188' title='bbox 1619 2393 1713 2429; x_wconf 86' lang='grc' dir='ltr'>πο·</span> 
     </span>
     <span class='ocr_line' id='line_1_24' title="bbox 144 2456 1716 2539; baseline 0 -24"><span class='ocrx_word' id='word_1_189' title='bbox 144 2461 317 2517; x_wconf 78' lang='grc' dir='ltr'>λιτῶν</span> <span class='ocrx_word' id='word_1_190' title='bbox 341 2460 563 2539; x_wconf 65' lang='grc' dir='ltr'>τρέφειν,</span> <span class='ocrx_word' id='word_1_191' title='bbox 580 2457 708 2537; x_wconf 79' lang='grc' dir='ltr'>πρὸς</span> <span class='ocrx_word' id='word_1_192' title='bbox 735 2456 951 2515; x_wconf 70' lang='grc' dir='ltr'>ἕκαστον</span> <span class='ocrx_word' id='word_1_193' title='bbox 974 2457 1143 2535; x_wconf 72' lang='grc' dir='ltr'>λέγων</span> <span class='ocrx_word' id='word_1_194' title='bbox 1171 2456 1277 2516; x_wconf 77' lang='grc' dir='ltr'>ὅτι·</span> <span class='ocrx_word' id='word_1_195' title='bbox 1310 2456 1590 2539; x_wconf 73' lang='grc' dir='ltr'>Μητέρα</span> <span class='ocrx_word' id='word_1_196' title='bbox 1618 2480 1716 2516; x_wconf 87' lang='grc' dir='ltr'><strong>σοι</strong></span> 
     </span>
     <span class='ocr_line' id='line_1_25' title="bbox 147 2543 1586 2623; baseline -0.002 -19"><span class='ocrx_word' id='word_1_197' title='bbox 147 2545 407 2617; x_wconf 73' lang='grc' dir='ltr'>ταύτην</span> <span class='ocrx_word' id='word_1_198' title='bbox 442 2545 712 2620; x_wconf 76' lang='grc' dir='ltr'>δίδωμι.</span> <span class='ocrx_word' id='word_1_199' title='bbox 740 2543 904 2603; x_wconf 81' lang='grc' dir='ltr'>Ὅθεν</span> <span class='ocrx_word' id='word_1_200' title='bbox 926 2547 960 2614; x_wconf 79' lang='grc' dir='ltr'><strong>ἡ</strong></span> <span class='ocrx_word' id='word_1_201' title='bbox 989 2543 1245 2622; x_wconf 81' lang='grc' dir='ltr'>παροιμία</span> <span class='ocrx_word' id='word_1_202' title='bbox 1278 2544 1586 2623; x_wconf 78' lang='grc' dir='ltr'>ἐκράτησεν.</span> 
     </span>
    </p>

    <p class='ocr_par' dir='ltr' id='par_1_12' title="bbox 146 2630 1718 3221">
     <span class='ocr_line' id='line_1_26' title="bbox 242 2630 1716 2709; baseline 0.003 -22"><span class='ocrx_word' id='word_1_203' title='bbox 242 2656 273 2687; x_wconf 77' lang='grc' dir='ltr'>ι</span> <span class='ocrx_word' id='word_1_204' title='bbox 295 2635 513 2690; x_wconf 77' lang='lat' dir='ltr'><strong>Omisso</strong></span> <span class='ocrx_word' id='word_1_205' title='bbox 525 2634 758 2690; x_wconf 82' lang='lat' dir='ltr'><strong>Dur-idis</strong></span> <span class='ocrx_word' id='word_1_206' title='bbox 778 2635 1031 2705; x_wconf 81' lang='lat' dir='ltr'><strong>nomine,</strong></span> <span class='ocrx_word' id='word_1_207' title='bbox 1053 2633 1187 2689; x_wconf 88' lang='lat' dir='ltr'><strong>inde</strong></span> <span class='ocrx_word' id='word_1_208' title='bbox 1206 2654 1237 2689; x_wconf 86' lang='lat' dir='ltr'><strong>a</strong></span> <span class='ocrx_word' id='word_1_209' title='bbox 1263 2653 1405 2690; x_wconf 80' lang='lat' dir='ltr'><strong>voce</strong></span> <span class='ocrx_word' id='word_1_210' title='bbox 1436 2630 1716 2709; x_wconf 85' lang='grc' dir='ltr'>Πολυκρά-</span> 
     </span>
     <span class='ocr_line' id='line_1_27' title="bbox 146 2716 1718 2796; baseline -0.001 -19"><span class='ocrx_word' id='word_1_211' title='bbox 146 2739 254 2789; x_wconf 88' lang='grc' dir='ltr'><strong>της</strong></span> <span class='ocrx_word' id='word_1_212' title='bbox 279 2716 399 2777; x_wconf 66' lang='lat' dir='ltr'><strong>haec</strong></span> <span class='ocrx_word' id='word_1_213' title='bbox 420 2723 625 2796; x_wconf 89' lang='lat' dir='ltr'><strong>scripta</strong></span> <span class='ocrx_word' id='word_1_214' title='bbox 648 2732 865 2777; x_wconf 82' lang='lat' dir='ltr'><strong>exstant</strong></span> <span class='ocrx_word' id='word_1_215' title='bbox 880 2723 941 2776; x_wconf 89' lang='lat' dir='ltr'><strong>in</strong></span> <span class='ocrx_word' id='word_1_216' title='bbox 968 2719 1293 2777; x_wconf 78' lang='lat' dir='ltr'><strong>Proverbiis</strong></span> <span class='ocrx_word' id='word_1_217' title='bbox 1314 2740 1438 2795; x_wconf 80' lang='lat' dir='ltr'><strong>quae</strong></span> <span class='ocrx_word' id='word_1_218' title='bbox 1453 2722 1718 2778; x_wconf 86' lang='lat' dir='ltr'><strong>dicuntur</strong></span> 
     </span>
     <span class='ocr_line' id='line_1_28' title="bbox 152 2806 1712 2883; baseline 0.002 -19"><span class='ocrx_word' id='word_1_219' title='bbox 152 2809 446 2865; x_wconf 77' lang='lat' dir='ltr'><strong>Plutarchi</strong></span> <span class='ocrx_word' id='word_1_220' title='bbox 465 2811 512 2878; x_wconf 85' lang='grc' dir='ltr'><strong>Ι,</strong></span> <span class='ocrx_word' id='word_1_221' title='bbox 536 2807 630 2878; x_wconf 86' lang='grc'><strong>58,</strong></span> <span class='ocrx_word' id='word_1_222' title='bbox 648 2828 710 2882; x_wconf 89' lang='lat' dir='ltr'><strong>p.</strong></span> <span class='ocrx_word' id='word_1_223' title='bbox 736 2808 849 2883; x_wconf 82' lang='lat'><strong>329</strong></span> <span class='ocrx_word' id='word_1_224' title='bbox 863 2827 947 2882; x_wconf 84' lang='lat' dir='ltr'><strong>sq.</strong></span> <span class='ocrx_word' id='word_1_225' title='bbox 969 2819 1026 2864; x_wconf 88' lang='lat' dir='ltr'><strong>et</strong></span> <span class='ocrx_word' id='word_1_226' title='bbox 1038 2808 1179 2865; x_wconf 87' lang='lat' dir='ltr'><strong>Cod.</strong></span> <span class='ocrx_word' id='word_1_227' title='bbox 1196 2808 1363 2867; x_wconf 89' lang='lat' dir='ltr'><strong>Bodl.</strong></span> <span class='ocrx_word' id='word_1_228' title='bbox 1387 2827 1520 2882; x_wconf 85' lang='lat'><strong>779,</strong></span> <span class='ocrx_word' id='word_1_229' title='bbox 1542 2828 1600 2881; x_wconf 89' lang='lat' dir='ltr'><strong>p.</strong></span> <span class='ocrx_word' id='word_1_230' title='bbox 1618 2806 1712 2883; x_wconf 80' lang='lat'><strong>95.</strong></span> 
     </span>
     <span class='ocr_line' id='line_1_29' title="bbox 151 2887 1715 2960; baseline -0.001 -16"><span class='ocrx_word' id='word_1_231' title='bbox 151 2888 325 2944; x_wconf 72' lang='lat' dir='ltr'><strong>Cives</strong></span> <span class='ocrx_word' id='word_1_232' title='bbox 342 2888 444 2956; x_wconf 82' lang='lat' dir='ltr'><strong>illi,</strong></span> <span class='ocrx_word' id='word_1_233' title='bbox 468 2904 713 2960; x_wconf 86' lang='lat' dir='ltr'><strong>quorum</strong></span> <span class='ocrx_word' id='word_1_234' title='bbox 730 2892 935 2943; x_wconf 84' lang='lat' dir='ltr'><strong>matres</strong></span> <span class='ocrx_word' id='word_1_235' title='bbox 950 2889 1119 2943; x_wconf 90' lang='lat' dir='ltr'><strong>Samii</strong></span> <span class='ocrx_word' id='word_1_236' title='bbox 1140 2887 1537 2960; x_wconf 78' lang='lat' dir='ltr'><strong>locupletiores</strong></span> <span class='ocrx_word' id='word_1_237' title='bbox 1552 2905 1715 2943; x_wconf 89' lang='lat' dir='ltr'><strong>acce-</strong></span> 
     </span>
     <span class='ocr_line' id='line_1_30' title="bbox 150 2973 1711 3049; baseline 0 -19"><span class='ocrx_word' id='word_1_238' title='bbox 150 2985 373 3049; x_wconf 73' lang='lat' dir='ltr'><strong>peruut</strong></span> <span class='ocrx_word' id='word_1_239' title='bbox 394 2974 746 3045; x_wconf 85' lang='lat' dir='ltr'><strong>nutriendas,</strong></span> <span class='ocrx_word' id='word_1_240' title='bbox 766 2974 922 3030; x_wconf 82' lang='lat' dir='ltr'><strong>bello</strong></span> <span class='ocrx_word' id='word_1_241' title='bbox 946 2973 1274 3031; x_wconf 84' lang='lat' dir='ltr'><strong>cecideruut</strong></span> <span class='ocrx_word' id='word_1_242' title='bbox 1289 3015 1309 3048; x_wconf 89' lang='lat'>,</span> <span class='ocrx_word' id='word_1_243' title='bbox 1331 2974 1492 3047; x_wconf 83' lang='lat' dir='ltr'><strong>quod</strong></span> <span class='ocrx_word' id='word_1_244' title='bbox 1514 2984 1711 3030; x_wconf 86' lang='lat' dir='ltr'><strong>contra</strong></span> 
     </span>
     <span class='ocr_line' id='line_1_31' title="bbox 153 3060 1705 3136; baseline -0.002 -16"><span class='ocrx_word' id='word_1_245' title='bbox 153 3060 374 3135; x_wconf 80' lang='lat' dir='ltr'><strong>Cyrum</strong></span> <span class='ocrx_word' id='word_1_246' title='bbox 417 3078 609 3136; x_wconf 80' lang='lat' dir='ltr'><strong>regem</strong></span> <span class='ocrx_word' id='word_1_247' title='bbox 650 3063 814 3136; x_wconf 60' lang='lat' dir='ltr'><strong>gessit</strong></span> <span class='ocrx_word' id='word_1_248' title='bbox 861 3062 1205 3134; x_wconf 76' lang='lat' dir='ltr'><strong>Polycrates,</strong></span> <span class='ocrx_word' id='word_1_249' title='bbox 1250 3062 1402 3116; x_wconf 83' lang='lat' dir='ltr'><strong>circa</strong></span> <span class='ocrx_word' id='word_1_250' title='bbox 1445 3061 1534 3118; x_wconf 90' lang='grc' dir='ltr'><strong>ΟΙ.</strong></span> <span class='ocrx_word' id='word_1_251' title='bbox 1581 3061 1705 3117; x_wconf 82' lang='lat' dir='ltr'><strong>LX.</strong></span> 
     </span>
     <span class='ocr_line' id='line_1_32' title="bbox 154 3144 1474 3221; baseline -0.001 -17"><span class='ocrx_word' id='word_1_252' title='bbox 154 3144 332 3204; x_wconf 77' lang='lat' dir='ltr'><strong>conf.</strong></span> <span class='ocrx_word' id='word_1_253' title='bbox 357 3144 611 3203; x_wconf 70' lang='lat' dir='ltr'><strong>Pnosta</strong></span> <span class='ocrx_word' id='word_1_254' title='bbox 639 3148 679 3203; x_wconf 91' lang='lat' dir='ltr'><strong>l.</strong></span> <span class='ocrx_word' id='word_1_255' title='bbox 711 3148 750 3207; x_wconf 91' lang='lat' dir='ltr'><strong>l.</strong></span> <span class='ocrx_word' id='word_1_256' title='bbox 783 3166 845 3221; x_wconf 54' lang='lat' dir='ltr'><strong>pt</strong></span> <span class='ocrx_word' id='word_1_257' title='bbox 877 3147 947 3214; x_wconf 76' lang='lat'><strong>34</strong></span> <span class='ocrx_word' id='word_1_258' title='bbox 971 3165 1055 3221; x_wconf 79' lang='lat' dir='ltr'><strong>sq.</strong></span> <span class='ocrx_word' id='word_1_259' title='bbox 1087 3170 1113 3197; x_wconf 69' lang='lat' dir='ltr'><strong>n</strong></span> <span class='ocrx_word' id='word_1_260' title='bbox 1137 3149 1474 3203; x_wconf 63' lang='lat' dir='ltr'><strong>Humanum.</strong></span> 
     </span>
    </p>
   </div>
   <div class='ocr_carea' id='block_1_12' title="bbox 854 3278 1023 3349">
    <p class='ocr_par' dir='ltr' id='par_1_13' title="bbox 854 3278 1023 3349">
     <span class='ocr_line' id='line_1_33' title="bbox 854 3278 1023 3349; baseline -0.012 -20"><span class='ocrx_word' id='word_1_261' title='bbox 854 3278 928 3349; x_wconf 76' lang='grc'><strong>49</strong></span> <span class='ocrx_word' id='word_1_262' title='bbox 971 3290 1023 3329; x_wconf 84' lang='lat' dir='ltr'><strong>a.</strong></span> 
     </span>
    </p>
   </div>
   <div class='ocr_carea' id='block_1_13' title="bbox 154 3386 1723 4162">
    <p class='ocr_par' dir='ltr' id='par_1_14' title="bbox 154 3386 1723 3640">
     <span class='ocr_line' id='line_1_34' title="bbox 242 3386 1723 3468; baseline -0.003 -19"><span class='ocrx_word' id='word_1_263' title='bbox 242 3392 435 3466; x_wconf 81' lang='lat' dir='ltr'><strong>steph.</strong></span> <span class='ocrx_word' id='word_1_264' title='bbox 464 3394 591 3466; x_wconf 77' lang='lat' dir='ltr'><strong>Byz.</strong></span> <span class='ocrx_word' id='word_1_265' title='bbox 626 3410 642 3451; x_wconf 72' lang='grc' dir='ltr'>ι</span> <span class='ocrx_word' id='word_1_266' title='bbox 667 3388 926 3468; x_wconf 80' lang='grc' dir='ltr'>Γόργυια,</span> <span class='ocrx_word' id='word_1_267' title='bbox 948 3388 1103 3457; x_wconf 82' lang='grc' dir='ltr'>τόπος</span> <span class='ocrx_word' id='word_1_268' title='bbox 1122 3391 1176 3448; x_wconf 68' lang='grc' dir='ltr'>ἐν</span> <span class='ocrx_word' id='word_1_269' title='bbox 1199 3388 1370 3468; x_wconf 85' lang='grc' dir='ltr'>Σάμῳ</span> <span class='ocrx_word' id='word_1_270' title='bbox 1386 3431 1403 3459; x_wconf 90' lang='grc'>,</span> <span class='ocrx_word' id='word_1_271' title='bbox 1433 3391 1503 3454; x_wconf 80' lang='grc' dir='ltr'>ὡς</span> <span class='ocrx_word' id='word_1_272' title='bbox 1529 3386 1723 3468; x_wconf 69' lang='grc' dir='ltr'>ἱστορεῖ</span> 
     </span>
     <span class='ocr_line' id='line_1_35' title="bbox 157 3467 1713 3557; baseline -0.004 -20"><span class='ocrx_word' id='word_1_273' title='bbox 157 3480 379 3549; x_wconf 75' lang='grc' dir='ltr'>Δοῦρις,</span> <span class='ocrx_word' id='word_1_274' title='bbox 427 3476 482 3534; x_wconf 63' lang='grc' dir='ltr'>ἐν</span> <span class='ocrx_word' id='word_1_275' title='bbox 525 3467 571 3557; x_wconf 78' lang='grc' dir='ltr'><em>ᾧ</em></span> <span class='ocrx_word' id='word_1_276' title='bbox 610 3477 873 3543; x_wconf 84' lang='grc' dir='ltr'>Διονύσιος</span> <span class='ocrx_word' id='word_1_277' title='bbox 914 3474 1187 3556; x_wconf 78' lang='grc' dir='ltr'>Γοργυιεὺς</span> <span class='ocrx_word' id='word_1_278' title='bbox 1240 3473 1556 3554; x_wconf 80' lang='grc' dir='ltr'>(Γοργορεὺς</span> <span class='ocrx_word' id='word_1_279' title='bbox 1583 3475 1713 3531; x_wconf 90' lang='lat' dir='ltr'><strong>cod.</strong></span> 
     </span>
     <span class='ocr_line' id='line_1_36' title="bbox 154 3538 1711 3640; baseline 0.001 -18"><span class='ocrx_word' id='word_1_280' title='bbox 154 3564 423 3640; x_wconf 81' lang='lat' dir='ltr'><strong>Vratisl.)</strong></span> <span class='ocrx_word' id='word_1_281' title='bbox 450 3570 689 3640; x_wconf 75' lang='grc' dir='ltr'>τιμᾶται.</span> <span class='ocrx_word' id='word_1_282' title='bbox 1688 3538 1711 3573; x_wconf 58' lang='lat'><strong>·</strong></span> 
     </span>
    </p>

    <p class='ocr_par' dir='ltr' id='par_1_15' title="bbox 156 3644 1723 4162">
     <span class='ocr_line' id='line_1_37' title="bbox 246 3644 1719 3730; baseline -0.003 -23"><span class='ocrx_word' id='word_1_283' title='bbox 246 3649 328 3710; x_wconf 84' lang='lat' dir='ltr'><strong>Cf.</strong></span> <span class='ocrx_word' id='word_1_284' title='bbox 356 3653 539 3725; x_wconf 74' lang='lat' dir='ltr'><strong>Etym.</strong></span> <span class='ocrx_word' id='word_1_285' title='bbox 569 3651 648 3711; x_wconf 85' lang='lat' dir='ltr'><strong>M.</strong></span> <span class='ocrx_word' id='word_1_286' title='bbox 672 3648 955 3730; x_wconf 84' lang='grc' dir='ltr'>Γόργυρος,</span> <span class='ocrx_word' id='word_1_287' title='bbox 976 3652 1003 3706; x_wconf 81' lang='grc' dir='ltr'><strong>ὅ</strong></span> <span class='ocrx_word' id='word_1_288' title='bbox 1030 3647 1290 3720; x_wconf 84' lang='grc' dir='ltr'>Διόνυσος,</span> <span class='ocrx_word' id='word_1_289' title='bbox 1316 3646 1421 3705; x_wconf 75' lang='grc' dir='ltr'>ἀπὸ</span> <span class='ocrx_word' id='word_1_290' title='bbox 1440 3644 1719 3725; x_wconf 81' lang='grc' dir='ltr'>Γοργύρας,</span> 
     </span>
     <span class='ocr_line' id='line_1_38' title="bbox 157 3734 1709 3813; baseline -0.001 -19"><span class='ocrx_word' id='word_1_291' title='bbox 157 3734 329 3794; x_wconf 67' lang='grc' dir='ltr'>τόπου</span> <span class='ocrx_word' id='word_1_292' title='bbox 355 3739 446 3806; x_wconf 76' lang='grc' dir='ltr'><strong>τῆς</strong></span> <span class='ocrx_word' id='word_1_293' title='bbox 487 3737 693 3797; x_wconf 75' lang='grc' dir='ltr'>Σάμου.</span> <span class='ocrx_word' id='word_1_294' title='bbox 726 3741 871 3795; x_wconf 85' lang='lat' dir='ltr'><strong>Hinc</strong></span> <span class='ocrx_word' id='word_1_295' title='bbox 905 3739 1057 3813; x_wconf 87' lang='lat' dir='ltr'><strong>apud</strong></span> <span class='ocrx_word' id='word_1_296' title='bbox 1090 3739 1355 3812; x_wconf 86' lang='lat' dir='ltr'><strong>Stephau.</strong></span> <span class='ocrx_word' id='word_1_297' title='bbox 1390 3737 1709 3793; x_wconf 72' lang='lat' dir='ltr'><strong>Hulleman.</strong></span> 
     </span>
     <span class='ocr_line' id='line_1_39' title="bbox 156 3814 1716 3901; baseline -0.003 -20"><span class='ocrx_word' id='word_1_298' title='bbox 156 3825 383 3898; x_wconf 77' lang='lat' dir='ltr'><strong>scripsit</strong></span> <span class='ocrx_word' id='word_1_299' title='bbox 406 3820 707 3901; x_wconf 81' lang='grc' dir='ltr'>Γοργύρα...</span> <span class='ocrx_word' id='word_1_300' title='bbox 734 3814 1039 3901; x_wconf 82' lang='grc' dir='ltr'>Γοργυρεύς.</span> <span class='ocrx_word' id='word_1_301' title='bbox 1073 3826 1278 3891; x_wconf 82' lang='lat' dir='ltr'><strong>Recte,</strong></span> <span class='ocrx_word' id='word_1_302' title='bbox 1310 3834 1484 3896; x_wconf 88' lang='lat' dir='ltr'><strong>puto,</strong></span> <span class='ocrx_word' id='word_1_303' title='bbox 1510 3839 1716 3895; x_wconf 85' lang='lat' dir='ltr'><strong>quam-</strong></span> 
     </span>
     <span class='ocr_line' id='line_1_40' title="bbox 158 3909 1717 3984; baseline -0.002 -18"><span class='ocrx_word' id='word_1_304' title='bbox 158 3924 338 3984; x_wconf 83' lang='lat' dir='ltr'><strong>quam</strong></span> <span class='ocrx_word' id='word_1_305' title='bbox 359 3910 577 3966; x_wconf 89' lang='lat' dir='ltr'><strong>dubitat</strong></span> <span class='ocrx_word' id='word_1_306' title='bbox 594 3911 858 3970; x_wconf 76' lang='lat' dir='ltr'><strong>Dindorf.</strong></span> <span class='ocrx_word' id='word_1_307' title='bbox 884 3914 946 3966; x_wconf 89' lang='lat' dir='ltr'><strong>in</strong></span> <span class='ocrx_word' id='word_1_308' title='bbox 966 3912 1046 3967; x_wconf 90' lang='lat' dir='ltr'><strong>St.</strong></span> <span class='ocrx_word' id='word_1_309' title='bbox 1074 3910 1336 3966; x_wconf 84' lang='lat' dir='ltr'><strong>Thesaur.</strong></span> <span class='ocrx_word' id='word_1_310' title='bbox 1358 3928 1403 3966; x_wconf 85' lang='lat' dir='ltr'><strong>s.</strong></span> <span class='ocrx_word' id='word_1_311' title='bbox 1432 3927 1483 3964; x_wconf 75' lang='lat' dir='ltr'><strong>v.</strong></span> <span class='ocrx_word' id='word_1_312' title='bbox 1500 3909 1717 3964; x_wconf 87' lang='lat' dir='ltr'><strong>Etenim</strong></span> 
     </span>
     <span class='ocr_line' id='line_1_41' title="bbox 156 3992 1718 4076; baseline -0.004 -21"><span class='ocrx_word' id='word_1_313' title='bbox 156 3992 390 4076; x_wconf 71' lang='grc' dir='ltr'>γοργῦρα</span> <span class='ocrx_word' id='word_1_314' title='bbox 414 3998 563 4054; x_wconf 90' lang='lat' dir='ltr'><strong>Sami</strong></span> <span class='ocrx_word' id='word_1_315' title='bbox 585 3995 738 4052; x_wconf 78' lang='lat' dir='ltr'><strong>urbis</strong></span> <span class='ocrx_word' id='word_1_316' title='bbox 775 4008 858 4053; x_wconf 87' lang='lat' dir='ltr'><strong>est</strong></span> <span class='ocrx_word' id='word_1_317' title='bbox 889 3994 1242 4073; x_wconf 78' lang='grc' dir='ltr'>δεσμωτήριον</span> <span class='ocrx_word' id='word_1_318' title='bbox 1266 3993 1517 4070; x_wconf 72' lang='grc' dir='ltr'>ὑπόγαιον</span> <span class='ocrx_word' id='word_1_319' title='bbox 1553 3995 1718 4068; x_wconf 81' lang='lat' dir='ltr'><strong>(vide</strong></span> 
     </span>
     <span class='ocr_line' id='line_1_42' title="bbox 163 4081 1723 4162; baseline -0.001 -24"><span class='ocrx_word' id='word_1_320' title='bbox 163 4104 231 4144; x_wconf 75' lang='lat' dir='ltr'><strong>v.</strong></span> <span class='ocrx_word' id='word_1_321' title='bbox 261 4081 492 4162; x_wconf 76' lang='grc' dir='ltr'>Γοργύρα</span> <span class='ocrx_word' id='word_1_322' title='bbox 520 4087 580 4139; x_wconf 87' lang='lat' dir='ltr'><strong>in</strong></span> <span class='ocrx_word' id='word_1_323' title='bbox 599 4085 792 4158; x_wconf 75' lang='lat' dir='ltr'><strong>steph.</strong></span> <span class='ocrx_word' id='word_1_324' title='bbox 824 4084 1044 4159; x_wconf 85' lang='lat' dir='ltr'><strong>Thes.),</strong></span> <span class='ocrx_word' id='word_1_325' title='bbox 1075 4083 1230 4155; x_wconf 82' lang='lat' dir='ltr'><strong>cujus</strong></span> <span class='ocrx_word' id='word_1_326' title='bbox 1254 4084 1450 4157; x_wconf 78' lang='lat' dir='ltr'><strong>saepius</strong></span> <span class='ocrx_word' id='word_1_327' title='bbox 1469 4083 1723 4137; x_wconf 87' lang='lat' dir='ltr'><strong>meminit</strong></span> 
     </span>
    </p>
   </div>
   <div class='ocr_carea' id='block_1_14' title="bbox 162 4329 1723 4944">
    <p class='ocr_par' dir='ltr' id='par_1_16' title="bbox 162 4329 1723 4703">
     <span class='ocr_line' id='line_1_43' title="bbox 236 4329 1723 4394; baseline -0.003 -12"><span class='ocrx_word' id='word_1_328' title='bbox 236 4331 525 4393; x_wconf 71' lang='lat' dir='ltr'><strong>Polycrates</strong></span> <span class='ocrx_word' id='word_1_329' title='bbox 555 4335 780 4382; x_wconf 76' lang='lat' dir='ltr'><strong>matrem</strong></span> <span class='ocrx_word' id='word_1_330' title='bbox 808 4332 1095 4383; x_wconf 74' lang='lat' dir='ltr'><strong>distribuit.</strong></span> <span class='ocrx_word' id='word_1_331' title='bbox 1130 4331 1285 4393; x_wconf 76' lang='lat' dir='ltr'><strong>Huius</strong></span> <span class='ocrx_word' id='word_1_332' title='bbox 1308 4330 1547 4394; x_wconf 80' lang='lat' dir='ltr'><strong>proverbii</strong></span> <span class='ocrx_word' id='word_1_333' title='bbox 1580 4329 1723 4380; x_wconf 84' lang='lat' dir='ltr'><strong>Duris</strong></span> 
     </span>
     <span class='ocr_line' id='line_1_44' title="bbox 162 4408 1720 4472; baseline -0.004 -9"><span class='ocrx_word' id='word_1_334' title='bbox 162 4408 414 4470; x_wconf 66' lang='lat' dir='ltr'><strong>imminit,</strong></span> <span class='ocrx_word' id='word_1_335' title='bbox 439 4410 736 4471; x_wconf 80' lang='lat' dir='ltr'><strong>Polycratem</strong></span> <span class='ocrx_word' id='word_1_336' title='bbox 771 4410 1041 4460; x_wconf 77' lang='lat' dir='ltr'><strong>Samiorum</strong></span> <span class='ocrx_word' id='word_1_337' title='bbox 1062 4411 1323 4472; x_wconf 79' lang='lat' dir='ltr'><strong>tyrannum</strong></span> <span class='ocrx_word' id='word_1_338' title='bbox 1347 4421 1545 4458; x_wconf 80' lang='lat' dir='ltr'><strong>narrans</strong></span> <span class='ocrx_word' id='word_1_339' title='bbox 1569 4420 1720 4457; x_wconf 75' lang='lat' dir='ltr'><strong>coeso·</strong></span> 
     </span>
     <span class='ocr_line' id='line_1_45' title="bbox 163 4478 1722 4539; baseline -0.004 -1"><span class='ocrx_word' id='word_1_340' title='bbox 163 4499 283 4539; x_wconf 81' lang='lat' dir='ltr'><strong>rum</strong></span> <span class='ocrx_word' id='word_1_341' title='bbox 299 4486 421 4535; x_wconf 86' lang='lat' dir='ltr'><strong>bello</strong></span> <span class='ocrx_word' id='word_1_342' title='bbox 438 4487 645 4536; x_wconf 87' lang='lat' dir='ltr'><strong>militum</strong></span> <span class='ocrx_word' id='word_1_343' title='bbox 674 4488 850 4536; x_wconf 86' lang='lat' dir='ltr'><strong>matres</strong></span> <span class='ocrx_word' id='word_1_344' title='bbox 878 4478 1101 4536; x_wconf 79' lang='lat' dir='ltr'><strong>collectas</strong></span> <span class='ocrx_word' id='word_1_345' title='bbox 1122 4486 1302 4535; x_wconf 74' lang='lat' dir='ltr'><strong>civium</strong></span> <span class='ocrx_word' id='word_1_346' title='bbox 1324 4484 1575 4536; x_wconf 72' lang='lat' dir='ltr'><strong>ditioribus</strong></span> <span class='ocrx_word' id='word_1_347' title='bbox 1591 4483 1722 4533; x_wconf 83' lang='lat' dir='ltr'><strong>alen-</strong></span> 
     </span>
     <span class='ocr_line' id='line_1_46' title="bbox 163 4560 1720 4626; baseline -0.004 -11"><span class='ocrx_word' id='word_1_348' title='bbox 163 4561 554 4625; x_wconf 69' lang='lat' dir='ltr'><strong>dash-edidisse,</strong></span> <span class='ocrx_word' id='word_1_349' title='bbox 593 4560 885 4626; x_wconf 69' lang='lat' dir='ltr'><strong>singulisque</strong></span> <span class='ocrx_word' id='word_1_350' title='bbox 908 4561 1084 4613; x_wconf 78' lang='lat' dir='ltr'><strong>dixisse</strong></span> <span class='ocrx_word' id='word_1_351' title='bbox 1120 4581 1132 4611; x_wconf 75' lang='grc' dir='ltr'>ε</span> <span class='ocrx_word' id='word_1_352' title='bbox 1172 4580 1197 4605; x_wconf 73' lang='grc' dir='ltr'><strong><em>κ</em></strong></span> <span class='ocrx_word' id='word_1_353' title='bbox 1229 4563 1363 4612; x_wconf 78' lang='lat' dir='ltr'><strong>Hanc</strong></span> <span class='ocrx_word' id='word_1_354' title='bbox 1392 4561 1480 4611; x_wconf 81' lang='lat' dir='ltr'><strong>tibi</strong></span> <span class='ocrx_word' id='word_1_355' title='bbox 1518 4562 1720 4609; x_wconf 82' lang='lat' dir='ltr'><strong>matrem</strong></span> 
     </span>
     <span class='ocr_line' id='line_1_47' title="bbox 166 4639 1079 4703; baseline -0.001 -13"><span class='ocrx_word' id='word_1_356' title='bbox 166 4640 351 4691; x_wconf 79' lang='lat' dir='ltr'><strong>tribuo.</strong></span> <span class='ocrx_word' id='word_1_357' title='bbox 376 4659 402 4683; x_wconf 77' lang='grc' dir='ltr'>ι·</span> <span class='ocrx_word' id='word_1_358' title='bbox 418 4639 558 4690; x_wconf 77' lang='lat' dir='ltr'><strong>Unde</strong></span> <span class='ocrx_word' id='word_1_359' title='bbox 571 4643 733 4690; x_wconf 86' lang='lat' dir='ltr'><strong>ortum</strong></span> <span class='ocrx_word' id='word_1_360' title='bbox 753 4639 1079 4703; x_wconf 76' lang='lat' dir='ltr'><strong>proverbium.</strong></span> 
     </span>
    </p>

    <p class='ocr_par' dir='ltr' id='par_1_17' title="bbox 866 4724 1024 4775">
     <span class='ocr_line' id='line_1_48' title="bbox 866 4724 1024 4775; baseline 0 -1"><span class='ocrx_word' id='word_1_361' title='bbox 866 4724 936 4775; x_wconf 78' lang='lat'><strong>49</strong></span> <span class='ocrx_word' id='word_1_362' title='bbox 973 4735 1024 4774; x_wconf 88' lang='lat' dir='ltr'><strong>a.</strong></span> 
     </span>
    </p>

    <p class='ocr_par' dir='ltr' id='par_1_18' title="bbox 240 4804 1719 4869">
     <span class='ocr_line' id='line_1_49' title="bbox 240 4804 1719 4869; baseline -0.004 -12"><span class='ocrx_word' id='word_1_363' title='bbox 240 4808 446 4869; x_wconf 73' lang='lat' dir='ltr'><strong>Gorgyra</strong></span> <span class='ocrx_word' id='word_1_364' title='bbox 460 4840 476 4867; x_wconf 88' lang='lat'>,</span> <span class='ocrx_word' id='word_1_365' title='bbox 494 4805 628 4854; x_wconf 86' lang='lat' dir='ltr'><strong>locus</strong></span> <span class='ocrx_word' id='word_1_366' title='bbox 653 4804 783 4856; x_wconf 77' lang='lat' dir='ltr'><strong>sami</strong></span> <span class='ocrx_word' id='word_1_367' title='bbox 800 4805 961 4868; x_wconf 84' lang='lat' dir='ltr'><strong>urbis,</strong></span> <span class='ocrx_word' id='word_1_368' title='bbox 981 4807 1037 4856; x_wconf 88' lang='lat' dir='ltr'><strong>ut</strong></span> <span class='ocrx_word' id='word_1_369' title='bbox 1050 4806 1196 4856; x_wconf 87' lang='lat' dir='ltr'><strong>Duris</strong></span> <span class='ocrx_word' id='word_1_370' title='bbox 1222 4806 1401 4865; x_wconf 78' lang='lat' dir='ltr'><strong>narrat,</strong></span> <span class='ocrx_word' id='word_1_371' title='bbox 1420 4805 1471 4853; x_wconf 87' lang='lat' dir='ltr'><strong>in</strong></span> <span class='ocrx_word' id='word_1_372' title='bbox 1488 4814 1589 4865; x_wconf 86' lang='lat' dir='ltr'><strong>quo</strong></span> <span class='ocrx_word' id='word_1_373' title='bbox 1607 4804 1719 4854; x_wconf 78' lang='lat' dir='ltr'><strong>Bac·</strong></span> 
     </span>
    </p>

    <p class='ocr_par' dir='ltr' id='par_1_19' title="bbox 171 4881 1315 4944">
     <span class='ocr_line' id='line_1_50' title="bbox 171 4881 1315 4944; baseline -0.01 -9"><span class='ocrx_word' id='word_1_374' title='bbox 171 4883 297 4935; x_wconf 77' lang='lat' dir='ltr'><strong>enus</strong></span> <span class='ocrx_word' id='word_1_375' title='bbox 315 4885 581 4944; x_wconf 56' lang='grc' dir='ltr'>(ἴοιμι-ωε</span> <span class='ocrx_word' id='word_1_376' title='bbox 596 4881 873 4931; x_wconf 82' lang='lat' dir='ltr'><strong>honoratur.</strong></span> <span class='ocrx_word' id='word_1_377' title='bbox 1306 4914 1315 4923; x_wconf 92' lang='lat'><strong>.</strong></span> 
     </span>
    </p>
   </div>
   <div class='ocr_carea' id='block_1_15' title="bbox 3231 485 3338 535">
    <p class='ocr_par' dir='ltr' id='par_1_20' title="bbox 3231 485 3338 535">
     <span class='ocr_line' id='line_1_51' title="bbox 3231 485 3338 535; baseline 0 -1"><span class='ocrx_word' id='word_1_378' title='bbox 3231 485 3338 535; x_wconf 71' lang='lat'><strong>481</strong></span> 
     </span>
    </p>
   </div>
   <div class='ocr_carea' id='block_1_16' title="bbox 1800 592 3480 674">
    <p class='ocr_par' dir='ltr' id='par_1_21' title="bbox 1800 592 3480 674">
     <span class='ocr_line' id='line_1_52' title="bbox 1800 592 3480 674; baseline 0.004 -21"><span class='ocrx_word' id='word_1_379' title='bbox 1800 599 2127 654; x_wconf 84' lang='lat' dir='ltr'><strong>Herodotus</strong></span> <span class='ocrx_word' id='word_1_380' title='bbox 2166 596 2280 668; x_wconf 85' lang='lat'>111,</span> <span class='ocrx_word' id='word_1_381' title='bbox 2336 592 2472 669; x_wconf 71' lang='lat'><strong>145,</strong></span> <span class='ocrx_word' id='word_1_382' title='bbox 2505 602 2604 656; x_wconf 89' lang='lat' dir='ltr'><strong>ubi</strong></span> <span class='ocrx_word' id='word_1_383' title='bbox 2647 596 2901 674; x_wconf 84' lang='lat' dir='ltr'><strong>loquitur</strong></span> <span class='ocrx_word' id='word_1_384' title='bbox 2947 592 3018 658; x_wconf 82' lang='lat' dir='ltr'><strong>de</strong></span> <span class='ocrx_word' id='word_1_385' title='bbox 3046 595 3351 659; x_wconf 73' lang='lat' dir='ltr'><strong>Maeandrio</strong></span> <span class='ocrx_word' id='word_1_386' title='bbox 3457 642 3480 661; x_wconf 54' lang='grc' dir='ltr'>ε</span> 
     </span>
    </p>
   </div>
   <div class='ocr_carea' id='block_1_17' title="bbox 1801 682 3354 1114">
    <p class='ocr_par' dir='ltr' id='par_1_22' title="bbox 1801 682 3354 1114">
     <span class='ocr_line' id='line_1_53' title="bbox 1801 682 3353 762; baseline 0.003 -21"><span class='ocrx_word' id='word_1_387' title='bbox 1801 682 2122 742; x_wconf 75' lang='lat' dir='ltr'><strong>Samiorum</strong></span> <span class='ocrx_word' id='word_1_388' title='bbox 2180 696 2417 761; x_wconf 81' lang='lat' dir='ltr'><strong>tyranno</strong></span> <span class='ocrx_word' id='word_1_389' title='bbox 2435 731 2452 762; x_wconf 85' lang='lat'>‚</span> <span class='ocrx_word' id='word_1_390' title='bbox 2499 689 2598 761; x_wconf 88' lang='lat' dir='ltr'><strong>qui</strong></span> <span class='ocrx_word' id='word_1_391' title='bbox 2639 689 2958 747; x_wconf 76' lang='lat' dir='ltr'><strong>Charilaum</strong></span> <span class='ocrx_word' id='word_1_392' title='bbox 3018 690 3245 745; x_wconf 86' lang='lat' dir='ltr'><strong>fratrem</strong></span> <span class='ocrx_word' id='word_1_393' title='bbox 3294 694 3353 746; x_wconf 88' lang='lat' dir='ltr'><strong>in</strong></span> 
     </span>
     <span class='ocr_line' id='line_1_54' title="bbox 1802 771 3354 850; baseline 0.003 -22"><span class='ocrx_word' id='word_1_394' title='bbox 1802 771 2059 850; x_wconf 81' lang='grc' dir='ltr'>γοργύραν</span> <span class='ocrx_word' id='word_1_395' title='bbox 2077 776 2236 829; x_wconf 82' lang='lat' dir='ltr'><strong>istam</strong></span> <span class='ocrx_word' id='word_1_396' title='bbox 2254 774 2585 846; x_wconf 87' lang='lat' dir='ltr'><strong>conjecerat.</strong></span> <span class='ocrx_word' id='word_1_397' title='bbox 2597 777 2678 829; x_wconf 83' lang='lat' dir='ltr'><strong>Ex</strong></span> <span class='ocrx_word' id='word_1_398' title='bbox 2694 776 2891 830; x_wconf 88' lang='lat' dir='ltr'><strong>eadem</strong></span> <span class='ocrx_word' id='word_1_399' title='bbox 2912 777 3143 831; x_wconf 80' lang='lat' dir='ltr'><strong>historia</strong></span> <span class='ocrx_word' id='word_1_400' title='bbox 3164 788 3354 834; x_wconf 83' lang='lat' dir='ltr'><strong>noster</strong></span> 
     </span>
     <span class='ocr_line' id='line_1_55' title="bbox 1802 861 3351 936; baseline 0.005 -23"><span class='ocrx_word' id='word_1_401' title='bbox 1802 861 1961 915; x_wconf 89' lang='lat' dir='ltr'><strong>locus</strong></span> <span class='ocrx_word' id='word_1_402' title='bbox 1986 863 2103 934; x_wconf 84' lang='lat' dir='ltr'><strong>peti</strong></span> <span class='ocrx_word' id='word_1_403' title='bbox 2141 862 2346 935; x_wconf 87' lang='lat' dir='ltr'><strong>potuit.</strong></span> <span class='ocrx_word' id='word_1_404' title='bbox 2391 864 2576 933; x_wconf 82' lang='lat' dir='ltr'><strong>Quare</strong></span> <span class='ocrx_word' id='word_1_405' title='bbox 2610 862 2721 917; x_wconf 89' lang='lat' dir='ltr'><strong>huc</strong></span> <span class='ocrx_word' id='word_1_406' title='bbox 2756 862 3129 936; x_wconf 83' lang='lat' dir='ltr'><strong>fragmentum</strong></span> <span class='ocrx_word' id='word_1_407' title='bbox 3160 866 3351 923; x_wconf 87' lang='lat' dir='ltr'><strong>retuli.</strong></span> 
     </span>
     <span class='ocr_line' id='line_1_56' title="bbox 1802 947 3350 1022; baseline 0.005 -21"><span class='ocrx_word' id='word_1_408' title='bbox 1802 947 1989 1019; x_wconf 90' lang='lat' dir='ltr'><strong>Prope</strong></span> <span class='ocrx_word' id='word_1_409' title='bbox 2017 966 2299 1005; x_wconf 83' lang='lat' dir='ltr'><strong>carcerem</strong></span> <span class='ocrx_word' id='word_1_410' title='bbox 2348 959 2526 1003; x_wconf 81' lang='lat' dir='ltr'><strong>statua</strong></span> <span class='ocrx_word' id='word_1_411' title='bbox 2553 949 2788 1022; x_wconf 77' lang='lat' dir='ltr'><strong>Dionysi</strong></span> <span class='ocrx_word' id='word_1_412' title='bbox 2825 951 2914 1003; x_wconf 86' lang='lat' dir='ltr'><strong>vel</strong></span> <span class='ocrx_word' id='word_1_413' title='bbox 2947 950 3136 1004; x_wconf 81' lang='lat' dir='ltr'><strong>fanum</strong></span> <span class='ocrx_word' id='word_1_414' title='bbox 3164 950 3350 1009; x_wconf 81' lang='lat' dir='ltr'><strong>fuerit.</strong></span> 
     </span>
     <span class='ocr_line' id='line_1_57' title="bbox 1803 1032 3352 1114; baseline 0.005 -28"><span class='ocrx_word' id='word_1_415' title='bbox 1803 1032 2079 1089; x_wconf 88' lang='lat' dir='ltr'><strong>Subtilior</strong></span> <span class='ocrx_word' id='word_1_416' title='bbox 2114 1034 2507 1103; x_wconf 83' lang='lat' dir='ltr'><strong>Hullemanus,</strong></span> <span class='ocrx_word' id='word_1_417' title='bbox 2530 1036 2630 1106; x_wconf 91' lang='lat' dir='ltr'><strong>qui</strong></span> <span class='ocrx_word' id='word_1_418' title='bbox 2656 1034 2727 1090; x_wconf 88' lang='lat' dir='ltr'><strong>de</strong></span> <span class='ocrx_word' id='word_1_419' title='bbox 2754 1035 3004 1107; x_wconf 82' lang='lat' dir='ltr'><strong>Dionyso</strong></span> <span class='ocrx_word' id='word_1_420' title='bbox 3032 1033 3222 1114; x_wconf 77' lang='grc' dir='ltr'>χθονίῳ</span> <span class='ocrx_word' id='word_1_421' title='bbox 3251 1057 3352 1092; x_wconf 85' lang='lat' dir='ltr'><strong>co-</strong></span> 
     </span>
    </p>
   </div>
   <div class='ocr_carea' id='block_1_18' title="bbox 1803 1120 3354 1272">
    <p class='ocr_par' dir='ltr' id='par_1_23' title="bbox 1803 1120 3354 1272">
     <span class='ocr_line' id='line_1_58' title="bbox 1804 1120 3354 1194; baseline 0.003 -21"><span class='ocrx_word' id='word_1_422' title='bbox 1804 1120 1970 1191; x_wconf 83' lang='lat' dir='ltr'><strong>gitari</strong></span> <span class='ocrx_word' id='word_1_423' title='bbox 1993 1120 2132 1176; x_wconf 80' lang='lat' dir='ltr'><strong>vult.</strong></span> <span class='ocrx_word' id='word_1_424' title='bbox 2151 1121 2419 1177; x_wconf 87' lang='lat' dir='ltr'><strong>Conferre</strong></span> <span class='ocrx_word' id='word_1_425' title='bbox 2434 1122 2703 1194; x_wconf 85' lang='lat' dir='ltr'><strong>potuisset</strong></span> <span class='ocrx_word' id='word_1_426' title='bbox 2719 1121 3048 1194; x_wconf 76' lang='lat' dir='ltr'><strong>Gorgyram,</strong></span> <span class='ocrx_word' id='word_1_427' title='bbox 3065 1124 3354 1179; x_wconf 81' lang='lat' dir='ltr'><strong>Acheron·</strong></span> 
     </span>
     <span class='ocr_line' id='line_1_59' title="bbox 1803 1198 3353 1272; baseline 0.005 -22"><span class='ocrx_word' id='word_1_428' title='bbox 1803 1198 1871 1251; x_wconf 84' lang='lat' dir='ltr'><strong>tis</strong></span> <span class='ocrx_word' id='word_1_429' title='bbox 1884 1213 2120 1254; x_wconf 80' lang='lat' dir='ltr'><strong>uxorem</strong></span> <span class='ocrx_word' id='word_1_430' title='bbox 2139 1240 2156 1268; x_wconf 91' lang='lat'>,</span> <span class='ocrx_word' id='word_1_431' title='bbox 2186 1210 2420 1254; x_wconf 88' lang='lat' dir='ltr'><strong>matrem</strong></span> <span class='ocrx_word' id='word_1_432' title='bbox 2435 1198 2725 1271; x_wconf 80' lang='lat' dir='ltr'><strong>Ascalaphi</strong></span> <span class='ocrx_word' id='word_1_433' title='bbox 2744 1217 2836 1272; x_wconf 90' lang='lat' dir='ltr'><strong>ap.</strong></span> <span class='ocrx_word' id='word_1_434' title='bbox 2861 1200 3128 1272; x_wconf 82' lang='lat' dir='ltr'><strong>Apollod.</strong></span> <span class='ocrx_word' id='word_1_435' title='bbox 3157 1202 3204 1267; x_wconf 93' lang='lat'><strong>1,</strong></span> <span class='ocrx_word' id='word_1_436' title='bbox 3225 1201 3277 1269; x_wconf 86' lang='lat'><strong>5,</strong></span> <span class='ocrx_word' id='word_1_437' title='bbox 3301 1202 3353 1259; x_wconf 83' lang='lat'><strong>3.</strong></span> 
     </span>
    </p>
   </div>
   <div class='ocr_carea' id='block_1_19' title="bbox 2339 1316 2830 1393">
    <p class='ocr_par' dir='ltr' id='par_1_24' title="bbox 2339 1316 2830 1393">
     <span class='ocr_line' id='line_1_60' title="bbox 2339 1316 2830 1393; baseline 0.004 -21"><span class='ocrx_word' id='word_1_438' title='bbox 2339 1317 2434 1375; x_wconf 85' lang='lat'><strong>50.</strong></span> <span class='ocrx_word' id='word_1_439' title='bbox 2464 1316 2555 1391; x_wconf 90' lang='lat' dir='ltr'><strong>(c.</strong></span> <span class='ocrx_word' id='word_1_440' title='bbox 2585 1319 2674 1373; x_wconf 83' lang='lat'><strong>01.</strong></span> <span class='ocrx_word' id='word_1_441' title='bbox 2700 1316 2830 1393; x_wconf 87' lang='lat'><strong>60.)</strong></span> 
     </span>
    </p>
   </div>
   <div class='ocr_carea' id='block_1_20' title="bbox 2241 1434 2921 1499">
    <p class='ocr_par' dir='ltr' id='par_1_25' title="bbox 2241 1434 2921 1499">
     <span class='ocr_line' id='line_1_61' title="bbox 2241 1434 2921 1499; baseline 0.003 -2"><span class='ocrx_word' id='word_1_442' title='bbox 2241 1434 2286 1497; x_wconf 76' lang='lat' dir='ltr'>E</span> <span class='ocrx_word' id='word_1_443' title='bbox 2313 1444 2539 1499; x_wconf 86' lang='lat' dir='ltr'>LIBRO</span> <span class='ocrx_word' id='word_1_444' title='bbox 2567 1443 2921 1499; x_wconf 84' lang='lat' dir='ltr'><strong>SECUNDO.</strong></span> 
     </span>
    </p>
   </div>
   <div class='ocr_carea' id='block_1_21' title="bbox 1805 1546 3362 1979">
    <p class='ocr_par' dir='ltr' id='par_1_26' title="bbox 1805 1546 3362 1979">
     <span class='ocr_line' id='line_1_62' title="bbox 1884 1546 3357 1632; baseline 0.001 -22"><span class='ocrx_word' id='word_1_445' title='bbox 1884 1546 2077 1611; x_wconf 82' lang='lat' dir='ltr'><strong>Sebol.</strong></span> <span class='ocrx_word' id='word_1_446' title='bbox 2126 1556 2319 1629; x_wconf 83' lang='lat' dir='ltr'><strong>Eurip.</strong></span> <span class='ocrx_word' id='word_1_447' title='bbox 2351 1556 2493 1611; x_wconf 85' lang='lat' dir='ltr'><strong>Hec.</strong></span> <span class='ocrx_word' id='word_1_448' title='bbox 2538 1553 2653 1627; x_wconf 84' lang='lat'><strong>915</strong></span> <span class='ocrx_word' id='word_1_449' title='bbox 2700 1574 2715 1608; x_wconf 75' lang='grc' dir='ltr'>ε</span> <span class='ocrx_word' id='word_1_450' title='bbox 2759 1557 2941 1631; x_wconf 73' lang='grc' dir='ltr'>Δοῦρις</span> <span class='ocrx_word' id='word_1_451' title='bbox 2969 1556 3022 1610; x_wconf 71' lang='grc' dir='ltr'>ἐν</span> <span class='ocrx_word' id='word_1_452' title='bbox 3065 1556 3139 1632; x_wconf 80' lang='grc' dir='ltr'><strong>τῷ</strong></span> <span class='ocrx_word' id='word_1_453' title='bbox 3178 1553 3224 1632; x_wconf 85' lang='grc' dir='ltr'><strong>β’</strong></span> <span class='ocrx_word' id='word_1_454' title='bbox 3254 1558 3357 1613; x_wconf 80' lang='grc' dir='ltr'><strong>τῶν</strong></span> 
     </span>
     <span class='ocr_line' id='line_1_63' title="bbox 1832 1638 3358 1719; baseline 0 -20"><span class='ocrx_word' id='word_1_455' title='bbox 1832 1640 1992 1719; x_wconf 80' lang='grc' dir='ltr'>Ωρων</span> <span class='ocrx_word' id='word_1_456' title='bbox 2018 1638 2206 1719; x_wconf 74' lang='grc' dir='ltr'>γράφει</span> <span class='ocrx_word' id='word_1_457' title='bbox 2233 1638 2422 1715; x_wconf 75' lang='grc' dir='ltr'>οὕτως,</span> <span class='ocrx_word' id='word_1_458' title='bbox 2441 1643 2513 1706; x_wconf 79' lang='grc' dir='ltr'>ὥς</span> <span class='ocrx_word' id='word_1_459' title='bbox 2539 1639 2639 1697; x_wconf 76' lang='grc' dir='ltr'>ὑπὸ</span> <span class='ocrx_word' id='word_1_460' title='bbox 2663 1640 2954 1717; x_wconf 78' lang='grc' dir='ltr'>Αἰγινητῶν</span> <span class='ocrx_word' id='word_1_461' title='bbox 2983 1641 3358 1717; x_wconf 79' lang='grc' dir='ltr'>πειρατευόμε-</span> 
     </span>
     <span class='ocr_line' id='line_1_64' title="bbox 1805 1724 3356 1804; baseline 0.002 -22"><span class='ocrx_word' id='word_1_462' title='bbox 1805 1749 1882 1785; x_wconf 91' lang='grc' dir='ltr'><strong>νοι</strong></span> <span class='ocrx_word' id='word_1_463' title='bbox 1909 1724 2166 1796; x_wconf 83' lang='grc' dir='ltr'>Ἀθηναῖοι</span> <span class='ocrx_word' id='word_1_464' title='bbox 2189 1725 2460 1804; x_wconf 79' lang='grc' dir='ltr'>στρατείαν</span> <span class='ocrx_word' id='word_1_465' title='bbox 2501 1725 2617 1784; x_wconf 88' lang='grc' dir='ltr'>κατ’</span> <span class='ocrx_word' id='word_1_466' title='bbox 2642 1727 2812 1783; x_wconf 81' lang='grc' dir='ltr'>αὐτῶν</span> <span class='ocrx_word' id='word_1_467' title='bbox 2848 1725 3278 1801; x_wconf 74' lang='grc' dir='ltr'>ἀποστέλλουσιν,</span> <span class='ocrx_word' id='word_1_468' title='bbox 3309 1729 3356 1785; x_wconf 71' lang='grc' dir='ltr'><strong>οἱ</strong></span> 
     </span>
     <span class='ocr_line' id='line_1_65' title="bbox 1808 1810 3362 1891; baseline -0.001 -21"><span class='ocrx_word' id='word_1_469' title='bbox 1808 1814 1861 1870; x_wconf 79' lang='grc' dir='ltr'><strong>δὲ</strong></span> <span class='ocrx_word' id='word_1_470' title='bbox 1894 1811 2008 1888; x_wconf 77' lang='grc' dir='ltr'><strong>ἅμα</strong></span> <span class='ocrx_word' id='word_1_471' title='bbox 2050 1812 2406 1891; x_wconf 81' lang='grc' dir='ltr'>Σπαρτιάταις</span> <span class='ocrx_word' id='word_1_472' title='bbox 2452 1811 2726 1889; x_wconf 79' lang='grc' dir='ltr'>(Ἀργείοις</span> <span class='ocrx_word' id='word_1_473' title='bbox 2770 1814 3080 1889; x_wconf 82' lang='lat' dir='ltr'><strong>Herodot.)</strong></span> <span class='ocrx_word' id='word_1_474' title='bbox 3127 1810 3362 1877; x_wconf 82' lang='grc' dir='ltr'>ἅπαντας</span> 
     </span>
     <span class='ocr_line' id='line_1_66' title="bbox 1807 1890 3358 1979; baseline 0 -23"><span class='ocrx_word' id='word_1_475' title='bbox 1807 1898 2134 1958; x_wconf 78' lang='grc' dir='ltr'>ἀπέκτειναν.</span> <span class='ocrx_word' id='word_1_476' title='bbox 2221 1890 2314 1966; x_wconf 67' lang='grc' dir='ltr'>Εἷς</span> <span class='ocrx_word' id='word_1_477' title='bbox 2341 1899 2396 1957; x_wconf 74' lang='grc' dir='ltr'><strong>δὲ</strong></span> <span class='ocrx_word' id='word_1_478' title='bbox 2423 1898 2736 1979; x_wconf 74' lang='grc' dir='ltr'>ὑπέστρεψεν</span> <span class='ocrx_word' id='word_1_479' title='bbox 2769 1897 3003 1977; x_wconf 79' lang='grc' dir='ltr'>ἄγγελος,</span> <span class='ocrx_word' id='word_1_480' title='bbox 3025 1897 3081 1956; x_wconf 89' lang='grc' dir='ltr'>ὃν</span> <span class='ocrx_word' id='word_1_481' title='bbox 3109 1909 3358 1976; x_wconf 77' lang='grc' dir='ltr'>περιστᾶ-</span> 
     </span>
    </p>
   </div>
   <div class='ocr_carea' id='block_1_22' title="bbox 1759 1966 3359 2071">
    <p class='ocr_par' dir='ltr' id='par_1_27' title="bbox 1759 1966 3359 2071">
     <span class='ocr_line' id='line_1_67' title="bbox 1759 1966 3359 2071; baseline 0 -25"><span class='ocrx_word' id='word_1_482' title='bbox 1759 1966 1768 2071; x_wconf 71' lang='grc' dir='ltr'>Ι</span> <span class='ocrx_word' id='word_1_483' title='bbox 1807 2011 1896 2046; x_wconf 86' lang='grc' dir='ltr'><strong>σαι</strong></span> <span class='ocrx_word' id='word_1_484' title='bbox 1934 1990 2038 2046; x_wconf 83' lang='grc' dir='ltr'><strong>τῶν</strong></span> <span class='ocrx_word' id='word_1_485' title='bbox 2065 1987 2354 2047; x_wconf 74' lang='grc' dir='ltr'>τεθνεώτων</span> <span class='ocrx_word' id='word_1_486' title='bbox 2395 1990 2449 2045; x_wconf 74' lang='grc' dir='ltr'><strong>αἱ</strong></span> <span class='ocrx_word' id='word_1_487' title='bbox 2493 1994 2730 2063; x_wconf 84' lang='grc' dir='ltr'>γυναῖκες</span> <span class='ocrx_word' id='word_1_488' title='bbox 2756 1988 2846 2045; x_wconf 73' lang='grc' dir='ltr'><strong>καὶ</strong></span> <span class='ocrx_word' id='word_1_489' title='bbox 2878 1986 2970 2053; x_wconf 78' lang='grc' dir='ltr'><strong>τὰς</strong></span> <span class='ocrx_word' id='word_1_490' title='bbox 3010 1987 3229 2065; x_wconf 83' lang='grc' dir='ltr'>περόνας</span> <span class='ocrx_word' id='word_1_491' title='bbox 3255 1992 3359 2046; x_wconf 84' lang='grc' dir='ltr'><strong>τῶν</strong></span> 
     </span>
    </p>
   </div>
   <div class='ocr_carea' id='block_1_23' title="bbox 1807 2063 3358 2155">
    <p class='ocr_par' dir='ltr' id='par_1_28' title="bbox 1807 2063 3358 2155">
     <span class='ocr_line' id='line_1_68' title="bbox 1807 2063 3358 2155; baseline 0.001 -23"><span class='ocrx_word' id='word_1_492' title='bbox 1807 2073 1969 2150; x_wconf 81' lang='grc' dir='ltr'>ὤμων</span> <span class='ocrx_word' id='word_1_493' title='bbox 2013 2074 2326 2154; x_wconf 75' lang='grc' dir='ltr'>ἀφελόμεναι</span> <span class='ocrx_word' id='word_1_494' title='bbox 2353 2072 2731 2155; x_wconf 70' lang='grc' dir='ltr'>ἐξετύφλωσαν,</span> <span class='ocrx_word' id='word_1_495' title='bbox 2772 2063 2885 2132; x_wconf 71' lang='grc' dir='ltr'>εἶτα</span> <span class='ocrx_word' id='word_1_496' title='bbox 2927 2072 3255 2131; x_wconf 78' lang='grc' dir='ltr'>ἀπέκτειναν.</span> <span class='ocrx_word' id='word_1_497' title='bbox 3285 2077 3358 2135; x_wconf 83' lang='grc' dir='ltr'><strong>Οἱ</strong></span> 
     </span>
    </p>
   </div>
   <div class='ocr_carea' id='block_1_24' title="bbox 1805 2333 3364 3537">
    <p class='ocr_par' dir='ltr' id='par_1_29' title="bbox 1805 2333 3363 2763">
     <span class='ocr_line' id='line_1_69' title="bbox 1807 2333 3363 2414; baseline -0.003 -20"><span class='ocrx_word' id='word_1_498' title='bbox 1807 2335 2126 2414; x_wconf 76' lang='grc' dir='ltr'>ἐχρήσαντο,</span> <span class='ocrx_word' id='word_1_499' title='bbox 2153 2335 2243 2394; x_wconf 72' lang='grc' dir='ltr'><strong>καὶ</strong></span> <span class='ocrx_word' id='word_1_500' title='bbox 2265 2337 2323 2394; x_wconf 83' lang='grc' dir='ltr'><strong>οὐ</strong></span> <span class='ocrx_word' id='word_1_501' title='bbox 2351 2336 2476 2413; x_wconf 78' lang='grc' dir='ltr'>πρὸς</span> <span class='ocrx_word' id='word_1_502' title='bbox 2499 2333 2736 2414; x_wconf 78' lang='grc' dir='ltr'>φυλακὴν</span> <span class='ocrx_word' id='word_1_503' title='bbox 2776 2338 2866 2404; x_wconf 78' lang='grc' dir='ltr'><strong>τῆς</strong></span> <span class='ocrx_word' id='word_1_504' title='bbox 2908 2335 3224 2411; x_wconf 81' lang='grc' dir='ltr'>ἀμπεχόνης.</span> <span class='ocrx_word' id='word_1_505' title='bbox 3261 2338 3363 2395; x_wconf 66' lang='lat' dir='ltr'><strong>Ae».</strong></span> 
     </span>
     <span class='ocr_line' id='line_1_70' title="bbox 1805 2419 3359 2499; baseline -0.004 -18"><span class='ocrx_word' id='word_1_506' title='bbox 1805 2422 1887 2481; x_wconf 77' lang='grc' dir='ltr'><strong>τοί</strong></span> <span class='ocrx_word' id='word_1_507' title='bbox 1907 2447 1966 2481; x_wconf 84' lang='grc' dir='ltr'><strong>τε</strong></span> <span class='ocrx_word' id='word_1_508' title='bbox 1994 2423 2216 2498; x_wconf 73' lang='grc' dir='ltr'>ἐκόμων,</span> <span class='ocrx_word' id='word_1_509' title='bbox 2248 2424 2303 2479; x_wconf 79' lang='grc' dir='ltr'><strong>αἱ</strong></span> <span class='ocrx_word' id='word_1_510' title='bbox 2345 2421 2399 2479; x_wconf 77' lang='grc' dir='ltr'><strong>δὲ</strong></span> <span class='ocrx_word' id='word_1_511' title='bbox 2423 2422 2659 2499; x_wconf 82' lang='grc' dir='ltr'>γυναῖκες</span> <span class='ocrx_word' id='word_1_512' title='bbox 2685 2419 2968 2499; x_wconf 82' lang='grc' dir='ltr'>ἐκείροντο,</span> <span class='ocrx_word' id='word_1_513' title='bbox 2997 2420 3087 2477; x_wconf 82' lang='grc' dir='ltr'><strong>καὶ</strong></span> <span class='ocrx_word' id='word_1_514' title='bbox 3118 2425 3224 2487; x_wconf 84' lang='grc' dir='ltr'>τοῖς</span> <span class='ocrx_word' id='word_1_515' title='bbox 3263 2421 3359 2497; x_wconf 71' lang='grc' dir='ltr'>μὶν</span> 
     </span>
     <span class='ocr_line' id='line_1_71' title="bbox 1807 2499 3362 2590; baseline -0.001 -23"><span class='ocrx_word' id='word_1_516' title='bbox 1807 2508 2025 2589; x_wconf 79' lang='grc' dir='ltr'>ἀνδράσι</span> <span class='ocrx_word' id='word_1_517' title='bbox 2043 2509 2279 2590; x_wconf 79' lang='grc' dir='ltr'>ποδήρεις</span> <span class='ocrx_word' id='word_1_518' title='bbox 2297 2499 2430 2579; x_wconf 68' lang='grc' dir='ltr'>ἦσαν</span> <span class='ocrx_word' id='word_1_519' title='bbox 2451 2511 2497 2566; x_wconf 80' lang='grc' dir='ltr'><strong>οἱ</strong></span> <span class='ocrx_word' id='word_1_520' title='bbox 2515 2511 2749 2586; x_wconf 80' lang='grc' dir='ltr'>χιτῶνες,</span> <span class='ocrx_word' id='word_1_521' title='bbox 2773 2510 2827 2564; x_wconf 79' lang='grc' dir='ltr'><strong>αἱ</strong></span> <span class='ocrx_word' id='word_1_522' title='bbox 2848 2507 2900 2564; x_wconf 74' lang='grc' dir='ltr'><strong>δὲ</strong></span> <span class='ocrx_word' id='word_1_523' title='bbox 2920 2511 3156 2584; x_wconf 82' lang='grc' dir='ltr'>γυναῖκες</span> <span class='ocrx_word' id='word_1_524' title='bbox 3179 2507 3362 2587; x_wconf 60' lang='lat' dir='ltr'><strong>{6915oe-</strong></span> 
     </span>
     <span class='ocr_line' id='line_1_72' title="bbox 1808 2593 3356 2675; baseline -0.001 -20"><span class='ocrx_word' id='word_1_525' title='bbox 1808 2600 1890 2665; x_wconf 87' lang='grc' dir='ltr'>ζον</span> <span class='ocrx_word' id='word_1_526' title='bbox 1908 2603 2023 2663; x_wconf 84' lang='grc' dir='ltr'>ταῖς</span> <span class='ocrx_word' id='word_1_527' title='bbox 2044 2595 2267 2675; x_wconf 78' lang='grc' dir='ltr'>Δωρίαις</span> <span class='ocrx_word' id='word_1_528' title='bbox 2289 2593 2509 2661; x_wconf 71' lang='grc' dir='ltr'>στάλαις.</span> <span class='ocrx_word' id='word_1_529' title='bbox 2592 2593 2687 2652; x_wconf 78' lang='grc' dir='ltr'><strong>Διὸ</strong></span> <span class='ocrx_word' id='word_1_530' title='bbox 2708 2593 2907 2671; x_wconf 82' lang='grc' dir='ltr'>γυμνὰς</span> <span class='ocrx_word' id='word_1_531' title='bbox 2926 2593 3016 2650; x_wconf 85' lang='grc' dir='ltr'><strong>καὶ</strong></span> <span class='ocrx_word' id='word_1_532' title='bbox 3039 2594 3130 2660; x_wconf 84' lang='grc' dir='ltr'><strong>τὰς</strong></span> <span class='ocrx_word' id='word_1_533' title='bbox 3161 2596 3356 2673; x_wconf 78' lang='grc' dir='ltr'>άχίτω·</span> 
     </span>
     <span class='ocr_line' id='line_1_73' title="bbox 1807 2680 2540 2763; baseline -0.003 -21"><span class='ocrx_word' id='word_1_534' title='bbox 1807 2708 1896 2751; x_wconf 89' lang='grc' dir='ltr'><strong>νας</strong></span> <span class='ocrx_word' id='word_1_535' title='bbox 1921 2682 2220 2763; x_wconf 79' lang='grc' dir='ltr'>Δωριάζε</span> <span class='ocrx_word' id='word_1_536' title='bbox 2239 2705 2294 2739; x_wconf 91' lang='grc' dir='ltr'><strong>ιν</strong></span> <span class='ocrx_word' id='word_1_537' title='bbox 2324 2680 2540 2760; x_wconf 72' lang='grc' dir='ltr'>ἔφασαν.</span> 
     </span>
    </p>

    <p class='ocr_par' dir='ltr' id='par_1_30' title="bbox 1807 2770 3364 3537">
     <span class='ocr_line' id='line_1_74' title="bbox 1886 2770 3359 2843; baseline -0.003 -14"><span class='ocrx_word' id='word_1_538' title='bbox 1886 2773 2189 2829; x_wconf 80' lang='lat' dir='ltr'><strong>Historiam</strong></span> <span class='ocrx_word' id='word_1_539' title='bbox 2213 2772 2383 2826; x_wconf 79' lang='lat' dir='ltr'><strong>fusius</strong></span> <span class='ocrx_word' id='word_1_540' title='bbox 2409 2781 2466 2826; x_wconf 87' lang='lat' dir='ltr'><strong>et</strong></span> <span class='ocrx_word' id='word_1_541' title='bbox 2486 2771 2677 2843; x_wconf 87' lang='lat' dir='ltr'><strong>paullo</strong></span> <span class='ocrx_word' id='word_1_542' title='bbox 2697 2772 2859 2825; x_wconf 86' lang='lat' dir='ltr'><strong>aliter</strong></span> <span class='ocrx_word' id='word_1_543' title='bbox 2881 2781 3072 2825; x_wconf 84' lang='lat' dir='ltr'><strong>narrat</strong></span> <span class='ocrx_word' id='word_1_544' title='bbox 3094 2770 3359 2826; x_wconf 84' lang='lat' dir='ltr'><strong>Herodo-</strong></span> 
     </span>
     <span class='ocr_line' id='line_1_75' title="bbox 1808 2856 3357 2930; baseline -0.003 -14"><span class='ocrx_word' id='word_1_545' title='bbox 1808 2873 1896 2916; x_wconf 88' lang='lat' dir='ltr'><strong>tus</strong></span> <span class='ocrx_word' id='word_1_546' title='bbox 1928 2864 1994 2927; x_wconf 87' lang='lat' dir='ltr'><strong>V,</strong></span> <span class='ocrx_word' id='word_1_547' title='bbox 2030 2858 2238 2927; x_wconf 80' lang='lat'>82-88,</span> <span class='ocrx_word' id='word_1_548' title='bbox 2260 2858 2360 2913; x_wconf 88' lang='lat' dir='ltr'><strong>ubi</strong></span> <span class='ocrx_word' id='word_1_549' title='bbox 2395 2876 2449 2913; x_wconf 76' lang='grc' dir='ltr'>ν.</span> <span class='ocrx_word' id='word_1_550' title='bbox 2471 2857 2653 2915; x_wconf 83' lang='lat' dir='ltr'><strong>Baehr.</strong></span> <span class='ocrx_word' id='word_1_551' title='bbox 2686 2868 2743 2912; x_wconf 92' lang='lat' dir='ltr'><strong>et</strong></span> <span class='ocrx_word' id='word_1_552' title='bbox 2775 2875 2917 2930; x_wconf 87' lang='lat' dir='ltr'><strong>quos</strong></span> <span class='ocrx_word' id='word_1_553' title='bbox 2954 2856 3163 2915; x_wconf 87' lang='lat' dir='ltr'><strong>laudat.</strong></span> <span class='ocrx_word' id='word_1_554' title='bbox 3197 2889 3276 2900; x_wconf 91' lang='lat'>—</span> <span class='ocrx_word' id='word_1_555' title='bbox 3305 2859 3357 2914; x_wconf 72' lang='grc' dir='ltr'>ἐν</span> 
     </span>
     <span class='ocr_line' id='line_1_76' title="bbox 1807 2943 3358 3023; baseline -0.001 -22"><span class='ocrx_word' id='word_1_556' title='bbox 1807 2947 1882 3023; x_wconf 81' lang='grc' dir='ltr'><strong>τῷ</strong></span> <span class='ocrx_word' id='word_1_557' title='bbox 1912 2943 2006 3022; x_wconf 86' lang='grc' dir='ltr'><strong>β’]</strong></span> <span class='ocrx_word' id='word_1_558' title='bbox 2031 2957 2182 3001; x_wconf 87' lang='lat' dir='ltr'><strong>recte</strong></span> <span class='ocrx_word' id='word_1_559' title='bbox 2220 2945 2421 3018; x_wconf 88' lang='lat' dir='ltr'><strong>procul</strong></span> <span class='ocrx_word' id='word_1_560' title='bbox 2448 2944 2627 3000; x_wconf 88' lang='lat' dir='ltr'><strong>dubio</strong></span> <span class='ocrx_word' id='word_1_561' title='bbox 2665 2946 3030 2999; x_wconf 87' lang='lat' dir='ltr'><strong>Hullemanus</strong></span> <span class='ocrx_word' id='word_1_562' title='bbox 3066 2963 3175 3018; x_wconf 84' lang='lat' dir='ltr'><strong>pro</strong></span> <span class='ocrx_word' id='word_1_563' title='bbox 3202 2946 3358 3019; x_wconf 82' lang='lat' dir='ltr'><strong>vulg.</strong></span> 
     </span>
     <span class='ocr_line' id='line_1_77' title="bbox 1809 3027 3364 3110; baseline 0.001 -25"><span class='ocrx_word' id='word_1_564' title='bbox 1809 3032 1860 3086; x_wconf 77' lang='grc' dir='ltr'>ἐν</span> <span class='ocrx_word' id='word_1_565' title='bbox 1884 3033 1960 3110; x_wconf 81' lang='grc' dir='ltr'><strong>τῷ</strong></span> <span class='ocrx_word' id='word_1_566' title='bbox 1981 3028 2070 3087; x_wconf 84' lang='grc' dir='ltr'>ι6’.</span> <span class='ocrx_word' id='word_1_567' title='bbox 2096 3034 2382 3088; x_wconf 86' lang='lat' dir='ltr'><strong>Postrema</strong></span> <span class='ocrx_word' id='word_1_568' title='bbox 2408 3029 2425 3105; x_wconf 94' lang='lat'><strong>(</strong></span> <span class='ocrx_word' id='word_1_569' title='bbox 2448 3027 2592 3087; x_wconf 78' lang='grc' dir='ltr'>αὐτοί</span> <span class='ocrx_word' id='word_1_570' title='bbox 2609 3050 2665 3086; x_wconf 87' lang='grc' dir='ltr'><strong>τε</strong></span> <span class='ocrx_word' id='word_1_571' title='bbox 2687 3031 2799 3087; x_wconf 85' lang='grc' dir='ltr'>κτλ.</span> <span class='ocrx_word' id='word_1_572' title='bbox 2825 3029 2844 3105; x_wconf 89' lang='grc'>)</span> <span class='ocrx_word' id='word_1_573' title='bbox 2870 3049 2997 3085; x_wconf 82' lang='lat' dir='ltr'><strong>curn</strong></span> <span class='ocrx_word' id='word_1_574' title='bbox 3027 3032 3364 3086; x_wconf 87' lang='lat' dir='ltr'><strong>anteceden-</strong></span> 
     </span>
     <span class='ocr_line' id='line_1_78' title="bbox 1810 3117 3362 3191; baseline 0 -19"><span class='ocrx_word' id='word_1_575' title='bbox 1810 3119 1959 3175; x_wconf 86' lang='lat' dir='ltr'><strong>tibus</strong></span> <span class='ocrx_word' id='word_1_576' title='bbox 1985 3120 2271 3175; x_wconf 68' lang='lat' dir='ltr'><strong>cohaesisse</strong></span> <span class='ocrx_word' id='word_1_577' title='bbox 2297 3120 2488 3191; x_wconf 84' lang='lat' dir='ltr'><strong>aliquo</strong></span> <span class='ocrx_word' id='word_1_578' title='bbox 2510 3117 2684 3173; x_wconf 90' lang='lat' dir='ltr'><strong>modo</strong></span> <span class='ocrx_word' id='word_1_579' title='bbox 2701 3160 2720 3191; x_wconf 84' lang='lat'>‚</span> <span class='ocrx_word' id='word_1_580' title='bbox 2761 3118 2939 3190; x_wconf 89' lang='lat' dir='ltr'><strong>liquet</strong></span> <span class='ocrx_word' id='word_1_581' title='bbox 2960 3137 3028 3173; x_wconf 82' lang='lat' dir='ltr'><strong>ex</strong></span> <span class='ocrx_word' id='word_1_582' title='bbox 3064 3120 3362 3174; x_wconf 84' lang='lat' dir='ltr'><strong>Herodoto</strong></span> 
     </span>
     <span class='ocr_line' id='line_1_79' title="bbox 1810 3203 3358 3278; baseline -0.001 -17"><span class='ocrx_word' id='word_1_583' title='bbox 1810 3225 1858 3261; x_wconf 91' lang='lat' dir='ltr'><strong>c.</strong></span> <span class='ocrx_word' id='word_1_584' title='bbox 1883 3205 1979 3274; x_wconf 85' lang='grc'><strong>88,</strong></span> <span class='ocrx_word' id='word_1_585' title='bbox 2005 3207 2104 3262; x_wconf 86' lang='lat' dir='ltr'><strong>uhi</strong></span> <span class='ocrx_word' id='word_1_586' title='bbox 2131 3207 2509 3272; x_wconf 77' lang='lat' dir='ltr'><strong>Athenienses,</strong></span> <span class='ocrx_word' id='word_1_587' title='bbox 2531 3223 2604 3260; x_wconf 87' lang='lat' dir='ltr'><strong>ne</strong></span> <span class='ocrx_word' id='word_1_588' title='bbox 2629 3203 2815 3259; x_wconf 80' lang='lat' dir='ltr'><strong>fibulis</strong></span> <span class='ocrx_word' id='word_1_589' title='bbox 2834 3207 3093 3260; x_wconf 83' lang='lat' dir='ltr'><strong>mulieres</strong></span> <span class='ocrx_word' id='word_1_590' title='bbox 3119 3207 3358 3278; x_wconf 85' lang='lat' dir='ltr'><strong>amplius</strong></span> 
     </span>
     <span class='ocr_line' id='line_1_80' title="bbox 1812 3293 3361 3361; baseline -0.001 -13"><span class='ocrx_word' id='word_1_591' title='bbox 1812 3302 2125 3361; x_wconf 86' lang='lat' dir='ltr'><strong>uterentur,</strong></span> <span class='ocrx_word' id='word_1_592' title='bbox 2156 3294 2428 3348; x_wconf 90' lang='lat' dir='ltr'><strong>Doricum</strong></span> <span class='ocrx_word' id='word_1_593' title='bbox 2468 3309 2662 3346; x_wconf 87' lang='lat' dir='ltr'><strong>earum</strong></span> <span class='ocrx_word' id='word_1_594' title='bbox 2702 3293 2964 3346; x_wconf 79' lang='lat' dir='ltr'><strong>vestitum</strong></span> <span class='ocrx_word' id='word_1_595' title='bbox 3005 3293 3062 3345; x_wconf 92' lang='lat' dir='ltr'><strong>in</strong></span> <span class='ocrx_word' id='word_1_596' title='bbox 3104 3293 3361 3353; x_wconf 84' lang='lat' dir='ltr'><strong>lonicum</strong></span> 
     </span>
     <span class='ocr_line' id='line_1_81' title="bbox 1809 3364 3364 3451; baseline 0 -18"><span class='ocrx_word' id='word_1_597' title='bbox 1809 3391 2046 3434; x_wconf 82' lang='lat' dir='ltr'><strong>mutasse</strong></span> <span class='ocrx_word' id='word_1_598' title='bbox 2071 3379 2355 3434; x_wconf 88' lang='lat' dir='ltr'><strong>dicuntur.</strong></span> <span class='ocrx_word' id='word_1_599' title='bbox 2383 3377 2518 3450; x_wconf 86' lang='lat' dir='ltr'><strong>Quae</strong></span> <span class='ocrx_word' id='word_1_600' title='bbox 2553 3377 2705 3451; x_wconf 89' lang='lat' dir='ltr'><strong>apud</strong></span> <span class='ocrx_word' id='word_1_601' title='bbox 2736 3378 3066 3435; x_wconf 82' lang='lat' dir='ltr'><strong>scholiasten</strong></span> <span class='ocrx_word' id='word_1_602' title='bbox 3104 3364 3255 3433; x_wconf 66' lang='lat' dir='ltr'><strong>minc</strong></span> <span class='ocrx_word' id='word_1_603' title='bbox 3282 3380 3364 3433; x_wconf 86' lang='lat' dir='ltr'><strong>le·</strong></span> 
     </span>
     <span class='ocr_line' id='line_1_82' title="bbox 1808 3465 3240 3537; baseline 0.001 -18"><span class='ocrx_word' id='word_1_604' title='bbox 1808 3477 2046 3537; x_wconf 82' lang='lat' dir='ltr'><strong>guntur,</strong></span> <span class='ocrx_word' id='word_1_605' title='bbox 2069 3476 2259 3537; x_wconf 86' lang='lat' dir='ltr'><strong>aperte</strong></span> <span class='ocrx_word' id='word_1_606' title='bbox 2285 3474 2413 3519; x_wconf 86' lang='lat' dir='ltr'><strong>sunt</strong></span> <span class='ocrx_word' id='word_1_607' title='bbox 2429 3465 2574 3519; x_wconf 89' lang='lat' dir='ltr'><strong>male</strong></span> <span class='ocrx_word' id='word_1_608' title='bbox 2598 3475 2857 3536; x_wconf 79' lang='lat' dir='ltr'><strong>excerpta</strong></span> <span class='ocrx_word' id='word_1_609' title='bbox 2885 3475 2940 3519; x_wconf 82' lang='lat' dir='ltr'><strong>et</strong></span> <span class='ocrx_word' id='word_1_610' title='bbox 2970 3476 3240 3522; x_wconf 84' lang='lat' dir='ltr'><strong>truncata.</strong></span> 
     </span>
    </p>
   </div>
   <div class='ocr_carea' id='block_1_25' title="bbox 1808 3556 3362 3903">
    <p class='ocr_par' dir='ltr' id='par_1_31' title="bbox 1808 3556 3362 3903">
     <span class='ocr_line' id='line_1_83' title="bbox 2531 3556 2599 3612; baseline 0 0"><span class='ocrx_word' id='word_1_611' title='bbox 2531 3556 2563 3612; x_wconf 86' lang='lat'>5</span> <span class='ocrx_word' id='word_1_612' title='bbox 2578 3576 2599 3612; x_wconf 85' lang='lat'>1</span> 
     </span>
     <span class='ocr_line' id='line_1_84' title="bbox 1886 3588 3362 3731; baseline 0 -23"><span class='ocrx_word' id='word_1_613' title='bbox 1886 3654 2166 3727; x_wconf 57' lang='lat' dir='ltr'><strong>Diogenes</strong></span> <span class='ocrx_word' id='word_1_614' title='bbox 2179 3655 2242 3708; x_wconf 92' lang='lat' dir='ltr'><strong>L.</strong></span> <span class='ocrx_word' id='word_1_615' title='bbox 2267 3649 2315 3718; x_wconf 85' lang='lat' dir='ltr'><strong>I,</strong></span> <span class='ocrx_word' id='word_1_616' title='bbox 2352 3671 2373 3706; x_wconf 82' lang='grc' dir='ltr'><strong>ι</strong></span> <span class='ocrx_word' id='word_1_617' title='bbox 2391 3670 2459 3725; x_wconf 85' lang='lat'><strong>¹9</strong></span> <span class='ocrx_word' id='word_1_618' title='bbox 2481 3588 2663 3719; x_wconf 58' lang='grc' dir='ltr'>εΦησὶ</span> <span class='ocrx_word' id='word_1_619' title='bbox 2688 3647 2741 3706; x_wconf 78' lang='grc' dir='ltr'><strong>δὲ</strong></span> <span class='ocrx_word' id='word_1_620' title='bbox 2762 3654 2948 3728; x_wconf 76' lang='grc' dir='ltr'>Δοῦρις</span> <span class='ocrx_word' id='word_1_621' title='bbox 2967 3627 3024 3707; x_wconf 67' lang='grc' dir='ltr'>ἰν</span> <span class='ocrx_word' id='word_1_622' title='bbox 3042 3653 3116 3730; x_wconf 80' lang='grc' dir='ltr'><strong>τῷ</strong></span> <span class='ocrx_word' id='word_1_623' title='bbox 3140 3649 3362 3731; x_wconf 69' lang='grc' dir='ltr'>δευτέρῳ</span> 
     </span>
     <span class='ocr_line' id='line_1_85' title="bbox 1809 3734 3362 3816; baseline 0.001 -22"><span class='ocrx_word' id='word_1_624' title='bbox 1809 3734 1910 3795; x_wconf 76' lang='grc' dir='ltr'><strong>τῶν</strong></span> <span class='ocrx_word' id='word_1_625' title='bbox 1934 3737 2116 3816; x_wconf 83' lang='grc' dir='ltr'>Ὤρων</span> <span class='ocrx_word' id='word_1_626' title='bbox 2150 3735 2524 3816; x_wconf 69' lang='grc' dir='ltr'>ἐπιγεγράφθαι</span> <span class='ocrx_word' id='word_1_627' title='bbox 2571 3738 2711 3815; x_wconf 77' lang='grc' dir='ltr'>αὐτῷ</span> <span class='ocrx_word' id='word_1_628' title='bbox 2749 3736 3092 3815; x_wconf 72' lang='grc' dir='ltr'>(Φερεκύδει)</span> <span class='ocrx_word' id='word_1_629' title='bbox 3132 3738 3194 3796; x_wconf 83' lang='grc' dir='ltr'><strong>τὸ</strong></span> <span class='ocrx_word' id='word_1_630' title='bbox 3239 3740 3362 3796; x_wconf 77' lang='grc' dir='ltr'>ἐπί-</span> 
     </span>
     <span class='ocr_line' id='line_1_86' title="bbox 1808 3823 2198 3903; baseline -0.005 -2"><span class='ocrx_word' id='word_1_631' title='bbox 1808 3847 2030 3903; x_wconf 69' lang='grc' dir='ltr'>γραμμα</span> <span class='ocrx_word' id='word_1_632' title='bbox 2049 3823 2198 3882; x_wconf 51' lang='lat'><strong>⁴466«-</strong></span> 
     </span>
    </p>
   </div>
   <div class='ocr_carea' id='block_1_26' title="bbox 1931 3937 3164 4001">
    <p class='ocr_par' dir='ltr' id='par_1_32' title="bbox 1931 3937 3164 4001">
     <span class='ocr_line' id='line_1_87' title="bbox 1931 3937 3164 4001; baseline -0.001 -14"><span class='ocrx_word' id='word_1_633' title='bbox 1931 3941 2027 3997; x_wconf 83' lang='grc' dir='ltr'>Τῆς</span> <span class='ocrx_word' id='word_1_634' title='bbox 2046 3937 2207 4001; x_wconf 77' lang='grc' dir='ltr'>σοφίης</span> <span class='ocrx_word' id='word_1_635' title='bbox 2225 3937 2378 3995; x_wconf 85' lang='grc' dir='ltr'>πάσης</span> <span class='ocrx_word' id='word_1_636' title='bbox 2401 3938 2448 3986; x_wconf 72' lang='grc' dir='ltr'>ἐν</span> <span class='ocrx_word' id='word_1_637' title='bbox 2466 3937 2568 4000; x_wconf 74' lang='grc' dir='ltr'>ἐμοὶ</span> <span class='ocrx_word' id='word_1_638' title='bbox 2596 3940 2723 3994; x_wconf 82' lang='grc' dir='ltr'>τέλος</span> <span class='ocrx_word' id='word_1_639' title='bbox 2736 3951 2749 3964; x_wconf 89' lang='grc'><em>·</em></span> <span class='ocrx_word' id='word_1_640' title='bbox 2779 3939 2809 3997; x_wconf 84' lang='grc' dir='ltr'>ἣ</span> <span class='ocrx_word' id='word_1_641' title='bbox 2833 3939 2883 3987; x_wconf 80' lang='grc' dir='ltr'>δι’</span> <span class='ocrx_word' id='word_1_642' title='bbox 2901 3955 2945 3986; x_wconf 88' lang='grc' dir='ltr'><strong>τι</strong></span> <span class='ocrx_word' id='word_1_643' title='bbox 2965 3938 3137 4001; x_wconf 85' lang='grc' dir='ltr'>πάσχω</span> <span class='ocrx_word' id='word_1_644' title='bbox 3150 3974 3164 3996; x_wconf 87' lang='grc'>,</span> 
     </span>
    </p>
   </div>
   <div class='ocr_carea' id='block_1_27' title="bbox 1930 4016 3223 4155">
    <p class='ocr_par' dir='ltr' id='par_1_33' title="bbox 1930 4016 3223 4155">
     <span class='ocr_line' id='line_1_88' title="bbox 1938 4016 3223 4085; baseline -0.003 -19"><span class='ocrx_word' id='word_1_645' title='bbox 1938 4018 2183 4080; x_wconf 78' lang='grc' dir='ltr'>Πυθαγόρη</span> <span class='ocrx_word' id='word_1_646' title='bbox 2205 4021 2273 4078; x_wconf 81' lang='grc' dir='ltr'><strong>τῷ</strong></span> <span class='ocrx_word' id='word_1_647' title='bbox 2301 4018 2393 4079; x_wconf 60' lang='lat' dir='ltr'><strong>&#39;usp</strong></span> <span class='ocrx_word' id='word_1_648' title='bbox 2414 4018 2518 4085; x_wconf 62' lang='grc' dir='ltr'>λέγε</span> <span class='ocrx_word' id='word_1_649' title='bbox 2539 4018 2689 4077; x_wconf 80' lang='grc' dir='ltr'>ταῦθ’,</span> <span class='ocrx_word' id='word_1_650' title='bbox 2712 4016 2781 4065; x_wconf 79' lang='grc' dir='ltr'><strong>ὅτι</strong></span> <span class='ocrx_word' id='word_1_651' title='bbox 2805 4021 2986 4077; x_wconf 84' lang='grc' dir='ltr'>πρῶτος</span> <span class='ocrx_word' id='word_1_652' title='bbox 3009 4017 3223 4064; x_wconf 76' lang='grc' dir='ltr'>ἁπάντων</span> 
     </span>
     <span class='ocr_line' id='line_1_89' title="bbox 1930 4092 3208 4155; baseline -0.001 -13"><span class='ocrx_word' id='word_1_653' title='bbox 1930 4094 2054 4143; x_wconf 71' lang='grc' dir='ltr'>ἐστὶν</span> <span class='ocrx_word' id='word_1_654' title='bbox 2077 4093 2146 4142; x_wconf 74' lang='grc' dir='ltr'>ἀν’</span> <span class='ocrx_word' id='word_1_655' title='bbox 2167 4093 2370 4142; x_wconf 77' lang='grc' dir='ltr'>Ἑλλάδα</span> <span class='ocrx_word' id='word_1_656' title='bbox 2392 4098 2494 4154; x_wconf 80' lang='grc' dir='ltr'>γῆν.</span> <span class='ocrx_word' id='word_1_657' title='bbox 2516 4093 2586 4142; x_wconf 76' lang='grc' dir='ltr'><strong>Οὐ</strong></span> <span class='ocrx_word' id='word_1_658' title='bbox 2602 4094 2833 4155; x_wconf 71' lang='grc' dir='ltr'>ψεύδομαι</span> <span class='ocrx_word' id='word_1_659' title='bbox 2853 4092 2937 4141; x_wconf 82' lang='grc' dir='ltr'><strong>ὧδ’</strong></span> <span class='ocrx_word' id='word_1_660' title='bbox 2961 4092 3208 4154; x_wconf 81' lang='grc' dir='ltr'>ἀγορεύων.</span> 
     </span>
    </p>
   </div>
   <div class='ocr_carea' id='block_1_28' title="bbox 1807 4239 3362 4840">
    <p class='ocr_par' dir='ltr' id='par_1_34' title="bbox 1807 4239 3362 4840">
     <span class='ocr_line' id='line_1_90' title="bbox 1807 4239 3359 4301; baseline -0.001 -10"><span class='ocrx_word' id='word_1_661' title='bbox 1807 4244 2139 4293; x_wconf 77' lang='lat' dir='ltr'><strong>cumsistentes</strong></span> <span class='ocrx_word' id='word_1_662' title='bbox 2173 4241 2394 4292; x_wconf 85' lang='lat' dir='ltr'><strong>mulieres</strong></span> <span class='ocrx_word' id='word_1_663' title='bbox 2414 4252 2674 4299; x_wconf 63' lang='lat' dir='ltr'><strong>monim,</strong></span> <span class='ocrx_word' id='word_1_664' title='bbox 2719 4240 2923 4301; x_wconf 76' lang='lat' dir='ltr'><strong>arreptis</strong></span> <span class='ocrx_word' id='word_1_665' title='bbox 2942 4252 3004 4289; x_wconf 79' lang='lat' dir='ltr'><strong>ex</strong></span> <span class='ocrx_word' id='word_1_666' title='bbox 3035 4239 3249 4289; x_wconf 84' lang='lat' dir='ltr'><strong>humeris</strong></span> <span class='ocrx_word' id='word_1_667' title='bbox 3277 4253 3359 4290; x_wconf 79' lang='lat' dir='ltr'><strong>ve-</strong></span> 
     </span>
     <span class='ocr_line' id='line_1_91' title="bbox 1807 4315 3362 4373; baseline -0.002 -4"><span class='ocrx_word' id='word_1_668' title='bbox 1807 4320 1955 4369; x_wconf 83' lang='lat' dir='ltr'><strong>stium</strong></span> <span class='ocrx_word' id='word_1_669' title='bbox 1996 4316 2155 4370; x_wconf 79' lang='lat' dir='ltr'><strong>fibulis</strong></span> <span class='ocrx_word' id='word_1_670' title='bbox 2198 4319 2508 4370; x_wconf 71' lang='lat' dir='ltr'><strong>excnearunt</strong></span> <span class='ocrx_word' id='word_1_671' title='bbox 2537 4328 2595 4365; x_wconf 81' lang='lat' dir='ltr'><strong>sc</strong></span> <span class='ocrx_word' id='word_1_672' title='bbox 2624 4315 2795 4366; x_wconf 85' lang='lat' dir='ltr'><strong>deinde</strong></span> <span class='ocrx_word' id='word_1_673' title='bbox 2829 4316 3168 4366; x_wconf 77' lang='lat' dir='ltr'><strong>interfecerunt</strong></span> <span class='ocrx_word' id='word_1_674' title='bbox 3221 4318 3362 4373; x_wconf 78' lang='lat' dir='ltr'><strong>Quod</strong></span> 
     </span>
     <span class='ocr_line' id='line_1_92' title="bbox 1807 4394 3359 4459; baseline -0.001 -13"><span class='ocrx_word' id='word_1_675' title='bbox 1807 4410 1959 4459; x_wconf 83' lang='lat' dir='ltr'><strong>quum</strong></span> <span class='ocrx_word' id='word_1_676' title='bbox 1975 4396 2204 4459; x_wconf 78' lang='lat' dir='ltr'><strong>flagitiose</strong></span> <span class='ocrx_word' id='word_1_677' title='bbox 2221 4398 2400 4446; x_wconf 67' lang='lat' dir='ltr'><strong>netum</strong></span> <span class='ocrx_word' id='word_1_678' title='bbox 2423 4406 2526 4443; x_wconf 88' lang='lat' dir='ltr'><strong>esse</strong></span> <span class='ocrx_word' id='word_1_679' title='bbox 2545 4394 2851 4443; x_wconf 73' lang='lat' dir='ltr'><strong>Athenienses</strong></span> <span class='ocrx_word' id='word_1_680' title='bbox 2871 4395 3116 4445; x_wconf 78' lang='lat' dir='ltr'><strong>censerent</strong></span> <span class='ocrx_word' id='word_1_681' title='bbox 3130 4427 3144 4452; x_wconf 89' lang='lat'>,</span> <span class='ocrx_word' id='word_1_682' title='bbox 3167 4394 3359 4444; x_wconf 81' lang='lat' dir='ltr'><strong>ademe-</strong></span> 
     </span>
     <span class='ocr_line' id='line_1_93' title="bbox 1807 4469 3359 4533; baseline -0.003 -10"><span class='ocrx_word' id='word_1_683' title='bbox 1807 4476 1923 4524; x_wconf 87' lang='lat' dir='ltr'><strong>runt</strong></span> <span class='ocrx_word' id='word_1_684' title='bbox 1940 4473 2221 4523; x_wconf 86' lang='lat' dir='ltr'><strong>mulieribus</strong></span> <span class='ocrx_word' id='word_1_685' title='bbox 2256 4471 2452 4532; x_wconf 73' lang='lat' dir='ltr'><strong>fibulas,</strong></span> <span class='ocrx_word' id='word_1_686' title='bbox 2476 4469 2867 4533; x_wconf 84' lang='lat' dir='ltr'><strong>quandoquidem</strong></span> <span class='ocrx_word' id='word_1_687' title='bbox 2892 4482 2988 4519; x_wconf 88' lang='lat' dir='ltr'><strong>non</strong></span> <span class='ocrx_word' id='word_1_688' title='bbox 3009 4470 3070 4518; x_wconf 83' lang='lat' dir='ltr'><strong>ad</strong></span> <span class='ocrx_word' id='word_1_689' title='bbox 3093 4470 3359 4519; x_wconf 82' lang='lat' dir='ltr'><strong>custodiam</strong></span> 
     </span>
     <span class='ocr_line' id='line_1_94' title="bbox 1808 4546 3357 4611; baseline -0.004 -11"><span class='ocrx_word' id='word_1_690' title='bbox 1808 4550 2072 4600; x_wconf 81' lang='lat' dir='ltr'><strong>indumenti</strong></span> <span class='ocrx_word' id='word_1_691' title='bbox 2088 4549 2146 4601; x_wconf 86' lang='lat' dir='ltr'><strong>iis</strong></span> <span class='ocrx_word' id='word_1_692' title='bbox 2160 4586 2176 4611; x_wconf 86' lang='lat'>,</span> <span class='ocrx_word' id='word_1_693' title='bbox 2194 4548 2279 4599; x_wconf 87' lang='lat' dir='ltr'><strong>sed</strong></span> <span class='ocrx_word' id='word_1_694' title='bbox 2295 4560 2539 4598; x_wconf 77' lang='lat' dir='ltr'><strong>armorum</strong></span> <span class='ocrx_word' id='word_1_695' title='bbox 2553 4548 2660 4596; x_wconf 81' lang='lat' dir='ltr'><strong>ioco</strong></span> <span class='ocrx_word' id='word_1_696' title='bbox 2678 4548 2943 4596; x_wconf 86' lang='lat' dir='ltr'><strong>uterentur.</strong></span> <span class='ocrx_word' id='word_1_697' title='bbox 2969 4551 3037 4596; x_wconf 87' lang='lat' dir='ltr'><strong>Ac</strong></span> <span class='ocrx_word' id='word_1_698' title='bbox 3053 4546 3144 4596; x_wconf 79' lang='lat' dir='ltr'><strong>viri</strong></span> <span class='ocrx_word' id='word_1_699' title='bbox 3169 4558 3357 4595; x_wconf 82' lang='lat' dir='ltr'><strong>comam</strong></span> 
     </span>
     <span class='ocr_line' id='line_1_95' title="bbox 1807 4621 3361 4687; baseline -0.005 -10"><span class='ocrx_word' id='word_1_700' title='bbox 1807 4626 2016 4687; x_wconf 80' lang='lat' dir='ltr'><strong>alebant,</strong></span> <span class='ocrx_word' id='word_1_701' title='bbox 2035 4625 2259 4676; x_wconf 85' lang='lat' dir='ltr'><strong>mulieres</strong></span> <span class='ocrx_word' id='word_1_702' title='bbox 2269 4636 2385 4674; x_wconf 76' lang='lat' dir='ltr'><strong>vero</strong></span> <span class='ocrx_word' id='word_1_703' title='bbox 2401 4622 2737 4679; x_wconf 69' lang='lat' dir='ltr'><strong>tondebantun</strong></span> <span class='ocrx_word' id='word_1_704' title='bbox 2752 4635 2895 4685; x_wconf 86' lang='lat' dir='ltr'><strong>porro</strong></span> <span class='ocrx_word' id='word_1_705' title='bbox 2912 4621 3024 4672; x_wconf 78' lang='lat' dir='ltr'><strong>viris</strong></span> <span class='ocrx_word' id='word_1_706' title='bbox 3037 4622 3209 4671; x_wconf 82' lang='lat' dir='ltr'><strong>talares</strong></span> <span class='ocrx_word' id='word_1_707' title='bbox 3225 4627 3361 4673; x_wconf 68' lang='lat' dir='ltr'><strong>aaut</strong></span> 
     </span>
     <span class='ocr_line' id='line_1_96' title="bbox 1811 4700 3360 4765; baseline -0.004 -12"><span class='ocrx_word' id='word_1_708' title='bbox 1811 4705 2014 4765; x_wconf 74' lang='lat' dir='ltr'><strong>tunicae,</strong></span> <span class='ocrx_word' id='word_1_709' title='bbox 2041 4704 2266 4754; x_wconf 81' lang='lat' dir='ltr'><strong>mulieres</strong></span> <span class='ocrx_word' id='word_1_710' title='bbox 2286 4714 2401 4752; x_wconf 79' lang='lat' dir='ltr'><strong>vero</strong></span> <span class='ocrx_word' id='word_1_711' title='bbox 2419 4701 2470 4751; x_wconf 86' lang='lat' dir='ltr'><strong>in</strong></span> <span class='ocrx_word' id='word_1_712' title='bbox 2491 4700 2650 4752; x_wconf 88' lang='lat' dir='ltr'><strong>Doriis</strong></span> <span class='ocrx_word' id='word_1_713' title='bbox 2683 4700 2819 4749; x_wconf 83' lang='lat' dir='ltr'><strong>stolis</strong></span> <span class='ocrx_word' id='word_1_714' title='bbox 2847 4700 3165 4750; x_wconf 79' lang='lat' dir='ltr'><strong>exsultabant.</strong></span> <span class='ocrx_word' id='word_1_715' title='bbox 3199 4702 3360 4756; x_wconf 77' lang='lat' dir='ltr'><strong>Quare</strong></span> 
     </span>
     <span class='ocr_line' id='line_1_97' title="bbox 1809 4775 3062 4840; baseline -0.004 -11"><span class='ocrx_word' id='word_1_716' title='bbox 1809 4780 1966 4830; x_wconf 81' lang='lat' dir='ltr'><strong>nudas</strong></span> <span class='ocrx_word' id='word_1_717' title='bbox 1987 4783 2039 4830; x_wconf 86' lang='lat' dir='ltr'><strong>et</strong></span> <span class='ocrx_word' id='word_1_718' title='bbox 2055 4781 2216 4830; x_wconf 86' lang='lat' dir='ltr'><strong>tunica</strong></span> <span class='ocrx_word' id='word_1_719' title='bbox 2240 4791 2337 4828; x_wconf 89' lang='lat' dir='ltr'><strong>non</strong></span> <span class='ocrx_word' id='word_1_720' title='bbox 2357 4777 2547 4827; x_wconf 84' lang='lat' dir='ltr'><strong>indutas</strong></span> <span class='ocrx_word' id='word_1_721' title='bbox 2564 4777 2799 4840; x_wconf 78' lang='grc' dir='ltr'>δωριάζειν</span> <span class='ocrx_word' id='word_1_722' title='bbox 2823 4775 3062 4824; x_wconf 85' lang='lat' dir='ltr'><strong>dicebant.</strong></span> 
     </span>
    </p>
   </div>
   <div class='ocr_carea' id='block_1_29' title="bbox 1872 4869 3358 5012">
    <p class='ocr_par' dir='ltr' id='par_1_35' title="bbox 1872 4869 3358 5012">
     <span class='ocr_line' id='line_1_98' title="bbox 1872 4869 3358 5012; baseline -0.006 -9"><span class='ocrx_word' id='word_1_723' title='bbox 1872 4952 2033 5003; x_wconf 73' lang='lat' dir='ltr'><strong>Refert</strong></span> <span class='ocrx_word' id='word_1_724' title='bbox 2069 4952 2213 5002; x_wconf 84' lang='lat' dir='ltr'><strong>Duris</strong></span> <span class='ocrx_word' id='word_1_725' title='bbox 2250 4952 2297 5000; x_wconf 89' lang='lat' dir='ltr'><strong>in</strong></span> <span class='ocrx_word' id='word_1_726' title='bbox 2320 4869 2812 5001; x_wconf 53' lang='lat' dir='ltr'><strong>secundosAlnnalium</strong></span> <span class='ocrx_word' id='word_1_727' title='bbox 2853 4949 3130 5012; x_wconf 77' lang='lat' dir='ltr'><strong>inscriptum</strong></span> <span class='ocrx_word' id='word_1_728' title='bbox 3168 4949 3358 4995; x_wconf 70' lang='lat' dir='ltr'><strong>tunninio</strong></span> 
     </span>
    </p>
   </div>
   <div class='ocr_carea' id='block_1_30' title="bbox 240 5000 2560 5102">
    <p class='ocr_par' dir='ltr' id='par_1_36' title="bbox 240 5000 2560 5102">
     <span class='ocr_line' id='line_1_99' title="bbox 240 5000 2560 5102; baseline -0.003 -8"><span class='ocrx_word' id='word_1_729' title='bbox 240 5043 379 5094; x_wconf 80' lang='lat' dir='ltr'><strong>Duris</strong></span> <span class='ocrx_word' id='word_1_730' title='bbox 396 5042 645 5093; x_wconf 73' lang='lat' dir='ltr'><strong>Annalium</strong></span> <span class='ocrx_word' id='word_1_731' title='bbox 658 5041 785 5092; x_wconf 87' lang='lat' dir='ltr'><strong>libro</strong></span> <span class='ocrx_word' id='word_1_732' title='bbox 806 5000 1019 5094; x_wconf 80' lang='lat' dir='ltr'><strong>secundo</strong></span> <span class='ocrx_word' id='word_1_733' title='bbox 1040 5043 1323 5092; x_wconf 67' lang='lat' dir='ltr'><strong>narrstbaec</strong></span> <span class='ocrx_word' id='word_1_734' title='bbox 1348 5062 1361 5092; x_wconf 72' lang='grc' dir='ltr'>ι</span> <span class='ocrx_word' id='word_1_735' title='bbox 1389 5042 1722 5102; x_wconf 78' lang='lat' dir='ltr'><strong>Athenienses,</strong></span> <span class='ocrx_word' id='word_1_736' title='bbox 1814 5029 2096 5092; x_wconf 64' lang='grc' dir='ltr'><strong>Ρὴθῐθθῐᾶῐὸ</strong></span> <span class='ocrx_word' id='word_1_737' title='bbox 2120 5029 2214 5078; x_wconf 77' lang='lat'>¹¹00</span> <span class='ocrx_word' id='word_1_738' title='bbox 2234 5029 2523 5091; x_wconf 61' lang='lat' dir='ltr'><strong>‘Pigfflfflm</strong></span> <span class='ocrx_word' id='word_1_739' title='bbox 2548 5047 2560 5075; x_wconf 76' lang='lat'>²</span> 
     </span>
    </p>
   </div>
   <div class='ocr_carea' id='block_1_31' title="bbox 176 5111 1774 5327">
    <p class='ocr_par' dir='ltr' id='par_1_37' title="bbox 176 5111 1774 5327">
     <span class='ocr_line' id='line_1_100' title="bbox 176 5111 1773 5176; baseline -0.004 -10"><span class='ocrx_word' id='word_1_740' title='bbox 176 5117 246 5166; x_wconf 81' lang='lat' dir='ltr'><strong>ait</strong></span> <span class='ocrx_word' id='word_1_741' title='bbox 262 5151 276 5175; x_wconf 87' lang='lat'><strong>,</strong></span> <span class='ocrx_word' id='word_1_742' title='bbox 313 5112 373 5163; x_wconf 83' lang='lat' dir='ltr'><strong>sb</strong></span> <span class='ocrx_word' id='word_1_743' title='bbox 395 5114 717 5176; x_wconf 72' lang='lat' dir='ltr'><strong>AEginetarum</strong></span> <span class='ocrx_word' id='word_1_744' title='bbox 736 5112 902 5174; x_wconf 83' lang='lat' dir='ltr'><strong>piratis</strong></span> <span class='ocrx_word' id='word_1_745' title='bbox 918 5113 1077 5162; x_wconf 78' lang='lat' dir='ltr'><strong>vexati</strong></span> <span class='ocrx_word' id='word_1_746' title='bbox 1101 5112 1277 5161; x_wconf 85' lang='lat' dir='ltr'><strong>milites</strong></span> <span class='ocrx_word' id='word_1_747' title='bbox 1301 5114 1468 5161; x_wconf 83' lang='lat' dir='ltr'><strong>contra</strong></span> <span class='ocrx_word' id='word_1_748' title='bbox 1484 5125 1566 5161; x_wconf 88' lang='lat' dir='ltr'><strong>eos</strong></span> <span class='ocrx_word' id='word_1_749' title='bbox 1581 5111 1723 5161; x_wconf 83' lang='lat' dir='ltr'><strong>emit·</strong></span> <span class='ocrx_word' id='word_1_750' title='bbox 1766 5136 1773 5152; x_wconf 90' lang='lat'><strong>·</strong></span> 
     </span>
     <span class='ocr_line' id='line_1_101' title="bbox 179 5160 1773 5251; baseline -0.003 -9"><span class='ocrx_word' id='word_1_751' title='bbox 179 5193 317 5250; x_wconf 87' lang='lat' dir='ltr'><strong>tunt,</strong></span> <span class='ocrx_word' id='word_1_752' title='bbox 334 5202 455 5251; x_wconf 82' lang='lat' dir='ltr'><strong>quos</strong></span> <span class='ocrx_word' id='word_1_753' title='bbox 470 5188 699 5251; x_wconf 78' lang='lat' dir='ltr'><strong>AEginetae</strong></span> <span class='ocrx_word' id='word_1_754' title='bbox 717 5201 984 5251; x_wconf 87' lang='lat' dir='ltr'><strong>eorumque</strong></span> <span class='ocrx_word' id='word_1_755' title='bbox 999 5188 1115 5238; x_wconf 78' lang='lat' dir='ltr'><strong>socii</strong></span> <span class='ocrx_word' id='word_1_756' title='bbox 1150 5187 1500 5238; x_wconf 73' lang='lat' dir='ltr'><strong>Lacedoemonii</strong></span> <span class='ocrx_word' id='word_1_757' title='bbox 1528 5190 1728 5237; x_wconf 85' lang='lat' dir='ltr'><strong>cunctos</strong></span> <span class='ocrx_word' id='word_1_758' title='bbox 1766 5160 1773 5229; x_wconf 67' lang='lat'>!</span> 
     </span>
     <span class='ocr_line' id='line_1_102' title="bbox 182 5263 1774 5327; baseline -0.004 -10"><span class='ocrx_word' id='word_1_759' title='bbox 182 5267 470 5318; x_wconf 81' lang='lat' dir='ltr'><strong>occiderunt.</strong></span> <span class='ocrx_word' id='word_1_760' title='bbox 493 5268 626 5315; x_wconf 78' lang='lat' dir='ltr'><strong>Unus</strong></span> <span class='ocrx_word' id='word_1_761' title='bbox 655 5268 818 5315; x_wconf 85' lang='lat' dir='ltr'><strong>tamen</strong></span> <span class='ocrx_word' id='word_1_762' title='bbox 851 5265 1028 5325; x_wconf 79' lang='lat' dir='ltr'><strong>evasit,</strong></span> <span class='ocrx_word' id='word_1_763' title='bbox 1047 5278 1192 5327; x_wconf 87' lang='lat' dir='ltr'><strong>quem</strong></span> <span class='ocrx_word' id='word_1_764' title='bbox 1219 5265 1440 5314; x_wconf 88' lang='lat' dir='ltr'><strong>nuntium</strong></span> <span class='ocrx_word' id='word_1_765' title='bbox 1464 5263 1612 5313; x_wconf 78' lang='lat' dir='ltr'><strong>cladis</strong></span> <span class='ocrx_word' id='word_1_766' title='bbox 1628 5266 1725 5313; x_wconf 83' lang='lat' dir='ltr'><strong>cir·</strong></span> <span class='ocrx_word' id='word_1_767' title='bbox 1764 5292 1774 5308; x_wconf 86' lang='lat'><strong>.</strong></span> 
     </span>
    </p>
   </div>
   <div class='ocr_carea' id='block_1_32' title="bbox 352 5360 1224 5401">
    <p class='ocr_par' dir='ltr' id='par_1_38' title="bbox 352 5360 1224 5401">
     <span class='ocr_line' id='line_1_103' title="bbox 352 5360 1224 5401; baseline 0.006 -4"><span class='ocrx_word' id='word_1_768' title='bbox 352 5360 633 5398; x_wconf 64' lang='lat' dir='ltr'><strong>ructans</strong></span> <span class='ocrx_word' id='word_1_769' title='bbox 663 5360 848 5397; x_wconf 68' lang='grc' dir='ltr'><strong>ΙΙΙΒΤΟΒ-</strong></span> <span class='ocrx_word' id='word_1_770' title='bbox 883 5361 1016 5396; x_wconf 60' lang='grc' dir='ltr'>(ἔῆι-</span> <span class='ocrx_word' id='word_1_771' title='bbox 1036 5366 1139 5401; x_wconf 65' lang='grc' dir='ltr'><strong>ἴθι.</strong></span> <span class='ocrx_word' id='word_1_772' title='bbox 1172 5369 1224 5401; x_wconf 85' lang='grc' dir='ltr'><strong>ΙΙ.</strong></span> 
     </span>
    </p>
   </div>
   <div class='ocr_carea' id='block_1_33' title="bbox 1915 5134 3043 5327">
    <p class='ocr_par' dir='ltr' id='par_1_39' title="bbox 1915 5134 3043 5327">
     <span class='ocr_line' id='line_1_104' title="bbox 1915 5134 3043 5191; baseline -0.004 -10"><span class='ocrx_word' id='word_1_773' title='bbox 1915 5141 2025 5183; x_wconf 84' lang='lat' dir='ltr'><strong>‘rota</strong></span> <span class='ocrx_word' id='word_1_774' title='bbox 2041 5149 2166 5182; x_wconf 83' lang='lat' dir='ltr'><strong>suam</strong></span> <span class='ocrx_word' id='word_1_775' title='bbox 2185 5140 2314 5182; x_wconf 80' lang='lat' dir='ltr'><strong>nacta</strong></span> <span class='ocrx_word' id='word_1_776' title='bbox 2330 5139 2401 5180; x_wconf 86' lang='lat' dir='ltr'><strong>est</strong></span> <span class='ocrx_word' id='word_1_777' title='bbox 2426 5137 2473 5180; x_wconf 88' lang='lat' dir='ltr'><strong>in</strong></span> <span class='ocrx_word' id='word_1_778' title='bbox 2493 5147 2566 5180; x_wconf 90' lang='lat' dir='ltr'><strong>me</strong></span> <span class='ocrx_word' id='word_1_779' title='bbox 2581 5134 2794 5191; x_wconf 81' lang='lat' dir='ltr'><strong>sapientia</strong></span> <span class='ocrx_word' id='word_1_780' title='bbox 2811 5145 3043 5178; x_wconf 81' lang='lat' dir='ltr'><strong>summam.</strong></span> 
     </span>
     <span class='ocr_line' id='line_1_105' title="bbox 1918 5203 3014 5261; baseline -0.003 -14"><span class='ocrx_word' id='word_1_781' title='bbox 1918 5206 2103 5249; x_wconf 72' lang='lat' dir='ltr'><strong>Eveniat</strong></span> <span class='ocrx_word' id='word_1_782' title='bbox 2117 5205 2152 5248; x_wconf 83' lang='lat' dir='ltr'><strong>si</strong></span> <span class='ocrx_word' id='word_1_783' title='bbox 2166 5204 2272 5261; x_wconf 80' lang='lat' dir='ltr'><strong>quid</strong></span> <span class='ocrx_word' id='word_1_784' title='bbox 2292 5205 2398 5248; x_wconf 83' lang='lat' dir='ltr'><strong>mihi</strong></span> <span class='ocrx_word' id='word_1_785' title='bbox 2412 5237 2424 5254; x_wconf 90' lang='lat'><strong>.</strong></span> <span class='ocrx_word' id='word_1_786' title='bbox 2449 5203 2711 5257; x_wconf 64' lang='lat' dir='ltr'><strong>Pythagoras</strong></span> <span class='ocrx_word' id='word_1_787' title='bbox 2733 5206 2979 5245; x_wconf 81' lang='lat' dir='ltr'><strong>memorate</strong></span> <span class='ocrx_word' id='word_1_788' title='bbox 3002 5217 3014 5243; x_wconf 74' lang='grc' dir='ltr'>ε</span> 
     </span>
     <span class='ocr_line' id='line_1_106' title="bbox 1923 5269 3002 5327; baseline -0.004 -12"><span class='ocrx_word' id='word_1_789' title='bbox 1923 5272 2131 5317; x_wconf 65' lang='lat' dir='ltr'><strong>”ellados</strong></span> <span class='ocrx_word' id='word_1_790' title='bbox 2140 5273 2208 5315; x_wconf 76' lang='lat' dir='ltr'><strong>est</strong></span> <span class='ocrx_word' id='word_1_791' title='bbox 2217 5273 2494 5326; x_wconf 69' lang='lat' dir='ltr'><strong>terraelonge</strong></span> <span class='ocrx_word' id='word_1_792' title='bbox 2516 5272 2736 5327; x_wconf 79' lang='lat' dir='ltr'><strong>princeps.</strong></span> <span class='ocrx_word' id='word_1_793' title='bbox 2759 5270 2868 5313; x_wconf 76' lang='lat' dir='ltr'><strong>Rata</strong></span> <span class='ocrx_word' id='word_1_794' title='bbox 2886 5269 3002 5312; x_wconf 88' lang='lat' dir='ltr'><strong>dico.</strong></span> 
     </span>
    </p>
   </div>
   <div class='ocr_carea' id='block_1_34' title="bbox 3149 5354 3197 5391">
    <p class='ocr_par' dir='ltr' id='par_1_40' title="bbox 3149 5354 3197 5391">
     <span class='ocr_line' id='line_1_107' title="bbox 3149 5354 3197 5391; baseline 0.021 -1"><span class='ocrx_word' id='word_1_795' title='bbox 3149 5354 3197 5391; x_wconf 74' lang='lat'><strong>21</strong></span> 
     </span>
    </p>
   </div>
  </div>
 </body>
</html>
