3900 6042
817 517 1718 653 DIONYSIUS
1804 524 2622 655 MILESIUS.

188 1004 385 1063 Suidas
409 1028 423 1066 :
449 1007 723 1075 Διονύσιος
747 1007 1000 1078 Μιλήσιος
1019 1009 1117 1085 (¹⁸),
1133 1007 1404 1085 ἱστορικός.
1425 1006 1512 1067 Τὰ
1530 1008 1663 1083 μετὰ

118 1094 319 1169 Δαρεῖον
340 1088 392 1150 ἐν
416 1094 642 1172 βιὲλίοις
654 1095 715 1154 ε’.
734 1095 1050 1176 Περιήγησιν
1066 1093 1386 1170 οἰκουμένης.
1411 1094 1663 1171 Περσικὰ,

120 1179 239 1236 Ἰάδι
272 1181 556 1261 διαλέκτῳ.
595 1185 850 1260 Τρωικῶν
895 1180 1073 1261 βιὸλία
1098 1183 1166 1259 γ’.
1192 1182 1421 1242 Μυθικά.
1456 1180 1663 1241 Κύκλον

119 1267 359 1345 ἱστορικὸν
386 1271 442 1326 ἐν
479 1269 703 1348 βιὸλίοις
728 1271 770 1338 ζ’
800 1273 815 1347 (
840 1270 891 1338 ἕξ
914 1273 1167 1328 Eudocia
1186 1273 1225 1345 ).

189 1357 341 1410 Idem
390 1377 446 1415 v.
502 1355 845 1423 Ἑκαταῖος...
892 1356 1067 1435 γέγονε
1103 1356 1239 1414 κατὰ
1287 1350 1401 1422 τοὺς
1443 1354 1663 1435 Δαρείου

121 1440 345 1517 χρόνους,
374 1446 471 1500 τοῦ
502 1441 643 1517 μετὰ
678 1442 975 1518 Καμὸύσην
1004 1443 1428 1522 βασιλεύσαντος,
1452 1439 1537 1498 ὅτε
1573 1440 1664 1497 καὶ

123 1527 365 1594 Διονύσιος
403 1520 470 1598 ἦν
504 1532 533 1585 ὁ
562 1527 860 1599 Μιλήσιος,
890 1528 975 1587 ἐπὶ
1003 1533 1094 1598 τῆς
1112 1527 1356 1604 πέμπτης
1374 1526 1464 1585 καὶ
1487 1526 1664 1595 ἑξηκο-

124 1617 232 1683 στῆς
268 1613 635 1689 Ὀλυμπιάδος
661 1619 778 1689 (01.
812 1617 910 1685 65,
948 1637 969 1672 1
1000 1641 1082 1666 ==
1106 1616 1219 1672 520
1248 1635 1305 1672 a.
1336 1617 1424 1682 0.,
1459 1618 1557 1688 qui
1586 1626 1667 1670 est

125 1722 279 1757 axinus
302 1704 593 1758 secundus
616 1707 761 1777 regis
776 1703 994 1777 Darii).

190 1790 397 1861 Quodsi
422 1792 608 1845 verba
630 1787 697 1845 τὰ
731 1787 864 1864 μετὰ
890 1789 1110 1860 Δαρεῖον
1145 1801 1294 1845 recte
1320 1807 1433 1844 sese
1457 1789 1668 1843 habent

128 1888 174 1930 et
209 1876 275 1930 ad
312 1874 609 1950 Hystaspis
647 1876 825 1931 filium
862 1876 1155 1932 reserenda
1192 1888 1345 1943 sunt,
1369 1876 1668 1947 Dionysius

133 1960 341 2017 llecataei
371 1970 607 2018 coaev‘us
641 1963 807 2018 fuisse
838 1963 1065 2018 videtur
1100 1975 1372 2035 quatenus
1401 1980 1666 2032 juvenem

130 2051 243 2117 viri,
270 2052 456 2104 virum
502 2053 660 2105 senis
681 2049 947 2122 aequalem
972 2049 1159 2103 dicere
1182 2050 1331 2102 licet.
1372 2049 1513 2102 Nam
1548 2044 1667 2100 lle-

127 2147 333 2189 cataeum
376 2139 582 2209 paullo
631 2148 762 2210 post
788 2137 1003 2190 Persica
1030 2136 1515 2208 septuagenarium
1551 2134 1667 2187 sere

129 2222 256 2276 diem
267 2222 379 2293 jam
401 2224 617 2278 obiisse
654 2233 1004 2295 compertum
1032 2222 1301 2276 habemus
1331 2222 1348 2294 (
1374 2240 1428 2274 v.
1473 2220 1669 2275 Suidas

133 2328 175 2361 ν.
200 2305 497 2374 Ἑλλάνικος
518 2307 561 2385 ).

195 2397 539 2470 Scriptorum
584 2397 938 2470 catalogum,
966 2413 1132 2469 quem
1174 2393 1369 2449 Snidas
1409 2394 1665 2461 exhibet,

134 2481 399 2537 titulorum
450 2483 722 2555 undique
770 2494 976 2538 temere
1002 2492 1394 2554 congestorum
1439 2481 1668 2552 farragi-

134 2586 241 2622 nem
273 2570 591 2625 aesehodie
624 2587 793 2624 nemo
816 2570 1020 2636 nescit,
1053 2568 1304 2641 quamvis
1326 2568 1384 2620 in
1411 2566 1670 2621 ordinem

136 2658 297 2710 omnia
320 2657 590 2731 redigere
622 2667 679 2710 et
696 2675 857 2711 suum
877 2657 1080 2728 cuique
1108 2655 1355 2709 tribuere
1371 2655 1671 2709 etiamnum

138 2760 211 2796 res
232 2745 295 2797 sit
312 2743 679 2798 difficillima.
710 2742 830 2799 Hoc
859 2755 1044 2798 tamen
1067 2742 1183 2797 fere
1220 2752 1434 2796 constat
1463 2740 1537 2796 ad
1565 2742 1672 2795 Mi-

138 2830 303 2884 lesium
346 2832 697 2904 Dionysium
722 2849 792 2884 ex
818 2830 975 2884 libris
1021 2830 1303 2883 recensitis
1326 2829 1465 2882 nihil
1499 2829 1672 2900 pcrti-

140 2933 246 2970 nere
268 2930 471 2990 praeter
512 2915 587 2972 τὰ
616 2912 855 2993 Περσικὰ
889 2913 1022 2973 Ἰάδι
1052 2910 1306 2990 διαλέκτῳ
1341 2926 1397 2969 et
1436 2911 1502 2969 τὰ
1537 2911 1670 2988 μετὰ

139 3007 326 3079 Δαρεῖον
375 3004 429 3060 ἐν
482 3000 712 3080 βιὸλίοις
749 3001 810 3059 ε’.
855 3004 1107 3075 Uterque
1155 3003 1345 3056 titulus
1382 3001 1456 3056 ad
1498 3021 1671 3056 unum

142 3089 373 3163 idemque
401 3110 554 3164 opus
588 3089 919 3145 referendus
950 3101 1061 3157 est,
1092 3090 1172 3143 uti
1198 3100 1543 3143 monuerunt
1572 3090 1672 3142 Fa-

143 3175 317 3232 bricius
362 3182 379 3253 (
412 3179 566 3234 Bibl.
605 3178 709 3233 Gr.
736 3179 810 3243 11,
832 3194 889 3252 p.
946 3195 1058 3249 799
1086 3175 1179 3230 ed.
1232 3194 1320 3248 pr.
1340 3175 1379 3248 ),
1433 3174 1676 3247 llcynius

143 3260 407 3323 meroni.
443 3278 502 3319 et
545 3265 813 3319 auctorit.
844 3262 1083 3318 Diodor.
1137 3281 1195 3334 p.
1240 3261 1315 3316 68
1343 3262 1435 3317 ed.
1478 3259 1672 3336 Bip.),

141 3348 230 3405 alii.
269 3355 473 3408 Verum
512 3370 663 3406 num
692 3368 755 3405 ea
792 3361 1007 3404 tantum
1041 3350 1341 3420 Dionysius
1392 3351 1675 3420 exposuit,

144 3452 241 3503 (111ae
266 3452 385 3509 post
404 3440 643 3493 obitum
663 3438 818 3491 Darii
842 3437 860 3509 (
881 3437 971 3491 Ol.
997 3436 1089 3506 73,
1112 3443 1168 3503 4,
1195 3452 1247 3489 a.
1267 3436 1329 3490 C.
1361 3434 1470 3499 485
1500 3432 1677 3507 )gesta

145 3522 274 3575 sunt?
292 3526 505 3578 Mirum
540 3525 657 3577 hoc
688 3533 745 3577 et
775 3523 1017 3577 alienum
1043 3539 1274 3593 prorsus
1300 3522 1370 3575 ab
1386 3520 1551 3589 hujus
1578 3521 1676 3572 aevi

146 3610 500 3680 scriptoribus.
556 3612 752 3682 Neque
800 3610 981 3681 aptius
1026 3617 1414 3679 argumentum
1451 3606 1681 3659 habebis

149 3692 225 3745 ubi
240 3697 575 3767 probaveris
600 3695 754 3750 haud
798 3694 1151 3767 probandam
1176 3693 1417 3748 Fabricii
1463 3703 1680 3746 senten-

151 3782 253 3835 tiam
270 3824 284 3849 ,
314 3787 410 3855 qui
438 3781 509 3839 τὰ
546 3778 684 3855 μετὰ
703 3784 768 3839 Δ.
797 3784 1197 3852 interpretatur
1218 3781 1303 3832 De
1327 3779 1487 3832 rebus
1504 3780 1681 3831 Dario

153 3883 424 3939 ‘inperante
448 3868 457 3875 '
477 3875 685 3943 gestis,
753 3866 992 3941 perinde
1037 3884 1101 3920 ac
1149 3867 1194 3919 si
1248 3876 1385 3919 esset
1424 3861 1489 3918 τὰ
1544 3860 1681 3919 κατὰ

152 3956 202 4008 Δ.
220 3955 322 4031 (⁸⁴¹).
347 3956 720 4013 probabilius
734 3956 1034 4011 Creuzerus
1058 3953 1283 4026 (Histor.
1309 3953 1487 4005 Kunst
1505 3970 1563 4024 p.
1591 3946 1680 4027 72)

203 4116 257 4175 (⁶)
286 4118 371 4169 Alii
396 4117 619 4181 Dionysii
644 4116 813 4166 Milesii
826 4117 1048 4165 auctores
1068 4116 1396 4165 memorantur
1413 4114 1513 4163 duo
1527 4151 1541 4173 ,
1564 4115 1684 4164 alter

156 4186 340 4237 modim
358 4202 437 4251 ap.
470 4190 604 4238 run.
634 4191 694 4237 u.
715 4189 774 4236 n.
798 4189 910 4236 xm
933 4189 981 4234 et
1012 4188 1123 4235 xiv
1156 4185 1286 4243 ind..
1312 4185 1481 4234 Galen.
1511 4187 1599 4245 iv,
1622 4189 1647 4234 7
1667 4221 1682 4245 ‚

54 4268 57 4273 ·
155 4254 331 4304 ccl-lium
362 4259 615 4307 Aurelium
628 4293 643 4317 ,
663 4259 767 4316 etc;
784 4256 904 4304 alter
926 4255 1135 4316 sophista
1147 4254 1236 4303 sub
1251 4254 1492 4302 Hadriano
1508 4254 1683 4303 clarus.

56 4380 59 4385 s
156 4323 201 4369 V.
220 4325 525 4377 Philostratus
547 4330 616 4375 De
644 4325 843 4388 soplisst.
864 4328 901 4383 l,
921 4332 979 4374 22
996 4337 1037 4386 p.
1057 4330 1172 4383 513,
1193 4330 1307 4385 522;
1332 4325 1419 4373 Dio
1436 4327 1576 4373 Lxlx
1594 4360 1609 4384 ,
1633 4337 1681 4385 p.

156 4395 231 4441 789
254 4397 429 4459 Μαι,
450 4396 628 4447 suidas
651 4409 701 4445 v,
729 4395 1000 4454 Διωύσιοςς
1024 4393 1200 4443 Eudoc.
1240 4407 1289 4456 p.
1330 4401 1431 4443 1³0.
1460 4395 1536 4444 cs.
1564 4396 1684 4444 We·

156 4465 386 4514 struma.
419 4467 603 4517 Gesch.
624 4465 676 4515 d.
698 4478 778 4527 or.
802 4464 1005 4514 Bereds.
1024 4462 1125 4525 §94
1140 4498 1155 4517 .
1173 4470 1221 4511 6.

207 4533 284 4593 θ’)
310 4536 489 4585 Nititur
516 4535 762 4585 Fabricius
789 4536 895 4584 loco
912 4533 1153 4584 Plutarchi
1178 4536 1246 4582 De
1264 4546 1369 4581 sera
1388 4546 1521 4581 uum.
1552 4532 1685 4582 vind.

160 4610 195 4655 p.
222 4607 301 4652 ⁵⁶³
330 4624 341 4651 :
370 4607 541 4661 Σολεὺς
565 4606 823 4659 θεσπέσιος
846 4605 959 4665 ἀνὴρ
980 4604 1156 4652 ἐκείνου
1194 4608 1277 4651 τοῦ
1307 4604 1553 4664 γενομένου
1586 4604 1684 4665 μεθ’

160 4674 261 4801 ἷξε,
307 4681 505 4730 ἐνταῦθα
522 4682 866 4744 Πρωτογένους.
887 4680 959 4730 lbi
976 4679 1078 4741 iam
1094 4693 1153 4729 ex
1177 4678 1316 4727 codd.
1343 4681 1602 4740 repositum
1617 4682 1689 4728 est

898 4902 919 4951 1

1756 1011 1978 1066 titulum
2013 1013 2086 1068 de
2113 1025 2272 1087 parte
2295 1012 2653 1069 Persicorum
2685 1015 2963 1087 intelligit.
2999 1016 3302 1068 Nitzsclnius

1758 1093 1932 1169 (Hist.
1974 1096 2142 1153 Hom.
2186 1102 2241 1168 1,
2271 1119 2331 1173 p.
2384 1098 2504 1173 88)
2550 1101 2749 1172 quinto
2784 1099 3132 1153 Persicorum
3156 1099 3301 1152 libro

1753 1201 1840 1238 res
1865 1186 2020 1239 Darii
2046 1188 2320 1259 expositas
2345 1205 2458 1240 esse
2481 1198 2684 1241 censet.
2736 1187 3068 1258 Quanquam
3093 1187 3301 1239 nullam

1754 1271 2016 1342 equidem
2033 1275 2305 1327 rationem
2320 1273 2488 1327 video
2505 1292 2607 1327 cur
2619 1274 2730 1327 hoc
2742 1273 3092 1345 potissimum
3108 1274 3305 1345 aliquis

1754 1358 2096 1412 enotandum
2131 1361 2429 1433 putaverit.
2474 1361 2738 1432 Suspicor
2775 1361 3012 1414 Darium
3053 1372 3302 1414 nostrum

1754 1461 1872 1497 non
1894 1463 2006 1499 esse
2036 1444 2314 1519 Hystaspis
2339 1444 2514 1500 filium
2534 1487 2548 1512 ,
2595 1446 2695 1501 sed
2724 1442 2811 1501 τὸν
2842 1449 3058 1522 Δαρεῖον
3102 1446 3168 1521 (⁴)
3220 1445 3304 1501 τὸν

1754 1527 1844 1585 καὶ
1867 1527 2122 1607 Ἀστυάγη
2140 1575 2156 1606 ,
2186 1530 2240 1589 ὃν
2269 1535 2439 1609 Κῦρος
2457 1530 2686 1588 καθελὼν
2713 1532 2786 1596 εἰς
2813 1530 3020 1608 Πέρσας
3040 1528 3134 1601 τὴν
3162 1535 3307 1608 βασι-

1754 1613 1897 1672 λείαν
1915 1617 2194 1690 μετήνεγκε
2224 1619 2241 1691 (
2252 1621 2536 1692 Syncellus
2549 1639 2608 1692 p.
2631 1617 2740 1674 205
2755 1621 2827 1673 D.
2852 1619 2943 1673 ed.
2962 1622 3086 1675 Par.
3102 1639 3161 1692 p.
3195 1620 3303 1690 387

1756 1702 1848 1757 ed.
1874 1705 2119 1779 Dindf.).
2147 1704 2268 1761 Hoc
2294 1707 2335 1759 si
2361 1724 2556 1759 verum
2585 1716 2695 1773 est,
2724 1705 2956 1760 historia
2983 1707 3140 1779 regni
3168 1703 3308 1760 Per-

1755 1808 1973 1860 sarum,
2023 1795 2118 1866 qui
2146 1794 2380 1867 proprie
2421 1794 2498 1847 sic
2536 1792 2824 1859 dicuntur,
2855 1792 3014 1846 libris
3054 1794 3307 1864 quinque
3341 1841 3347 1847 .

1757 1880 2158 1952 comprehensa
2185 1891 2338 1947 erat;
2365 1879 2758 1946 antecedebat,
2790 1880 3016 1951 opinor,
3050 1897 3181 1951 pars
3223 1881 3307 1934 al-

1759 1973 1875 2019 tera
1902 1965 1975 2019 de
2005 1985 2179 2040 regno
2210 1967 2563 2038 Assyriorum
2589 1975 2646 2019 et
2667 1964 2994 2032 Medorum,
3013 1967 3145 2019 utin
3170 1966 3307 2019 Per·

1756 2049 1880 2103 sicis
1908 2048 2181 2106 Hellanici
2210 2062 2264 2106 et
2277 2052 2466 2107 Ctesiae
2489 2061 2544 2104 et
2560 2050 2827 2118 Dinonis,
2854 2051 3009 2120 cujus
3031 2053 3307 2123 posterio-

1758 2137 1833 2190 ris
1856 2156 1996 2211 opus
2013 2140 2140 2192 item
2162 2140 2218 2192 in
2233 2139 2423 2211 plures
2441 2134 2699 2203 συντάξεις
2716 2137 3016 2210 pluresque
3034 2138 3311 2193 libroruin

1760 2223 1987 2279 ordines
2013 2225 2370 2280 distributum
2391 2236 2528 2282 erat.

1838 2312 2168 2384 Fragmenta
2185 2331 2308 2385 quae
2322 2311 2394 2367 ad
2418 2312 2633 2366 Persica
2655 2312 2906 2384 Dionysii
2926 2314 3079 2366 certo
3091 2311 3309 2382 judicio

1761 2396 1960 2451 referri
2004 2399 2216 2470 possint
2269 2416 2387 2451 non
2423 2399 2629 2453 habeo.
2672 2400 2777 2452 Hic
2807 2409 2990 2453 tamen
3031 2415 3310 2470 apponam

1763 2483 1949 2537 locum
1976 2484 2034 2536 in
2057 2483 2230 2539 Bekk.
2256 2488 2359 2538 An.
2385 2484 2481 2538 Gr.
2514 2494 2586 2556 p.·
2609 2482 2746 2552 783.

2520 2638 2568 2672 1.

1843 2738 1994 2800 Φασὶ
2020 2738 2121 2818 γὰρ
2141 2739 2220 2798 ὅτι
2247 2740 2488 2804 Φοίνικες
2520 2739 2614 2815 μὲν
2645 2730 2789 2817 εὗρον
2817 2738 2884 2797 τὰ
2903 2748 3132 2817 στοιχεῖα
3152 2783 3170 2816 ,
3199 2741 3316 2800 Κά-

1766 2828 1890 2903 δμος
1917 2827 1972 2885 δὲ
2004 2827 2198 2903 ἤγαγεν
2245 2825 2377 2885 αὐτὰ
2407 2829 2476 2893 εἷς
2500 2827 2593 2897 τὴν
2617 2825 2872 2886 Ἑλλάδα.
2916 2827 3224 2906 Πυθόδωρος
3259 2830 3312 2887 δὲ

1766 2910 1891 2990 (ὡς)
1918 2916 1970 2971 ἰν
1999 2917 2073 2992 τῷ
2100 2914 2231 2994 Περὶ
2256 2912 2542 2992 στοιχείων,
2569 2912 2660 2971 καὶ
2686 2912 2874 2980 Φίλλις
2895 2917 2923 2970 ὁ
2946 2914 3140 2985 Δήλιος
3164 2916 3216 2972 ἐν
3239 2918 3313 2993 τῷ

1770 3001 1900 3080 Περὶ
1921 3004 2092 3080 χορῶν
2117 3001 2220 3080 πρὸ
2241 3001 2459 3075 Κάδμου
2477 2998 2681 3060 Δαναὸν
2705 2999 3051 3075 μετακομίσαι
3067 2999 3201 3057 αὐτά
3224 3022 3317 3079 φα·

1767 3110 1867 3146 σιν.
1898 3087 2348 3165 Ἐπιμαρτυροῧσι
2363 3085 2559 3152 τούτοις
2576 3087 2667 3144 καὶ
2683 3089 2729 3144 οἱ
2756 3086 3073 3156 Μιλησιακοὶ
3089 3109 3316 3165 συγγρα-

1766 3174 1906 3252 φεῖς,
1950 3173 2353 3252 Ἀναξίμανδρος
2375 3172 2466 3231 καὶ
2490 3173 2752 3239 Διονύσιος
2791 3174 2880 3231 καὶ
2895 3173 3197 3245 Ἑκαταῖος,
3234 3175 3319 3239 οὒς

1765 3262 1857 3318 καὶ
1874 3260 2250 3339 Ἀπολλόδωρος
2268 3263 2320 3317 ἐν
2343 3262 2491 3318 Νεῶν
2505 3262 2779 3338 καταλόγῳ
2793 3260 3153 3338 παρατίθεται.
3217 3274 3224 3279 ’

1846 3352 1949 3420 ὡς]
1980 3372 2056 3413 τις
2081 3352 2355 3423 proponit
2384 3351 2623 3406 Nitzsch.
2659 3352 2715 3404 in
2746 3352 2887 3405 Hist.
2919 3353 3089 3405 Hom.
3109 3366 3179 3421 p.
3210 3369 3316 3422 79,

1768 3438 1872 3491 nisi
1910 3436 2182 3491 exciderit
2217 3454 2424 3490 nomen
2471 3437 2815 3508 grammatici
2869 3436 3117 3507 alicujus.
3157 3439 3321 3491 Hunc

1770 3523 2098 3595 Dionysium
2123 3521 2400 3576 diversum
2426 3540 2539 3576 esse
2567 3522 2638 3576 ab
2665 3523 2763 3577 illo
2780 3563 2795 3590 ,
2829 3541 2999 3594 quem
3033 3523 3180 3576 libro
3207 3535 3322 3577 ter—

1773 3610 1852 3663 tio
1878 3607 2137 3680 sequitur
2156 3606 2471 3674 Diodorus,
2508 3619 2662 3680 patet
2682 3627 2750 3663 ex
2772 3628 2895 3682 cap.
2924 3608 3029 3677 66,
3055 3610 3150 3663 ubi
3179 3610 3322 3664 Cad-

1772 3715 1891 3750 mus
1909 3697 2094 3749 literas
2122 3706 2424 3767 asportasse
2448 3696 2507 3748 in
2532 3696 2802 3750 Graeciam
2828 3696 3055 3751 dicitur.
3087 3695 3324 3750 Hecataei

1772 3783 1915 3836 hanc
1954 3793 2010 3836 et
2035 3782 2286 3853 Dionysii
2327 3784 2655 3836 sententiam
2684 3784 2941 3856 respicit,
2978 3794 3042 3836 ut
3074 3783 3317 3849 videtur,

1776 3867 2097 3923 Herodotus
2117 3869 2184 3934 V,
2207 3867 2301 3933 58,
2333 3869 2429 3922 ubi
2463 3888 2516 3922 v.
2545 3870 2723 3924 Baehr.
2755 3881 2811 3925 et
2836 3889 2980 3942 quos
3002 3871 3208 3925 laudat.
3236 3872 3319 3925 Cf.

1773 3955 2013 4011 Nitzsch.
2049 3957 2086 4009 l.
2116 3955 2153 4009 l.
2175 3973 2236 4027 p.
2267 3954 2361 4027 89.
2387 3955 2608 4026 Adjicio
2628 3958 2797 4011 alium
2827 3958 3014 4012 locum
3041 3977 3108 4013 ex
3131 3958 3326 4013 iisdem

1774 4043 1949 4099 Bckk.
1984 4047 2091 4098 An.
2123 4042 2222 4098 Gr.
2250 4060 2308 4115 p.
2345 4041 2730 4111 362,ubihaec
2758 4063 2772 4097 ε

2518 4179 2571 4214 2.

1860 4270 2028 4353 Αἷμον
2054 4278 2113 4335 τὸ
2146 4279 2260 4357 ὄρος
2291 4277 2566 4355 οὐδετέρως
2595 4277 2876 4343 Ἑκαταῖος
2912 4278 2997 4336 διὰ
3027 4280 3214 4346 παντὸς
3239 4282 3327 4335 καὶ

1779 4364 2125 4430 Διονύσιος
2148 4364 2236 4421 καὶ
2262 4362 2570 4429 Ἑλλάνικος
2593 4365 2682 4421 καὶ
2713 4363 2949 4431 Εὔδοξος.

1839 4538 1900 4599 (“)
1936 4539 2006 4585 De
2023 4537 2215 4585 nomine
2234 4539 2424 4593 Δαρεῖος
2441 4547 2523 4581 vv.
2556 4534 2638 4582 dd.
2673 4537 2931 4585 sententias
2947 4536 3134 4595 collegit
3171 4537 3325 4585 κενὴν.

1778 4606 1838 4655 ad
1859 4606 2088 4656 Herodot.
2115 4608 2179 4654 vl
2195 4641 2211 4665 ,
2231 4612 2306 4654 69.
2329 4604 2457 4653 ldem
2482 4604 2595 4652 ibid.
2625 4607 2744 4653 tom.
2772 4609 2834 4655 lv
2857 4618 2903 4667 p.
2924 4610 3015 4655 486
3038 4609 3120 4653 not
3159 4606 3219 4653 ‹le
3242 4610 3332 4653 lia·

1779 4679 1850 4725 rio
1869 4675 2010 4726 Medo
2031 4675 2193 4725 laudat
2223 4678 2275 4724 F.
2313 4676 2424 4723 Keil
2455 4675 2653 4736 apotoy.
2701 4676 2922 4724 ver-such
2961 4676 3086 4723 iiber
3110 4675 3193 4724 dle
3231 4679 3332 4725 Βά-

1777 4748 1898 4797 cher
1916 4746 1969 4796 d.
1992 4745 2215 4794 Chronilc
2233 4758 2286 4794 u.
2315 4749 2450 4793 Esra
2471 4744 2709 4804 (Berolin.
2739 4747 2912 4805 1833),
2935 4758 2981 4806 p.
3015 4750 3061 4793 11
3091 4758 3194 4807 sqq.

1774 4915 1982 4965 quorum
2010 4899 2297 4950 testimoniis
2322 4900 2641 4962 Apollodorus
2672 4913 2865 4962 quoque
2891 4901 2938 4949 in
2962 4901 3167 4949 Navium
3196 4905 3328 4950 cala·

212 4978 451 5030 Plnmioes
495 4981 632 5031 aiunt
676 4982 910 5030 invenisse
959 4981 1151 5041 literas,
1192 4978 1430 5031 cadmum
1482 4993 1598 5029 vero
1646 4980 1694 5028 in
1778 4981 1884 5041 logo
1903 4992 2018 5027 usus
2038 4980 2126 5026 est.

167 5053 377 5107 Graeciam
404 5059 642 5108 attulisse.
678 5058 977 5121 pythodorus
992 5072 1108 5107 vero
1127 5058 1176 5107 in
1201 5057 1325 5106 libro
1347 5060 1419 5106 De
1448 5057 1696 5107 elementis

168 5129 409 5195 metarum,
428 5138 481 5184 et
499 5136 661 5186 l‘hillis
678 5132 840 5184 Delius
850 5135 897 5181 in
911 5138 1125 5197 opereDe
1140 5134 1319 5194 choris,
1336 5135 1448 5182 ante
1459 5134 1694 5183 Cadmum

170 5218 236 5249 eas
262 5207 355 5266 iam
392 5214 619 5260 Danaum
655 5213 919 5272 asportasse
953 5210 1172 5259 tradunt.
1241 5211 1581 5260 Assentiuntur
1622 5210 1696 5258 liis

174 5282 318 5334 tlilesii
340 5286 601 5349 scriptores
621 5286 971 5338 Anaximander
992 5289 1039 5336 et
1062 5286 1314 5349 Dionysius
1339 5290 1387 5337 et
1408 5289 1657 5336 llccataeus
1674 5323 1687 5346 ,

2523 5060 2573 5108 2,

1840 5146 2062 5192 Haemum
2087 5145 2303 5191 montem
2330 5142 2476 5204 Αἶμον
2497 5142 2669 5190 neutro
2690 5154 2860 5203 genere
2881 5144 3134 5192 uecaioeus
3151 5142 3329 5205 ub‘que

1778 5228 1826 5274 ct
1852 5224 2104 5285 Dionysius
2126 5225 2176 5272 et
2199 5222 2468 5272 Hellanicus
2490 5223 2537 5269 et
2561 5220 2787 5271 Eudoxus
2802 5220 2985 5272 dicunt.
