3900 6042
629 426 736 476 144

1312 566 1332 600 1
1351 566 1370 600 1
1385 553 1414 612 ί.
1426 591 1437 603 .

693 654 809 730 [ld.
834 656 954 712 Pol.
983 660 1081 728 vl,
1105 664 1159 726 4,
1187 657 1219 712 5
1243 676 1258 716 ι
1280 544 1399 727 ξΓὴν
1424 545 1478 714 gs
1504 659 1778 733 μετάδοσιν
1797 659 2027 737 γίνεσθαι
2047 659 2158 741 (δεῖ)

1687 417 2190 482 ARISTOTELIS
2230 422 2722 486 FRAGMENTA.

2371 551 2610 612 Ἡσιόδου,
2629 560 2711 602 τοῦ
2734 555 2949 603 πλεῖστον
2972 555 3018 603 ἐν
3041 557 3296 619 ἀνθρώποις
3311 560 3441 614 κλέος
3464 561 3626 616 ἐστὶν,

2431 621 2607 684 ἀνδρῶν
2636 626 2914 686 κρινομένων
2935 627 2982 674 έν
2999 627 3219 688 βασάνοις
3246 631 3427 691 σοφίης.

611 743 685 818 τῷ
705 739 891 811 πλήθει
913 747 999 799 τοῦ
1011 740 1383 819 πολιτεύματος
1400 743 1573 814 ἤτοι...
1600 747 1706 811 τοῖς
1723 746 1782 804 τὸ
1802 745 2009 823 τίμημα
2030 769 2159 805 κτω·
2251 733 2548 815 Ἐπίγραψῑ
2575 737 2629 795 δὲ
2657 737 2745 795 καὶ
2779 739 3059 818 Πίνδαρος·
3106 741 3272 821 Χαῖρε
3305 741 3381 807 δὶς
3406 744 3535 802 κτλ.
3573 746 3795 800 Pausan-

614 823 801 900 μένοις,
820 824 853 895 ἢ
873 827 1109 907 καθάπερ
1134 829 1408 903 Θηὸαίοις,
1435 831 1809 909 ἀποσχομένοις
1835 831 2021 912 χρόνον
2045 832 2159 892 τινὰ

615 915 717 968 τῶν
749 913 1020 990 βαναύσων
1043 914 1226 993 ἔργων.

693 1002 815 1058 Pol.
848 1004 933 1057 111
953 1044 968 1072 ,
1011 1004 1067 1072 3,
1103 1015 1131 1059 4
1170 1021 1185 1061 t
1216 1001 1314 1062 Ἐν
1343 1002 1552 1074 Θήὸαις
1575 1003 1631 1061 δὲ
1653 1003 1805 1082 νόμος
1833 998 1895 1078 ἦν
1914 1006 2003 1065 τὸν
2030 1006 2156 1065 δέκα

617 1087 743 1142 ἐτῶν
772 1085 846 1161 μὴ
876 1088 1242 1166 ἀπεσχημένον
1270 1094 1364 1161 τῆς
1392 1092 1580 1169 ἀγορᾶς
1607 1089 1681 1167 μὴ
1708 1091 1947 1171 μετέχειν
1972 1095 2157 1173 ἀρχῆς.

693 1176 814 1240 Ρ,οΙ.
844 1179 910 1243 V,
929 1196 985 1246 α,
1006 1178 1042 1232 6
1068 1194 1083 1235 :
1103 1175 1205 1235 Διὰ
1231 1177 1614 1256 καταφρόνησιν
1638 1176 1694 1235 δὲ
1713 1178 1803 1236 καὶ
1823 1179 2162 1247 στασιάζουσι

615 1258 704 1315 καὶ
732 1259 1101 1322 ἐπιτίθενται...
1132 1265 1186 1321 ἐν
1205 1264 1318 1328 ταῖς
1345 1263 1721 1342 δημοκρατίαις
1751 1268 1797 1322 οἱ
1829 1264 2040 1344 εὔποροι
2066 1288 2160 1324 κα-

619 1346 1032 1424 ταφρονήσαντες
1053 1353 1144 1419 τῆς
1171 1348 1382 1416 ἀταξίας
1417 1349 1508 1408 καὶ
1548 1350 1819 1429 ἀναρχίας,
1863 1343 1973 1410 οἷον
1996 1350 2087 1410 καὶ
2109 1354 2161 1409 έν

614 1431 822 1501 Θήὸαις
850 1433 984 1504 μετὰ
1024 1433 1119 1506 τὴν
1144 1436 1198 1493 έν
1238 1435 1542 1516 Οἰνοφύτοις
1578 1438 1758 1517 μάχην
1802 1443 1975 1506 κακῶς
2009 1440 2162 1498 πολι-

615 1518 907 1595 τευομένων
934 1525 969 1591 ἡ
994 1521 1320 1601 δημοκρατία
1353 1524 1627 1603 διεφθάρη.
1653 1525 1677 1602 ]

1106 1660 1641 1726 ΟΡΧΟΜΕΝΙΩΝ.

1323 1791 1448 1851 115.

692 1905 908 1959 Tzetzes
926 1904 997 1959 ad
1021 1905 1253 1963 Hesiod.
1280 1907 1525 1962 Prooem.
1550 1924 1610 1979 p.
1642 1924 1672 1975 7
1712 1925 1795 1980 sq.
1828 1908 1922 1966 ed.
1948 1908 2107 1966 Gssd.
2144 1927 2158 1962 ε

615 1986 969 2066 Ἀριστοτέλης
996 1988 1096 2066 γὰρ
1125 1993 1153 2047 6
1178 1989 1450 2070 φιλόσοφος
1484 1992 1712 2068 (μᾶλλον
1743 1991 1798 2050 δὲ
1820 1983 1974 2069 οἶμαι
1995 1998 2023 2052 6
2049 1992 2163 2061 τοὺς

619 2073 862 2139 Πέπλους
889 2073 1178 2152 συντάξας)
1203 2076 1256 2132 ἐν
1288 2084 1351 2154 τῇ
1377 2075 1733 2155 Ὀρχομενίων
1755 2080 1992 2159 πολιτεία
2022 2082 2169 2150 Ern-

621 2159 830 2239 σίχορον
851 2160 937 2218 τὸν
963 2160 1237 2235 μελοποιὸν
1264 2153 1396 2219 εἷναί
1415 2185 1541 2242 φησι
1558 2161 1667 2220 υἱὸν
1683 2162 1931 2223 Ἡσιόδου
1947 2209 1967 2242 ,
1993 2168 2052 2225 ἐκ
2074 2171 2165 2237 τῆς

621 2246 894 2322 Κλυμένης
926 2249 1068 2326 αὐτῷ
1099 2247 1403 2323 γεννηθέντα
1431 2252 1523 2319 τῆς
1547 2248 1893 2330 Ἄμφιφάνους
1925 2252 2016 2309 καὶ
2048 2253 2161 2311 Γα-

615 2333 857 2411 νύκτορος
897 2335 1146 2413 ἀδελφῆς,
1187 2335 1435 2414 θυγατρὸς
1475 2334 1529 2394 δὲ
1557 2336 1800 2414 Φηγέως.
1838 2373 1916 2382 -
1949 2338 2162 2414 Κλυμέ-

615 2421 762 2497 νης.]
787 2425 913 2480 Mss.
942 2419 1222 2496 κτημένης.
1255 2447 1279 2474 «
1302 2423 1731 2480 Emendavimus
1756 2438 1885 2498 post
1898 2430 2165 2500 Wytten-

614 2510 775 2565 bach.
817 2508 890 2563 ad
932 2510 1211 2566 Plutarch.
1256 2528 1314 2583 p.
1372 2510 1481 2565 162
1524 2529 1594 2566 ex
1638 2513 1842 2566 Proclo
1891 2513 1964 2568 ad
2004 2510 2162 2591 Ἕργ.

626 2594 758 2651 268.
788 2618 813 2643 υ
850 2594 1053 2654 Gatsr.

693 2682 924 2737 Procius
946 2681 1017 2737 ad
1040 2680 1276 2741 Hesiod.
1312 2677 1422 2756 Op.
1447 2693 1502 2738 et
1527 2684 1598 2739 D.
1625 2681 1734 2737 631
1770 2701 1785 2740 ε
1815 2680 2079 2755 Ἀοίκητον
2108 2683 2162 2742 δὲ

617 2763 744 2820 αὖτὸ
763 2763 1010 2840 (Ascram
1041 2767 1411 2842 oppidulum)
1442 2769 1470 2823 6
1494 2765 1837 2846 Πλούταρχος
1854 2771 2051 2849 ἱστορεῖ
2069 2769 2164 2828 καὶ

617 2850 733 2907 τότε
770 2842 924 2926 εἶναι,
953 2851 1226 2911 Θεσπιέων
1252 2852 1537 2910 ἀνελόντων
1566 2851 1684 2918 τοὺς
1702 2856 1999 2931 οἰκοῦντας,
2033 2856 2160 2934 Ὀρ·

615 2936 871 3014 χομενίων
900 2935 954 2995 δὲ
991 2937 1108 3003 τοὺς
1146 2936 1400 3004 σωθέντας
1445 2923 1767 3013 δεξαμένων·
1799 2938 1914 2998 ὅθεν
1954 2941 2043 2999 καὶ
2071 2941 2162 2999 τὸν

616 3022 726 3079 θεὸν
753 3022 1115 3102 Ὀρχομενίοις
1137 3019 1426 3102 προστάξαι
1454 3022 1520 3081 τὰ
1540 3023 1787 3082 “Ησιόδου
1810 3025 2033 3104 λείψανα
2054 3028 2158 3085 λα-

619 3108 750 3178 δεῖν,
779 3108 869 3165 καὶ
896 3107 1059 3188 θάψαι
1078 3108 1200 3186 παρ’
1218 3109 1419 3184 αὐτοῖς,
1441 3112 1511 3173 ὡς
1532 3109 1621 3166 καὶ
1639 3109 1990 3188 Ἀριστοτέλης
2008 3113 2158 3192 φησὶ,

618 3193 830 3273 γράφων
854 3193 947 3265 τὴν
981 3192 1336 3273 Ὀρχομενίων
1360 3194 1646 3255 πολιτείαν.

695 3282 775 3337 Cf.
805 3284 1024 3337 Tzetzes
1045 3284 1083 3339 l.
1116 3284 1151 3338 l.
1178 3301 1191 3336 ε
1216 3277 1553 3357 Ὀρχομένιοι
1571 3278 1626 3337 δὲ
1651 3278 1860 3361 ὕστερον
1882 3283 2020 3343 κατὰ
2036 3308 2163 3364 χρη·

611 3364 746 3440 σμὸν
762 3357 1049 3443 ἐνεγκόντες
1071 3365 1138 3423 τὰ
1158 3366 1402 3426 Ἡσιόδου
1422 3367 1553 3424 ὀστᾶ
1575 3364 1856 3425 θάπτουσιν
1873 3371 1925 3426 ἐν
1941 3369 2078 3451 μέσῃ
2095 3377 2161 3444 τῆ

618 3455 815 3531 ἀγορᾷ,
841 3453 930 3510 καὶ
956 3454 1255 3533 ἐπέγραψαν
1282 3454 1434 3511 τάδε·
2136 3437 2146 3452 ⁶

735 3570 906 3633 Ἄσκρη
928 3571 1007 3633 μὲν
1025 3573 1184 3633 πατρὶς
1202 3572 1448 3638 πολυλήἰρς
1460 3606 1475 3630 ,
1498 3571 1613 3621 ἀλλὰ
1645 3574 1855 3630 θανόντος

800 3639 952 3688 ὀστέα
978 3642 1251 3698 πληξίππων
1284 3647 1344 3703 γῆ
1368 3644 1556 3690 Μινυῶν
1574 3644 1764 3705 κατέχει

674 3877 1052 3941 [communicari
1068 3890 1179 3927 cum
1199 3879 1503 3929 multitudine
1521 3879 1794 3941 reipublicoe
1809 3879 2155 3928 administratio

612 3956 755 4006 debet
775 3957 857 4016 ut,
882 3955 1286 4017 quemadmodum
1322 3958 1464 4005 antea
1498 3955 1686 4005 dictum
1717 3958 1788 4005 est
1805 3991 1819 4017 ,
1846 3970 1958 4004 cum
1985 3957 2042 4005 iis
2073 3957 2157 4018 qui

611 4046 806 4082 censum
825 4031 1011 4094 justum
1028 4032 1155 4081 nacti
1187 4032 1362 4082 tuerint
1376 4066 1390 4086 ‚
1422 4034 1508 4081 aut
1531 4045 1665 4081 more
1682 4033 2021 4082 Thebanorum
2044 4046 2157 4082 cum

609 4110 694 4168 iis,
725 4109 806 4170 qui
830 4111 963 4158 certo
979 4109 1265 4171 temporeab
1276 4109 1476 4171 opificiis
1498 4108 1837 4157 abstinuerint.

671 4184 849 4233 Thebis
873 4184 952 4234 lex
973 4186 1103 4245 erat,
1132 4197 1220 4245 ne,
1252 4186 1337 4245 qui
1369 4197 1465 4233 non
1486 4184 1655 4233 decem
1688 4197 1839 4233 annos
1866 4185 1971 4233 soro
1993 4198 2156 4235 rerum

610 4262 853 4311 venalium
878 4260 1209 4322 abstinuisset,
1243 4260 1575 4322 magistratum
1603 4273 1772 4322 capere
1799 4261 1977 4322 posset.

672 4340 870 4399 Propter
891 4340 1220 4399 contemptum
1234 4336 1513 4386 seditionem
1531 4337 1747 4385 excitant
1764 4338 1812 4385 et
1827 4336 2011 4398 impetu
2031 4337 2157 4386 sacto

607 4417 656 4465 in
686 4416 803 4466 alios
831 4416 1127 4465 invadunt...
1166 4416 1217 4463 in
1251 4415 1556 4464 democratiis
1586 4415 1851 4477 locupletes
1876 4417 2154 4477 contempta

608 4495 886 4544 confusione
905 4497 955 4544 et
973 4493 1335 4556 perturbatione
1360 4506 1520 4542 rerum
1530 4492 1824 4568 'imperiique
1845 4511 1857 4541 ε
1887 4493 2156 4553 cujusmodi

607 4570 833 4633 quiddam
851 4572 898 4620 et
922 4571 1097 4620 Thebis
1115 4569 1289 4619 accidit
1307 4572 1413 4631 post
1429 4583 1637 4633 pugnam
1651 4571 1698 4619 in
1719 4569 2009 4631 OEnopbytis
2025 4583 2157 4619 com·

606 4647 803 4696 missam
837 4660 968 4709 :quo
984 4649 1226 4709 tempore,
1251 4645 1378 4707 quod
1413 4645 1679 4708 respublica
1705 4646 1832 4695 male
1849 4645 2153 4696 administra·

606 4719 739 4766 retur
756 4730 784 4766 a
801 4716 979 4779 populo
991 4753 1005 4776 ,
1025 4715 1317 4766 democratia
1333 4715 1549 4765 funditus
1564 4728 1787 4777 oppressa
1804 4718 1895 4764 est.
1916 4714 1934 4777 ]

1030 4827 1722 4888 ORGHOMENIORUM.

1319 4953 1436 5003 115.

666 5061 941 5111 Aristoteles
964 5062 1273 5123 philosophus
1309 5060 1414 5120 (vel
1449 5060 1636 5121 potius,
1669 5072 1777 5109 mea
1811 5060 2008 5120 quidem
2043 5073 2146 5109 sen·

603 5140 780 5199 tentia,
809 5139 940 5201 Pepli
956 5142 1160 5201 auctor)
1180 5141 1228 5206 iu
1247 5139 1673 5190 Orchomeniorum
1700 5138 1959 5200 Republica
1993 5140 2144 5188 Stesi-

2248 826 2368 896 lx,
2402 825 2507 893 38,
2542 826 2574 880 3
2595 868 2612 899 ‚
2645 828 2744 881 ubi
2784 827 2937 882 idem
2962 832 3300 904 epigramma
3342 830 3609 886 affertur.

2328 913 2631 986 Appendix
2648 914 2921 971 Proverb.
2944 917 3041 984 IV,
3059 936 3157 988 92,
3186 935 3247 988 p.
3273 914 3386 980 456
3417 917 3518 975 ed.
3546 919 3796 972 Leutsch.

2248 1000 2664 1059 etSchneidew.
2689 1018 2704 1058 z
2726 997 2816 1059 Τὸ
2840 998 2905 1059 Ἥ
2924 999 3218 1060 σιόδειον
3242 1005 3478 1079 γῆραςε
3522 1000 3799 1080 Ἀριστοτέ-

2248 1084 2343 1151 λης
2382 1086 2435 1142 ἐν
2484 1083 2839 1163 Ὀρχομενίων
2867 1085 3103 1166 πολιτεία
3150 1087 3224 1153 δὶς
3262 1087 3520 1167 τεθάφθαι
3564 1087 3694 1166 φησὶ
3725 1090 3799 1144 τὸν

2251 1166 2510 1243 Ἡσίοδον,
2535 1173 2625 1230 καὶ
2653 1171 3046 1251 ἐπιγράμματος
3073 1175 3223 1232 τοῦδε
3247 1175 3425 1252 τυχεῖν
3448 1195 3460 1209 ·

2404 1297 2546 1357 Χαῖρε
2559 1297 2625 1352 δὶς
2639 1298 2818 1354 ἡΰήσας
2847 1301 2927 1346 καὶ
2950 1301 3017 1356 δὶς
3040 1301 3186 1360 τάφου
3202 1300 3540 1358 ἀντιὸολήσας,

2464 1365 2636 1414 ‘nawa‘
2648 1400 2662 1426 ,
2678 1367 2933 1428 ἀνθρώποις
2956 1369 3119 1431 μέτρον
3132 1369 3255 1431 ἔχων
3273 1369 3440 1431 σοφίης
3454 1382 3467 1394 ·

2249 1473 2479 1563 παρόσον
2506 1487 2566 1545 τό
2593 1509 2648 1545 τε
2678 1490 2841 1568 γῆρας
2870 1487 3078 1560 άπέὸη,
3104 1489 3194 1546 καὶ
3221 1488 3295 1554 δὶς
3314 1489 3507 1565 ἐτάφη.

2330 1575 2577 1630 Pindaro
2616 1579 2958 1650 epigramma
3000 1578 3198 1632 tribuit
3245 1597 3376 1632 cum
3414 1581 3606 1636 schol.
3648 1582 3796 1634 etiam

2251 1661 2469 1719 Suidas.
2493 1666 2559 1720 V.
2588 1665 2818 1719 Boeckh.
2858 1666 3076 1738 Explic.
3117 1666 3345 1720 l’indar.
3380 1684 3438 1737 p.
3476 1665 3618 1731 554.
3648 1669 3795 1722 Cete-

2253 1766 2379 1801 rum
2406 1749 2624 1804 Tzetzes
2655 1769 2832 1823 quum
2859 1747 3198 1825 epigramma
3217 1769 3289 1806 ex
3314 1753 3640 1806 Aristotelis
3660 1753 3798 1806 libris

2252 1831 2338 1887 De
2396 1836 2803 1912 rebuspublicis
2861 1839 3089 1893 allatum
3144 1839 3420 1911 reperiret
3448 1879 3465 1905 ,
3539 1840 3796 1909 ejusmodi

2253 1921 2653 1995 epigrammata
2674 1941 2810 1979 vero
2833 1926 3042 1980 sciebat
3057 1926 3166 1999 legi
3190 1925 3253 1980 in
3270 1926 3447 1997 Peplo
3474 1927 3794 1990 AristoteliS,

2252 2024 2362 2078 pro
2404 2006 2605 2077 judicii
2648 2009 2876 2066 levitate
2920 2030 3018 2066 sua
3057 2014 3276 2084 putavit
3318 2014 3510 2084 ipsum
3548 2013 3698 2067 istud
3734 2012 3796 2065 de

2254 2094 2503 2152 Hesiodo
2527 2095 2870 2171 epigramma
2915 2116 2947 2154 e
2973 2099 3148 2171 Peplo
3175 2100 3413 2172 petitum
3443 2116 3585 2154 esse.
3613 2103 3694 2155 Ac
3714 2117 3797 2152 ne·

2254 2182 2372 2234 scio
2406 2199 2478 2235 an
2517 2200 2713 2238 revera
2743 2186 2908 2239 etiam
2942 2186 3002 2238 in
3034 2187 3212 2258 Peplo
3251 2186 3437 2259 legere
3475 2195 3620 2240 erat.
3652 2186 3794 2240 Certe

2254 2269 2413 2322 novit
2455 2270 2800 2344 epigramma
2837 2282 3091 2327 nostrum
3127 2274 3284 2346 Pepli
3316 2282 3548 2342 auctor,
3594 2274 3690 2345 qui
3732 2274 3793 2324 ita

2254 2358 2661 2413 consarcinavit
2685 2361 3031 2434 epitaphium
3071 2361 3365 2434 Ascalaphi
3394 2380 3409 2415 t

2376 2490 2665 2554 Ἀσκαλάφου
2684 2492 2825 2555 Τροίῃ
2849 2495 3065 2555 φθιμένου
3084 2495 3161 2542 καὶ
3181 2494 3433 2556 Ἰαλέμοιο,

2435 2560 2577 2609 ὀστέα
2595 2561 2866 2619 πληξίππων
2896 2568 2956 2623 γῆ
2990 2565 3178 2611 Μινυῶν
3195 2564 3400 2625 κατέχει.

2331 2678 2586 2732 Ceterum
2624 2688 2804 2746 recte,
2853 2689 3026 2750 puto,
3065 2680 3283 2733 Tzetzoe
3325 2679 3491 2751 Pepli
3521 2688 3788 2733 auctorem

2252 2780 2284 2816 a
2310 2764 2878 2835 Rerumpuhlicarum
2903 2764 3175 2837 scriptore
3215 2765 3505 2819 diversum
3530 2783 3640 2820 esse
3668 2781 3784 2816 cen-
3856 2767 3857 2772 ’

2251 2858 2349 2904 set.
2396 2850 2728 2922 Quanquam
2754 2851 2915 2905 aliter
2949 2852 3128 2905 visum
3163 2851 3601 2907 Schneidewino
3645 2849 3784 2922 (Phi-

2252 2935 2491 3009 lologus,
2518 2935 2647 2991 fasc.
2688 2955 2709 2990 1
2739 2936 2862 2993 init.
2886 2936 2904 3010 )

2963 3068 3090 3123 116.

2330 3197 2532 3253 Pollux
2558 3198 2648 3270 X,
2702 3195 2807 3253 165
2845 3215 2859 3255 :
2900 3195 3006 3254 Καὶ
3039 3193 3161 3253 ὅταν
3211 3199 3264 3254 έν
3309 3196 3644 3274 Ἀχαρνεῦσιν
3676 3197 3779 3273 εἴπῃ

2253 3280 2901 3361 Ἀριστοφάνης-ἀχάνας
2931 3281 3205 3361 χρυσίου
3234 3327 3251 3354 ,
3307 3283 3368 3341 τὸ
3416 3286 3625 3361 ἀγγεῖον
3675 3283 3781 3342 ἴσως

2257 3367 2530 3444 Περσικόν·
2558 3367 2680 3426 ἔνιοι
2701 3368 2754 3426 δὲ
2782 3365 2874 3438 τὴν
2889 3367 3139 3446 θεωρικὴν
3160 3368 3343 3439 κίστην
3361 3368 3499 3427 οὕτω
3523 3369 3778 3437 κεκλῆσθαι

2253 3453 2540 3528 νομίζουσιν
2557 3477 2571 3491 ·
2601 3456 2654 3511 έν
2681 3453 2736 3512 δὲ
2764 3454 3140 3532 Ἀριστοτέλους
3183 3454 3542 3534 Ὀρχομενίων
3569 3452 3777 3527 πολιτεία
3852 3459 3853 3522 J

2254 3539 2436 3619 μέτρον
2465 3540 2574 3598 ἐστὶ
2596 3541 2975 3619 τετταράκοντα
3004 3540 3156 3600 πέντε
3173 3542 3448 3618 μεδίμνους
3466 3547 3664 3622 χωροῦν
3688 3539 3776 3599 Ἀτ-

2255 3650 2443 3692 τικους.

2246 3795 2448 3843 chorum
2467 3795 2668 3856 lyricum
2687 3795 2756 3844 ait
2774 3794 2926 3843 tilium
2958 3808 3060 3844 esse
3091 3795 3281 3845 Hesiodi
3302 3808 3330 3843 e
3356 3796 3592 3857 Clymene
3611 3795 3770 3846 natum,
3850 3783 3851 3786 ¹

2248 3871 2588 3933 Amphipbanis
2609 3874 2658 3921 et
2685 3872 2967 3933 Ganyctoris
2996 3885 3183 3931 sorore,
3203 3872 3473 3934 Phegeique
3490 3872 3605 3922 filia.
3850 3877 3851 3952 ᾗ

2311 3955 2505 3999 Ascram
2522 3950 2665 3999 etiam
2704 3952 2824 3999 tunc
2840 3950 3080 4000 desertam
3111 3951 3255 4000 fuisse
3280 3952 3576 4000 Plutarchus
3593 3948 3735 3998 nami
3748 3979 3760 4000 ,
3850 3955 3851 3962 ’

2249 4025 2415 4075 incolis
2434 4039 2464 4074 a
2486 4026 2852 4088 'thespiensibus
2868 4026 3146 4088 trucidatis,
3162 4027 3318 4089 iisque
3334 4027 3419 4089 qui
3446 4030 3650 4088 stragem
3665 4023 3764 4071 effu·

2245 4105 2437 4164 gerant,
2474 4104 2537 4153 ab
2573 4103 2907 4154 Orchomeniis
2940 4104 2989 4153 in
3028 4104 3196 4154 urbem
3228 4105 3447 4167 receptis.
3478 4106 3619 4155 Unde
3643 4102 3763 4151 eliam

2243 4181 2387 4230 deum
2413 4182 2745 4231 Orchomeniis
2762 4181 3045 4244 imperasse,
3071 4186 3125 4232 ut
3143 4182 3334 4232 Hesiodi
3357 4183 3573 4246 reliquiis
3587 4179 3762 4244 potiren-
3848 4207 3849 4224 2

2245 4260 2327 4306 tur
2360 4271 2538 4320 easque
2576 4258 2705 4320 apud
2748 4258 2874 4319 ipsos
2913 4259 3136 4320 sepulcro
3175 4258 3453 4309 conderent.
3496 4258 3655 4309 Tradit
3687 4254 3763 4301 boc
3848 4227 3849 4272 ί

2243 4335 2389 4383 etiam
2452 4334 2757 4398 Aristotcles,
2815 4333 2901 4396 qui
2953 4334 3387 4384 Orchomeniorum
3444 4333 3760 4399 rempublicam

2241 4411 2441 4472 scripsit.

2308 4486 2575 4537 Aristoteles
2605 4486 2654 4536 in
2683 4487 3109 4538 Orchomeniorum
3146 4500 3246 4549 rep.
3280 4486 3539 4536 Hesiodum
3566 4484 3669 4536 dicit
3702 4480 3759 4528 bis

2240 4564 2479 4625 sepultum
2493 4599 2508 4624 ‚
2526 4566 2671 4625 atque
2686 4564 2834 4614 hocce
2849 4566 3048 4614 nactum
3061 4564 3350 4626 epigramma
3374 4576 3477 4615 esse
3496 4583 3511 4614 =
3846 4581 3847 4596 ³

2343 4681 2484 4734 salve,
2505 4681 2668 4725 iterum
2684 4680 2926 4736 pubescens
2951 4691 3005 4724 ac
3027 4679 3095 4724 bis
3111 4678 3305 4732 condite,
3322 4679 3438 4723 salve
3450 4712 3465 4733 ,

2399 4749 2610 4802 nonime,
2632 4748 2839 4793 humanae
2863 4748 2938 4803 qui
2958 4747 3117 4792 modus
3143 4759 3191 4792 es
3207 4747 3385 4803 sophia.

2956 4864 3075 4914 116.

2300 4985 2490 5034 Aeliane
2562 4983 2611 5032 in
2683 4982 2950 5034 Aristotelis
3022 4982 3281 5043 Republica
3352 4976 3749 5028 Orcliomeniorum

2237 5075 2458 5110 mensura
2495 5064 2592 5123 cst,
2614 5073 2725 5123 quae
2764 5060 2973 5109 continet
3012 5058 3322 5121 quadraginta
3354 5057 3566 5118 quinque
3597 5049 3752 5101 modios

2240 5140 2437 5191 Atticos.
