3900 6042
1519 446 2010 517 FRAGMENTA.

181 567 449 645 Αἰγύπτιοι
465 611 480 640 ,
505 566 637 624 ἀλλὰ
654 572 762 647 πῦρ
785 593 840 627 τε
870 571 957 627 καὶ
982 571 1116 653 ὕδωρ
1136 617 1152 649 ‚
1175 578 1243 640 ὡς
1267 576 1545 657 φιλόσοφοι.
1572 580 1721 639 Μετὰ

182 651 367 719 πολλὰς
409 654 581 730 μέντοι
635 652 848 734 ὕστερον
892 660 1158 736 περιόδους
1200 662 1331 720 ἐτῶν
1371 666 1720 744 ἀνθρωποειδῆ

182 740 451 816 ἀγάλματα
488 739 657 798 σέὸειν
687 742 874 808 αὐτοὺς
907 744 1188 823 Βήρωσσος
1215 750 1270 806 ἐν
1301 749 1447 830 τρίτῃ
1485 754 1718 812 Χαλδαῖ-

180 830 279 883 κῶν
308 826 616 905 παρίστησι,
659 834 813 887 τοῦτο
857 829 1193 911 Ἀρταξέρξου
1233 840 1323 893 τοῦ
1373 838 1592 919 Δαρείου
1629 844 1718 898 τοῦ

179 910 346 990 Ὤχου
364 913 778 991 ιίσηγησαμένου
795 961 811 987 ,
834 914 887 981 ὃς
908 921 1109 994 πρῶτος
1132 924 1221 985 τῆς
1240 920 1538 1001 Ἀφροδίτης
1558 922 1719 993 Ἀναί-

178 1000 303 1064 τιδος
327 998 385 1056 τὸ
409 999 624 1076 ἄγαλμα
668 1001 965 1073 ἀναστήσας
985 1005 1036 1061 ἐν
1066 1005 1344 1065 Βαὸυλῶνι
1380 1009 1471 1067 καὶ
1500 1011 1716 1077 Σούσοις

176 1084 260 1142 καὶ
284 1084 649 1158 Ἐκὸατᾶνοις,
683 1087 913 1166 Πέρσαις
934 1090 1024 1148 καὶ
1052 1091 1304 1172 Βάκτροις
1331 1096 1421 1154 καὶ
1444 1100 1715 1179 Δαμασκῷ

176 1170 258 1229 καὶ
279 1171 533 1250 Σάρδεσιν
560 1172 790 1241 ὑπέδειξε
815 1172 1006 1237 offlam.

856 1282 924 1336 16
966 1301 1018 1341 a.

249 1380 476 1455 Hesych.
512 1381 887 1462 εΣαραχήρω,
930 1382 1077 1464 παρὰ
1115 1388 1387 1469 Βηρωσσῷ
1436 1394 1470 1463 ἡ
1519 1393 1713 1469 κοσμή-

174 1485 281 1542 (ρια
308 1469 395 1532 τῆς
418 1465 610 1546 Ἥρας.

226 1703 459 1752 TABULA
493 1705 715 1754 REGUM
748 1707 860 1762 QUI
889 1709 955 1755 IN
988 1710 1378 1763 FRAGMENTis
1416 1716 1639 1767 BEROSI

693 1781 1161 1831 MEMORANTUR.

174 1882 238 1919 10
275 1882 425 1939 reges
446 1877 576 1921 ante
593 1866 895 1937 diluvium,
918 1869 989 1925 ab
1008 1871 1184 1927 Aloro
1203 1874 1275 1930 ad
1296 1877 1394 1931 Xi-

356 1954 607 2007 suthrum
614 1994 1255 2018 ...........
1353 1982 1440 2019 an.
1480 1966 1707 2029 432000

172 2033 547 2096 Εΰιωιοῦε.’.
597 2082 614 2098 .
656 2081 672 2099 .
720 2060 813 2100 an.
855 2047 1030 2106 2400.

169 2120 579 2182 (ἶιοωειιέωε.
611 2167 624 2180 .
663 2168 675 2180 .
719 2145 812 2186 an.
859 2145 1032 2196 270⁰·

1131 2144 1203 2197 86
1268 2163 1448 2220 reges,
1515 2146 1705 2212 34080

170 2208 235 2273 84
275 2211 360 2265 alii
379 2230 558 2286 reges.
595 2253 608 2266 .
654 2252 668 2266 .
712 2231 804 2270 an.
853 2214 1068 2287 28980.

170 2303 201 2358 8
239 2307 448 2376 tyranni
476 2306 629 2361 Medi
637 2345 1156 2369 .........
1186 2317 1297 2375 224
1339 2313 1444 2367 vel.
1593 2313 1703 2380 234

169 2390 318 2467 (Sec.
352 2393 596 2462 Syncell.
651 2395 944 2450 Zoroaster
989 2409 1049 2452 et
1087 2410 1295 2472 septem
1340 2404 1458 2468 ejus

363 2499 714 2540 successores.
757 2501 849 2541 an.
902 2482 1050 2558 190)

168 2576 224 2615 11
268 2581 419 2639 reges
424 2605 814 2625 .......
852 2567 982 2643 (see.
1004 2590 1183 2646 marg.
1210 2591 1305 2628 an.
1335 2574 1437 2648 48)

168 2656 234 2722 Ιι9
271 2670 420 2726 reges
441 2654 685 2710 Chaldaei
694 2698 1366 2718 ...........
1432 2703 1445 2717 .
1592 2660 1703 2726 458

201 2755 235 2809 9
271 2756 422 2813 reges
443 2742 659 2796 Arabes
666 2785 1438 2806 .............
1588 2748 1701 2814 245

165 2823 231 2886 45
270 2844 420 2900 reges
444 2826 715 2905 (Assyrii)
720 2871 1439 2893 ............
1588 2832 1701 2891 526

162 2909 392 2968 Pactus.

156 2995 564 3055 Sanmnmans
569 3041 1436 3067 ..............
1624 3007 1692 3064 81

215 3105 350 3156 frater
371 3109 677 3160 salechan-ibi

216 3176 397 3238 nagisas
413 3192 497 3240 per
521 3179 716 3242 triginta
740 3182 927 3233 circiter
950 3181 1053 3233 dies
1107 3206 1361 3270 Babylonis

213 3247 455 3296 marodach
492 3249 782 3314 Rundanas,
807 3259 837 3302 6
866 3265 1053 3303 mcum
1170 3269 1347 3317 μωραὶ

207 3314 359 3365 Elibas
387 3318 485 3371 ΓΙ,
510 3330 593 3367 an·
1063 3139 1168 3451 ξος
1173 3329 1378 3392 tyranni.

212 3385 471 3437 ason-danus
487 3423 502 3448 ,
534 3385 844 3441 Senecharibi
867 3391 993 3442 filius

154 3493 479 3549 Asusamus
496 3513 514 3562 ;
534 3494 770 3553 Senech.
792 3493 873 3551 fil.
899 3496 966 3573 (i.
987 3515 1049 3570 q.
1066 3494 1475 3571 asarhaddon)
1660 3495 1696 3550 8

156 3576 494 3635 Sinnucnzs
498 3620 1473 3641 ...............
1621 3599 1689 3639 21

150 3662 607 3725 &ammi-auus
645 3687 690 3723 s,
734 3670 959 3725 Sarasus
975 3711 993 3740 ,
1031 3670 1381 3745 Sammughis

337 3752 507 3809 frater
541 3753 753 3826 (ultim.
786 3773 887 3810 rex
909 3754 1135 3828 Assyr.)
1141 3795 1473 3814 ......
1622 3774 1687 3810 2ι

150 3837 638 3899 Νηουωεωιοε
642 3882 1472 3901 ..............
1620 3862 1694 3897 20

148 3923 640 3997 Νηυοουιοεοοιι,
667 3929 1090 4003 Nabopalassari
1112 3928 1189 3986 fil.
1218 3974 1231 3987 .
1271 3973 1283 3987 .
1332 3973 1345 3988 .
1396 3974 1407 3987 .
1462 3973 1476 3986 .
1621 3928 1693 3994 43

149 4013 680 4072 Annuunocnus
687 4059 1471 4074 .............

147 4098 551 4158 Namonsnus
558 4142 1082 4159 .........
1088 4142 1093 4147 ·
1135 4136 1173 4160 .>
1200 4146 1470 4162 .....
1660 4110 1691 4169 4

146 4186 749 4248 Lmonosoucnonus.
800 4234 1076 4248 .....
1136 4234 1150 4248 .
1199 4192 1478 4247 mensibus
1656 4210 1694 4264 9

142 4272 472 4335 Nummus
475 4318 1276 4337 .............
1323 4280 1481 4335 annis
1625 4276 1689 4349 ¹77

144 4358 321 4416 Curuus
322 4402 1388 4425 .................
1449 4411 1464 4423 .

144 4435 419 4498 Οικιιτσεε
426 4481 1474 4503 .................
1657 4444 1691 4499 8

150 4521 362 4581 Diuus
370 4570 1296 4589 ...............
1295 4536 1319 4553 “
1345 4573 1361 4589 .
1406 4574 1422 4589 .
1466 4571 1480 4584 .
1622 4529 1694 4586 36

3233 485 3346 541 509

1808 622 2252 682 FRAGMENTA
2318 628 2495 700 QUAE
2535 635 2637 688 AD
2700 636 3228 702 AsmoNoMlAM
3269 648 3358 705 ET

2081 728 2602 790 AsTRoLoomM
2663 739 3044 802 SPECTANT.

2541 856 2562 891 1
2578 858 2607 909 7
2619 881 2630 893 .

1883 934 2167 991 Vitruvius
2189 939 2303 1007 lx,
2343 959 2366 994 1
2398 938 2471 1016 (4)
2507 960 2520 995 t
2553 945 2812 1013 Berosus,
2842 954 2953 1020 qui,
2991 970 3030 1005 a
3052 953 3353 1013 Chaldaeo-

1806 1037 1925 1072 rum
1964 1027 2178 1078 civitate
2203 1029 2313 1079 sive
2333 1033 2556 1083 natione
2565 1051 2904 1104 progressus,
2941 1040 2997 1090 in
3024 1043 3164 1095 Asia
3189 1049 3354 1098 etiam

1800 1107 2149 1182 disciplinam
2161 1110 2446 1184 patefecit,
2481 1122 2560 1171 ita
2574 1132 2655 1172 est
2659 1119 2958 1194 professus,
2987 1123 3242 1203 (lunam)
3263 1137 3356 1203 pi-

1803 1196 1917 1249 lam
1954 1215 2070 1251 esse
2089 1218 2164 1252 ex
2183 1200 2418 1256 dimidia
2434 1217 2603 1277 parte
2620 1210 2970 1279 candentem,
3006 1217 3222 1288 reliqua
3248 1218 3353 1272 ha·

1801 1282 1927 1335 bere
1955 1287 2194 1340 caeruleo
2214 1289 2409 1343 colore.
2496 1292 2878 1360 Quum-autem
2905 1316 3118 1354 cursum
3147 1309 3356 1360 itineris

1797 1374 1885 1421 sui
1894 1384 2177 1442 peragens
2201 1374 2404 1428 subiret
2432 1375 2616 1432 orbem
2660 1384 2817 1451 solis,
2865 1395 2991 1437 tunc
3017 1405 3142 1441 eam
3184 1393 3356 1445 radiis

1798 1465 1855 1507 et
1894 1459 2098 1527 impetu
2133 1461 2336 1513 caloris
2373 1469 2599 1536 corripi,
2651 1473 2990 1541 convertique
3028 1476 3351 1531 candentem

1793 1552 2020 1613 propter
2043 1550 2161 1612 ejus
2173 1552 2547 1618 propietatem
2579 1552 2798 1607 luminis
2824 1557 2907 1607 ad
2930 1558 3133 1617 lumen.
3173 1563 3351 1632 Quum

1796 1640 1979 1681 autem
2008 1648 2077 1682 ea
2109 1645 2333 1686 evocata
2357 1638 2439 1689 ad
2460 1640 2590 1692 solis
2614 1640 2770 1694 orbes
2793 1648 3078 1715 superiora
3113 1662 3346 1719 spectet,

1797 1725 1923 1769 tunc
1961 1713 2274 1784 inferiorem
2300 1734 2528 1793 partem
2566 1730 2685 1794 ejus
2698 1767 2709 1787 ‚
2761 1729 2912 1798 quod
2950 1732 3194 1786 candens
3236 1754 3346 1789 non

1794 1808 1889 1872 sit,
1930 1820 2165 1881 propter
2187 1816 2332 1865 aeris
2373 1814 2777 1866 similitudinem
2822 1816 3106 1872 obscuram
3148 1821 3348 1879 videri.

1799 1890 1977 1961 Quum
2005 1895 2088 1950 ad
2099 1897 2552 1968 perpendiculum
2579 1909 2775 1966 exstet,
2815 1902 2897 1953 ad
2917 1908 3036 1971 eJ‘us
3059 1905 3241 1959 radios
3267 1920 3351 1962 to-

1797 1989 1908 2031 tum
1940 1980 2123 2035 lumen
2161 1984 2243 2036 ad
2263 1989 2592 2056 superiorem
2624 1991 2861 2057 speciem
2888 1994 3116 2043 retineri
3140 2005 3195 2046 et
3221 2006 3350 2047 tunc

1794 2072 2135 2139 eamvocari
2153 2075 2423 2140 primam.
2510 2072 2690 2143 Quum
2721 2077 3047 2145 proeteriens
3078 2078 3245 2132 vadit
3272 2083 3354 2135 ad

1791 2136 2018 2207 orientis
2042 2157 2174 2209 coeli
2186 2169 2406 2228 μαι-τες,
2442 2159 2696 2212 relaxari
2721 2158 2795 2212 ab
2824 2164 3029 2232 impetu
3049 2165 3179 2216 solis
3193 2206 3209 2233 ,
3238 2185 3348 2220 ex-

1797 2248 2138 2313 tremamque
2177 2247 2297 2311 ejus
2319 2254 2544 2316 partem
2576 2245 2895 2299 candentia.-
2933 2249 3138 2319 oppido
3179 2271 3346 2323 quam

1796 2330 1945 2379 tenui
1995 2328 2146 2382 linea
2178 2330 2261 2382 ad
2298 2341 2498 2384 terram
2539 2336 2750 2385 mittere
2779 2334 3152 2405 splendorem,
3188 2344 3348 2393 etita

1792 2430 1866 2465 ex
1900 2431 1966 2467 eo
2010 2432 2133 2468 eam
2164 2418 2460 2471 secundam
2494 2423 2709 2474 vocari.
2797 2421 3137 2488 Quotidiana
3162 2438 3345 2481 autem

1792 2505 2116 2555 versationis
2139 2507 2451 2558 remissione
2479 2509 2713 2571 tertiam,
2752 2518 3007 2579 quartam
3033 2513 3092 2561 in
3115 2510 3235 2565 dies
3250 2532 3347 2567 nu·

1681 2600 1703 2625 υ
1793 2592 2011 2643 merari.
2090 2588 2335 2661 Septimo
2356 2590 2450 2644 die
2473 2592 2563 2644 sol
2586 2609 2750 2663 quum
2774 2596 2850 2644 sit
2870 2593 2952 2645 ad
2975 2597 3303 2653 occidentem
3319 2639 3337 2665 ,

1794 2673 1926 2725 luna
1954 2686 2136 2729 autem
2174 2681 2319 2729 inter
2358 2681 2622 2731 orientem
2669 2690 2725 2732 ct
2753 2680 3086 2735 occidentem
3129 2685 3345 2738 medias

1792 2759 1919 2811 coeli
1940 2770 2127 2815 teneat
2141 2767 2417 2833 regiones,
2452 2764 2601 2835 quod
2622 2764 2864 2819 dimidia
2887 2778 3052 2838 parte
3072 2771 3202 2821 coeli
3217 2789 3343 2843 spa-

1792 2848 1869 2897 tio
1893 2845 2057 2900 distet
2081 2867 2120 2901 a
2142 2851 2287 2914 sole,
2318 2853 2446 2902 item
2472 2850 2762 2904 dimidiam
2788 2853 3102 2906 candentia·
3127 2873 3343 2910 conver-

1789 2947 1911 2984 sam
1929 2928 2136 2988 habere
2154 2936 2235 2988 ad
2253 2946 2474 2992 terram.
2545 2939 2716 2992 Jnter
2732 2938 2901 2992 solem
2928 2956 3058 2993 vero
3081 2953 3140 2995 et
3154 2943 3342 2998 lunam

1792 3036 1955 3091 quum
1982 3020 2152 3075 distet
2175 3033 2340 3077 totum
2370 3023 2561 3076 mundi
2577 3028 2819 3097 spatium
2833 3064 2850 3092 ‚
2879 3036 2938 3078 et
2962 3027 3095 3080 luna
3121 3034 3344 3084 orientis

1790 3105 1974 3160 orbem
2011 3109 2143 3163 solis
2167 3114 2540 3182 retius-piciens
2554 3119 2729 3183 'quum
2759 3116 2964 3166 transit
2990 3114 3073 3166 ad
3094 3117 3339 3170 occiden-

1792 3202 1899 3245 tem
1915 3234 1932 3262 ‚
1961 3211 2086 3248 eam
2123 3198 2270 3268 quod
2298 3199 2517 3271 longius
2565 3198 2713 3251 absit
2745 3216 2784 3252 a
2812 3200 2984 3253 radiis
3020 3207 3304 3259 remissam
3321 3245 3338 3274 ,

1789 3290 1991 3350 quarta
2014 3280 2228 3335 decima
2270 3282 2361 3337 die
2389 3286 2569 3356 plena
2600 3296 2720 3339 rota
2758 3291 2920 3339 totius
2945 3287 3091 3341 orbis
3128 3295 3343 3345 mittere

1787 3365 2128 3436 splendorem
2147 3408 2166 3437 ,
2212 3371 2549 3443 reliquosque
2593 3370 2712 3425 dies
2752 3371 3121 3428 decrescentia
3170 3383 3341 3448 quoti·

1788 3450 1965 3506 diana
1993 3454 2075 3507 ad
2090 3450 2486 3527 per-sectionem
2518 3458 2725 3511 lunaris
2755 3464 2980 3527 mensis,
3012 3468 3341 3517 versationi-

1790 3538 1886 3591 bus
1913 3550 1973 3593 et
1995 3557 2154 3595 cursu
2167 3580 2183 3610 ,
2229 3560 2267 3595 a
2299 3545 2415 3597 sole
2443 3545 2870 3598 revocationibus
2906 3547 3089 3601 subire
3130 3559 3299 3604 totam
3313 3591 3327 3616 ,

1785 3624 2080 3698 radiosque
2105 3632 2224 3698 ejus
2241 3633 2411 3684 etiam
2435 3641 2740 3685 menstruas
2756 3632 2965 3687 dierum
2992 3631 3217 3707 efficere
3242 3655 3337 3691 ra·

1786 3714 1977 3767 tiones.

2541 3814 2563 3849 ι
2574 3794 2628 3853 8.

1866 3896 2116 3953 Stobaeus
2138 3900 2330 3974 Eclog.
2357 3902 2516 3975 phys,
2539 3921 2597 3975 p.
2629 3900 2740 3958 552
2764 3902 3043 3963 ed.Heer.
3071 3922 3086 3962 :
3115 3907 3340 3984 Bnpwc-

1659 4036 1691 4071 2
1736 3989 1744 4011 ⁸
1784 3978 1872 4047 σὸς
1898 3981 2230 4062 ἡμιπύρωτσν
2254 3988 2475 4064 σφαῖραν
2503 3983 2595 4055 τὴν
2621 3984 2841 4057 σελήνην
2870 3978 3032 4066 (εἶναί
3057 3995 3253 4067 φησιν).

1863 4071 1949 4125 Id.
1984 4071 2123 4128 ibid.
2151 4091 2208 4146 p.
2236 4071 2348 4128 556
2382 4092 2395 4128 :
2426 4071 2706 4149 Βηρωσσὸς
2742 4072 2868 4130 ἴδιον
2898 4073 3059 4145 αὐτὴν
3087 4074 3211 4152 (τὴν
3248 4098 3337 4134 σε-

1785 4153 1980 4233 λήνην)
2006 4155 2142 4234 ἔχειν
2170 4160 2296 4236 φῶς.

2515 4265 2602 4320 19.

1860 4356 2142 4412 Plutarch.
2176 4359 2259 4412 De
2292 4357 2479 4430 placit.
2528 4358 2670 4431 phil.
2719 4360 2808 4428 11,
2855 4377 2929 4433 29
2965 4378 3025 4433 p.
3071 4359 3207 4435 891,
3239 4366 3284 4419 Ε
3315 4385 3329 4419 :

1783 4440 2066 4519 Βηρωσσὸς
2096 4440 2231 4499 κατὰ
2265 4441 2361 4512 τὴν
2396 4442 2523 4520 πρὸς
2551 4447 2691 4520 ἡμᾶς
2723 4442 3037 4525 ἐπιστροφὴν
3071 4453 3159 4505 τοῦ
3200 4453 3329 4505 ἀπυ·

1785 4526 1948 4607 ρῶτου
2000 4525 2187 4606 μέρους
2240 4528 2345 4603 (sc.
2393 4532 2585 4587 lunam
2626 4530 2864 4588 deficere
2907 4536 3042 4607 ait).
3125 4537 3334 4592 Eadem

142 4683 290 4744 ignem
317 4693 367 4738 et
395 4702 574 4752 aquam
599 4705 706 4743 eane
730 4694 929 4744 deornm
964 4695 1222 4745 simulacra
1250 4697 1494 4758 putarunt.
1562 4697 1691 4754 Quin

141 4762 187 4808 Εἴ
216 4765 321 4823 Poet
350 4767 538 4830 aliquot
562 4770 740 4839 sagonia
768 4770 943 4821 deinde
972 4785 1054 4822 eoa
1083 4773 1285 4822 coluisse
1311 4774 1569 4823 simulacra
1600 4772 1691 4822 bu·

141 4849 276 4889 mana
291 4845 447 4905 specie
476 4847 677 4909 pmdita
693 4884 709 4908 ,
727 4850 1003 4900 ostenditin
1028 4851 1171 4900 tertio
1196 4851 1562 4901 chaldaicorum
1595 4855 1689 4902 Be·

2510 4724 2595 4773 18.

1842 4840 2045 4888 Berosus
2062 4838 2225 4886 lunam
2238 4850 2339 4888 csse
2352 4837 2623 4899 aitglobum
2642 4837 2835 4889 dimidia
2857 4851 2943 4888 sua
2961 4842 3096 4901 parte
3112 4839 3329 4902 ignitum.

141 4928 271 4969 rosus
284 4957 300 4983 ,
317 4935 527 4987 eumque
552 4939 737 4977 morem
754 4929 819 4978 ab
835 4933 1102 4979 Artaxerxe
1120 4930 1249 4980 Darii
1270 4931 1368 4980 filio
1383 4967 1398 4992 ‚
1422 4932 1543 4981 ochi
1574 4944 1688 4988 vem
1781 4951 1840 4961 —
1858 4927 2062 4976 Berosus
2079 4924 2246 4974 lunam
2267 4925 2505 4987 propriam
2524 4925 2614 4975 sibi
2633 4926 2792 4976 lucem
2815 4926 2990 4976 habere
3009 4928 3139 4979 dicit.

140 4996 294 5056 intre,
312 4998 638 5052 introductum
659 5004 801 5054 misse
822 5024 834 5055 ε
866 5008 1040 5055 etenim
1068 5007 1249 5068 primus
1266 5009 1475 5056 statuam
1494 5009 1692 5057 Veneris

141 5073 391 5139 Amitidis,
424 5093 572 5142 quam
605 5082 874 5144 Babylone,
907 5085 1041 5134 Susis
1070 5089 1120 5134 et
1148 5085 1401 5135 Ecbatanis
1433 5087 1684 5148 posuisset,

144 5150 291 5201 Persis
306 5155 355 5200 et
383 5155 562 5205 Bactris
579 5160 629 5207 et
660 5160 896 5209 Damasco
921 5162 973 5211 et
1002 5161 1163 5211 Sardis
1192 5162 1421 5226 exemplo
1439 5174 1527 5213 suo
1558 5175 1686 5225 prae·

153 5229 427 5279 monstravit
446 5244 546 5282 esse
564 5233 831 5284 colendam.

2498 5061 2581 5110 19.

1841 5165 2043 5214 Berosus
2064 5164 2263 5229 obversa
2286 5165 2420 5216 nobis
2438 5168 2571 5229 parte
2602 5166 2722 5227 ignis
2739 5167 2933 5229 experte
2953 5165 3078 5215 lunoe
3101 5165 3201 5217 sieri
3221 5166 3330 5215 ecli-

1780 5240 1881 5306 psin
1899 5241 1983 5292 ait.
