3900 6042
940 442 1596 583 CLYTUS
1681 443 2507 578 MILESIUS.

611 782 789 843 ΠΕΡΙ
829 784 1203 844 ΜΙΛΗΤΟΥ.

589 929 636 981 E
686 927 908 982 LIBRO
949 927 1204 981 PRIMO.

127 1078 132 1083 ’
198 1078 496 1134 Athenaeus
524 1074 695 1141 xlv,
724 1092 781 1146 p.
820 1070 968 1141 655,
993 1072 1038 1127 B
1069 1091 1084 1127 :
1120 1066 1319 1136 Κλύτος
1346 1072 1374 1127 δ
1399 1069 1681 1141 Μιλήσιος,

127 1158 499 1243 Ἀριστοτέλους
533 1157 592 1215 δὲ
623 1156 883 1234 μαθητὴς,
918 1159 970 1215 ἐν
998 1158 1073 1236 τῷ
1100 1155 1292 1237 πρώτῳ
1325 1154 1459 1237 Περὶ
1500 1156 1681 1228 Μιλή-

129 1273 211 1307 του
240 1247 426 1327 γράφει
454 1244 583 1323 περὶ
616 1247 786 1302 αὗτῶν
816 1243 1005 1311 οὕτως·
1044 1270 1068 1297 ιι
1103 1243 1239 1323 Περὶ
1267 1242 1322 1301 δὲ
1348 1242 1405 1302 τὸ
1426 1242 1562 1322 ἱερὸν
1589 1249 1682 1315 τῆς

135 1334 389 1413 Παρθένου
405 1334 461 1389 ἐν
478 1329 641 1411 Λέρῳ
655 1329 784 1389 εἰσὶν
800 1332 847 1388 οἱ
871 1328 1182 1407 καλούμενοι
1195 1330 1387 1410 ὄρνιθες
1402 1329 1680 1410 μελεαγρί·

135 1426 221 1489 δες.
248 1420 311 1480 Ὅ
336 1417 392 1477 δὲ
419 1416 587 1482 τόπος
612 1416 750 1476 ἐστὶν
778 1416 1003 1489 ἑλώδης,
1036 1418 1091 1475 έν
1117 1406 1161 1497 ᾧ
1188 1415 1478 1497 τρέφονται.
1519 1414 1682 1476 Ἔστι

135 1508 182 1567 δὲ
207 1507 454 1587 ἄστοργον
484 1504 620 1585 πρὸς
642 1503 709 1562 τὰ
731 1501 916 1579 έκγονα
937 1502 996 1560 τὸ
1011 1502 1183 1583 ὄρνεον
1204 1504 1296 1561 καὶ
1313 1505 1550 1583 ὀλιγωρεῖ
1577 1506 1679 1562 τῶν

135 1594 405 1675 νεωτέρων,
445 1590 591 1650 ὥστε
646 1590 846 1668 ἀνάγκη
901 1597 1006 1656 τοῖς
1059 1593 1278 1666 ἱερεῦσιν
1326 1591 1682 1666 ἐπιμελεῖσθαι

136 1686 313 1741 αὐτῶν.
339 1678 504 1760 Ἔχει
528 1676 587 1737 δὲ
615 1676 677 1736 τὸ
711 1676 807 1754 μὲν
830 1674 1040 1754 μέγεθος
1063 1676 1257 1757 ὄρνιθος
1287 1675 1554 1751 γενναίου,
1584 1677 1678 1747 τὴν

138 1768 185 1827 δὲ
208 1766 436 1849 κεφαλὴν
463 1764 661 1845 μικρὰν
698 1762 826 1844 πρὸς
858 1762 917 1821 τὸ
951 1767 1137 1837 σῶμα,
1165 1764 1254 1822 καὶ
1280 1761 1474 1834 ταύτην
1505 1763 1681 1844 ψιλὴν,

137 1857 210 1913 ἐπ’
248 1856 403 1926 αὐτῆς
442 1851 501 1911 δὲ
542 1851 704 1930 λόφον
746 1850 1011 1930 σάρκινον,
1043 1852 1299 1931 σκληρὸν,
1342 1852 1681 1931 στρογγύλον,

141 1941 363 2021 ἐξέχοντα
391 1944 486 2010 τῆς
509 1939 746 2021 κεφαλῆς
770 1935 949 2018 ὥσπερ
976 1938 1259 2010 πάτταλον,
1286 1937 1377 1996 καὶ
1398 1937 1457 1996 τὸ
1491 1942 1683 2017 χρῶμα

141 2028 376 2099 ξυλοειδῆ.
407 2026 556 2106 Πρὸς
588 2026 647 2084 δὲ
673 2029 789 2091 ταῖς
818 2025 1022 2103 γνάθοις
1049 2026 1154 2083 ἀπὸ
1180 2030 1272 2084 τοῦ
1300 2026 1557 2101 στόματος
1588 2028 1684 2105 ἄρ-

141 2114 347 2190 ξαμένην
377 2112 493 2173 ἀντὶ
521 2108 774 2189 πώγωνος
797 2110 1004 2192 μακρὰν
1040 2113 1212 2192 σάρκα
1238 2112 1328 2171 καὶ
1349 2111 1683 2193 ἐρυθροτέραν

143 2205 230 2259 τῶν
248 2202 468 2282 ὀρνίθων.
493 2199 618 2270 Τὴν
639 2198 694 2257 δὲ
716 2203 820 2266 τοῖς
842 2198 1034 2277 ὄρνισιν
1051 2198 1137 2257 ἐπὶ
1167 2201 1243 2279 τῷ
1274 2198 1452 2280 ῥύγχει
1479 2198 1684 2276 γινομέ-

144 2311 242 2359 νην,
262 2288 323 2358 ἣν
347 2287 472 2346 ἔνιοι
494 2284 731 2362 πώγωνα
756 2287 1022 2359 καλοῦσιν,
1040 2287 1133 2343 οὖκ
1147 2283 1257 2364 ἔχει
1270 2308 1283 2322 ·
1310 2286 1389 2343 διὸ
1406 2285 1496 2343 καὶ
1517 2283 1683 2364 ταύτῃ

144 2374 338 2434 κολοόόν
372 2377 502 2434 ἔστι.
531 2373 764 2452 Ῥύγχος
798 2372 852 2432 δὲ
890 2372 1125 2451 ὀξύτερον
1157 2373 1247 2430 καὶ
1284 2373 1456 2449 μεῖζον
1486 2370 1521 2442 ἢ
1549 2371 1684 2450 ὅρνις

151 2460 260 2539 ἔχει.
312 2460 597 2542 Τράχηλος
643 2460 841 2537 μέλας,
884 2457 1177 2538 παχύτερος
1227 2458 1317 2517 καὶ
1369 2457 1685 2540 βραχύτερος
1761 2528 1768 2533 θ

149 2552 236 2607 τῶν
270 2548 498 2628 ὀρνίθων.
569 2547 656 2608 Τὸ
700 2546 755 2605 δὲ
791 2549 945 2624 σῶμα
983 2546 1128 2604 ἅπαν
1167 2544 1424 2618 ποικίλον,
1466 2544 1685 2623 μέλανος

151 2633 273 2701 ὄντος
297 2640 382 2694 τοῦ
419 2632 705 2714 χρώματος
728 2631 881 2705 ὅλου,
911 2632 1112 2699 πτίλοις
1135 2634 1336 2698 λευκοῖς
1362 2632 1452 2690 καὶ
1478 2632 1684 2698 πυκνοῖς

154 2721 494 2797 διειλημμένου
526 2720 700 2798 [οὖΡ]
728 2718 931 2794 μείζοσι
972 2721 1172 2800 φακῶν.
1254 2709 1417 2777 Οὗτοι
1461 2718 1511 2775 δ’
1555 2717 1683 2776 εἰσὶν

155 2809 199 2864 ἐν
223 2807 420 2886 &neom
459 2810 508 2866 οἱ
549 2807 822 2866 κυκλίσκοι
863 2804 1054 2881 μέλασι
1091 2811 1180 2864 τοῦ
1211 2804 1333 2863 ὅλου
1376 2805 1681 2885 χρώματος·

155 2892 221 2949 διὸ
243 2892 327 2951 καὶ
348 2893 613 2952 ποικιλίαν
643 2893 757 2951 τινὰ
786 2894 833 2950 οἱ
865 2890 1051 2973 ῥόμὸοι
1083 2891 1436 2972 παρέχονται,
1467 2896 1555 2950 τοῦ
1587 2888 1682 2968 μὲν

125 3002 132 3015 ·
161 2972 355 3044 μέλανος
383 2971 591 3050 ἔχοντος
629 2972 927 3050 λευκότερον
957 2971 1016 3028 τὸ
1046 2973 1240 3050 χρῶμα
1256 3018 1272 3044 ,
1303 2976 1393 3029 τοῦ
1416 2970 1471 3029 δὲ
1498 2971 1682 3028 λευκοῦ

159 3056 276 3115 πολὺ
318 3059 654 3139 μελάντερον.
694 3056 775 3117 Τὸ
813 3056 866 3115 δὲ
908 3054 1046 3115 κατὰ
1076 3055 1168 3124 τὰς
1203 3057 1460 3137 πτέρυγας
1505 3059 1685 3121 αὐταῖς

156 3143 456 3203 πεποίκιλται
475 3146 653 3224 λευκῷ
670 3141 975 3224 πριονώδεσι
990 3142 1228 3222 σχήμασι
1245 3141 1576 3224 [πυρώδεσι]
1596 3140 1685 3199 καὶ

159 3232 267 3309 παρ’
289 3231 487 3304 ἄλληλα
516 3230 794 3307 κειμένοις.
821 3230 996 3301 Σκέλη
1027 3231 1081 3290 δὲ
1110 3232 1368 3313 ἄκεντρα,
1393 3230 1551 3306 ὅμοια
1581 3234 1684 3296 τοῖς

158 3320 405 3396 ὀρνιθείοις.
425 3318 815 3400 Παραπλήσιαι
835 3320 882 3378 δ’
903 3318 1031 3378 εἰσὶν
1053 3322 1108 3378 αῖ
1131 3320 1333 3390 θήλειαι
1348 3326 1452 3385 τοῖς
1476 3317 1683 3398 ἄρρεσι·

161 3402 227 3461 διὸ
244 3404 325 3462 καὶ
350 3404 717 3486 δυσδιάκριτόν
743 3407 853 3464 ἔστι
871 3404 931 3464 τὸ
958 3408 1060 3464 τῶν
1082 3404 1432 3484 μελεαγρίδων
1460 3403 1624 3481 γένος.
1660 3429 1685 3455 ν

161 3492 382 3551 Τοσαῦτα
413 3493 503 3551 καὶ
524 3497 560 3551 δ
585 3490 989 3572 περιπατητικὸς
1015 3491 1288 3572 φιλόσοφος
1315 3491 1434 3571 περὶ
1460 3493 1562 3548 τῶν
1592 3513 1686 3566 με·

163 3577 419 3657 λεαγρίδων
444 3579 739 3660 ἱστόρησεν.

228 3668 388 3724 Leros
409 3671 592 3725 insula
616 3688 646 3724 a
668 3669 895 3724 Milesiis
930 3679 1052 3724 erat
1085 3669 1283 3723 incolis
1312 3667 1681 3740 frequentata.

687 3834 791 3894 DE
831 3833 1136 3894 MILETO.

893 3950 909 3997 Ι

587 4049 636 4107 Ε
678 4047 911 4108 LIBRo
960 4046 1230 4105 PRIMO.

223 4152 377 4213 mnus
395 4156 633 4217 Milesius,
657 4157 929 4211 Aristotelis
960 4156 1427 4219 discipulus‚primo
1461 4153 1585 4202 libro
1617 4154 1687 4203 De

173 4225 314 4277 Mileto
330 4230 386 4280 de
404 4233 768 4296 meleagridibus
785 4234 852 4283 ita
870 4232 1035 4283 scribit
1056 4247 1068 4280 z
1094 4251 1118 4275 κ
1141 4231 1282 4281 circa
1304 4230 1466 4279 Dianai
1482 4228 1689 4291 virginis

173 4306 405 4370 templum,
434 4311 566 4373 quod
589 4312 697 4361 Lerl
725 4314 828 4373 est,
857 4324 973 4361 aves
1006 4312 1120 4361 sunt
1136 4323 1245 4372 quae
1264 4307 1572 4371 meleagrides
1597 4319 1685 4356 vo-

175 4387 337 4434 cantur„
374 4389 599 4439 Palustris
638 4390 773 4439 locus
806 4392 879 4439 oet
917 4389 966 4438 in
997 4402 1094 4452 quo
1133 4389 1346 4438 aluntur.
1387 4387 1547 4438 Pullos
1576 4398 1689 4434 suos

177 4461 291 4510 nullo
318 4467 485 4517 amoris
513 4468 690 4518 affectu
719 4470 1027 4530 prosequitur
1049 4468 1153 4516 liaec
1184 4466 1312 4527 avis,
1334 4468 1383 4515 et
1408 4467 1599 4516 teneros
1620 4464 1688 4513 ita

180 4537 375 4602 negligit,
418 4547 473 4592 ut
507 4544 776 4594 sacerdotes
821 4557 989 4594 curam
1029 4556 1194 4593 eorum
1238 4556 1400 4604 gerere
1446 4542 1684 4602 oporteat.

178 4614 423 4675 Magnitudo
453 4623 495 4669 ei
516 4624 589 4672 est
608 4622 820 4685 generosi
842 4623 952 4685 galli
981 4621 1253 4683 gallinacei3
1279 4622 1427 4684 caput
1448 4633 1535 4683 pro
1569 4629 1682 4667 eor·

75 4688 90 4701 ⁸
179 4691 289 4748 110ῑῆ
314 4697 433 4746 mole
451 4712 654 4761 parvum
670 4734 685 4759 ,
709 4700 933 4763 idemque
950 4700 1195 4762 glabrum3
1222 4712 1366 4762 super
1397 4699 1552 4761 capite
1574 4711 1688 4748 vero

182 4766 304 4819 hibet
318 4774 732 4828 cristamcarneam
745 4815 761 4840 ,
789 4778 962 4827 duram
976 4816 993 4840 ,
1018 4778 1303 4838 rotundam,
1323 4790 1434 4840 quae
1455 4790 1518 4826 ex
1533 4777 1689 4837 eapite

180 4846 334 4896 eminet
348 4851 489 4902 veluti
506 4855 700 4916 clavus,
719 4854 878 4904 colore
902 4854 1075 4917 ligneo.
1095 4854 1168 4904 Ad
1191 4854 1428 4914 maxillas,
1451 4854 1560 4902 loco
1577 4853 1681 4902 bar·

182 4917 270 4982 Μ»
285 4922 417 4978 babet
432 4932 679 4995 oblongam
702 4933 1011 4982 carunculam
1025 4968 1039 4993 ,
1061 4931 1124 4981 ab
1144 4945 1228 4981 ore
1254 4931 1573 4997 incipientem,
1603 4944 1685 4979 ru—

183 4992 414 5053 bmtiorem
443 5021 585 5069 qnam
606 5009 655 5059 in
670 5006 956 5071 gallinaceis.
978 5013 1136 5067 Quam
1159 5022 1274 5058 vero
1301 5009 1412 5072 galli
1438 5009 1686 5070 gallinacei

183 5074 316 5122 ΜΝ
330 5079 638 5135 adhaerentem
650 5085 857 5146 babent,
879 5098 1024 5147 quam
1044 5085 1241 5135 barbam
1255 5085 1471 5134 nonnulli
1486 5088 1660 5135 vocant
1671 5122 1685 5146 ‚

185 5145 342 5205 [Mine
364 5160 487 5217 pelea
504 5163 577 5211 vel
600 5166 814 5211 mentum
834 5162 1028 5224 dicitur,
1051 5162 1068 5225 ]
1089 5175 1196 5211 eam
1219 5176 1315 5212 non
1335 5162 1476 5212 habet
1491 5199 1505 5223 ‚
1536 5175 1688 5224 eaque

190 5228 302 5281 lime
329 5236 482 5285 mutila
513 5242 598 5288 est.
641 5242 862 5289 Rostrum
885 5253 998 5288 vero
1034 5241 1219 5289 acutius
1249 5243 1298 5291 ct
1333 5240 1490 5300 majus
1513 5240 1654 5289 babet
1673 5277 1687 5302 ,

1772 789 1852 843 Cf.
1869 788 2073 844 Strabo
2093 790 2245 858 XIV,
2273 808 2333 861 p.
2354 786 2489 845 635.
2510 790 2594 843 De
2612 789 2808 843 avibus
2825 789 2935 843 illis
2952 790 3145 844 Dianae
3160 795 3327 847 sacris

1772 874 1848 931 cf.
1877 876 2128 931 AElianus
2152 875 2225 934 fl.
2252 881 2359 932 An.
2380 877 2477 944 lv,
2503 883 2574 942 42
2590 916 2606 944 ,
2629 876 2729 930 ubi
2749 878 2896 932 inter
2914 877 3020 931 alia
3047 896 3061 931 ε
3087 871 3249 935 Ὅσοι
3272 877 3325 936 δὲ

1773 958 1876 1038 ἄρα
1905 961 2170 1018 αἰδοῦνται
2201 961 2260 1018 τὸ
2291 961 2445 1035 θεῖον,
2489 958 2581 1018 καὶ
2618 962 2664 1017 εἰ
2693 961 2893 1036 μᾶλλον
2929 959 3024 1032 τὴν
3061 960 3323 1040 Ἄρτεμιν,

1771 1048 1864 1103 οὐκ
1906 1046 1970 1104 άν
2004 1066 2130 1105 ποτε
2170 1049 2330 1107 τῶνδε
2372 1051 2475 1105 τῶν
2515 1046 2729 1126 ὀρνίθων
2762 1047 2848 1105 ἰπὶ
2888 1046 3080 1128 τροφὴν
3129 1051 3330 1128 προσά-

1771 1136 1983 1213 ψαιντο’
2020 1134 2110 1193 καὶ
2136 1134 2250 1205 ἥτις
2290 1139 2324 1205 ἡ
2358 1133 2535 1211 αἰτία,
2571 1132 2718 1192 ἴσασί
2752 1157 2810 1193 τε
2850 1137 2898 1193 οἱ
2920 1134 3027 1204 -τὴν
3060 1140 3215 1205 νῆσον
3245 1139 3327 1194 οἶ-

1770 1225 1980 1287 κοῦντες
2032 1221 2125 1292 τὴν
2177 1222 2364 1302 Λέρον,
2411 1220 2501 1279 καὶ
2548 1219 2716 1279 ἔνεστι
2772 1225 2955 1297 μαθεῖν
3012 1222 3322 1302 ἀλλαχόθεν.

1770 1310 2055 1366 Nicander
2082 1312 2231 1367 libro
2261 1311 2427 1366 tertio
2457 1311 2989 1382 Metamorphoseen
3018 1330 3112 1385 ap.
3141 1317 3326 1368 Anto-

1771 1396 1971 1450 ninum
2005 1396 2129 1452 Lib.
2163 1414 2214 1451 c.
2248 1395 2279 1450 3
2306 1407 2499 1451 narrat
2525 1414 2539 1450 τ
2583 1396 2657 1454 Αἱ
2682 1393 2737 1452 δὲ
2775 1395 2994 1475 ἀδελφαὶ
3026 1398 3185 1454 αὐτοῦ
3217 1398 3326 1471 (sc.

1770 1482 2040 1556 Meleagri
2077 1484 2175 1555 qui
2208 1485 2293 1538 ira
2331 1484 2523 1538 Dianae
2558 1482 2841 1559 perierat)
2877 1481 3023 1559 παρὰ
3068 1482 3131 1540 τὸ
3180 1486 3327 1558 σῆμα

1774 1566 2016 1646 ἔθρήνουν
2046 1567 2425 1640 ἀδιαλείπτως,
2456 1566 2605 1647 ἄχρις
2634 1567 2794 1633 αῧτὰς
2814 1565 3058 1645 Ἄρτεμις
3081 1568 3328 1649 ἁψαμένη

1775 1652 1954 1734 ράὸδῳ
1998 1654 2399 1734 μετεμόρφωσεν
2440 1657 2512 1721 εἰς
2560 1654 2760 1735 ὄρνιθας
2802 1655 2893 1713 καὶ
2944 1654 3205 1734 ἀπῴκισεν
3257 1659 3328 1723 εἰς

1774 1738 1938 1819 Λέρον
1959 1739 2055 1811 τὴν
2083 1741 2583 1818 νῆσον,ὄνομάσασα
2612 1743 2990 1821 Μελεαγρίδας.
3021 1749 3206 1801 Locus
3227 1746 3330 1800 ubi

1774 1831 2047 1903 templum
2074 1833 2266 1886 Dianae
2304 1833 2546 1905 Virginis
2575 1833 2752 1901 stetit,
2787 1834 2951 1888 etiam
2983 1848 3133 1887 nunc
3156 1850 3329 1886 voca-

1775 1920 1868 1963 tur
1897 1907 2178 1985 Παρθένοι.
2201 1911 2343 1967 Vide
2360 1912 2521 1965 Ross.
2543 1912 2743 1965 Reisen
2771 1910 2893 1982 aufl
2929 1909 2990 1969 d.
3013 1929 3101 1983 gr.
3128 1913 3325 1964 Inseln

1773 1997 1828 2050 11
1846 2037 1862 2063 ,
1890 2015 1952 2069 p.
2000 2015 2100 2052 121
2127 2016 2209 2070 sq.

2186 2102 2231 2156 E
2272 2103 2514 2158 LIBRIS
2556 2103 2911 2160 INCERTIS.

2066 2224 2074 2232 -
2515 2207 2570 2245 α.

1854 2276 2152 2330 Athenaeus
2171 2277 2283 2331 XII
2301 2317 2317 2345 ‚
2340 2296 2399 2350 p.
2428 2275 2570 2345 540,
2590 2277 2633 2333 C
2659 2294 2674 2333 τ
2702 2273 2902 2341 Κλύτος
2923 2274 2939 2354 (
2967 2274 3181 2340 Κλεῖτος
3200 2276 3331 2331 edd.

1774 2372 1903 2417 ante
1953 2362 2266 2436 Schweigh.
2290 2359 2306 2437 )
2355 2361 2401 2417 δ’
2443 2363 2470 2418 ὁ
2514 2359 2917 2439 Ἀριστοτελικὸς
2964 2362 3016 2417 ἐν
3063 2364 3167 2426 τοῖς
3212 2361 3332 2438 περὶ

1775 2444 2021 2516 Μιλήτου
2054 2448 2370 2527 Πολυκράτη
2399 2446 2526 2523 φησὶ
2545 2493 2560 2518 ,
2586 2446 2672 2503 τὸν
2700 2445 2921 2519 Σαμίων
2943 2445 3207 2526 τύραννον,
3232 2446 3332 2504 ὑπὸ

1773 2537 1969 2612 τρυφῆς
1993 2530 2061 2589 τὰ
2089 2532 2412 2611 πανταχόθεν
2439 2532 2708 2608 συνάγειν·
2743 2533 2900 2599 κύνας
2936 2531 3029 2607 μὲν
3060 2532 3112 2600 ἐξ
3143 2531 3328 2591 Ἠπεί-

1776 2641 1863 2697 ρου
1881 2664 1898 2695 ,
1925 2607 2079 2696 αἶγας
2106 2618 2160 2676 δὲ
2183 2621 2242 2676 ἐκ
2267 2618 2500 2698 Σκύρου,
2525 2620 2583 2676 ἐκ
2612 2618 2667 2676 δὲ
2696 2618 2936 2690 Μιλήτου
2960 2617 3203 2697 πρόὸατα
3223 2664 3239 2689 ,
3265 2610 3323 2684 ῦς

1775 2705 1829 2764 δὲ
1872 2706 1932 2763 ἐκ
1973 2706 2232 2771 Σικελίας.
2278 2709 2488 2764 Eadem
2529 2708 2700 2764 tradit
2743 2710 2929 2763 Alexis
2973 2708 3120 2762 libro
3162 2709 3330 2761 tertio

1773 2797 2093 2851 Samiorum
2132 2796 2433 2851 Annalium
2462 2794 2615 2868 apud
2649 2795 2854 2850 Athen.
2890 2794 2928 2849 l.
2962 2794 3000 2849 l.
3026 2796 3111 2848 De
3141 2795 3333 2847 ovium

1773 2893 1828 2939 et
1850 2884 1990 2938 lanae
2018 2884 2245 2939 Milesiae
2272 2883 2585 2957 praestantia
2607 2901 2662 2940 v.
2696 2883 2897 2938 Strabo
2920 2881 3066 2947 XII,
3097 2898 3154 2954 p.
3187 2878 3332 2949 5783

1772 2973 1985 3026 Plinius
2008 2972 2179 3040 VIII,
2214 2971 2310 3039 48,
2346 2970 2417 3040 73
2438 2991 2455 3039 ;
2477 2971 2693 3051 XXIX,
2719 2988 2776 3037 α,
2803 2988 2868 3043 9;
2896 2968 3094 3043 virgil.
3123 2969 3333 3043 Georg.

1772 3059 1881 3131 111,
1905 3057 2051 3128 3063
2090 3059 2189 3133 lv,
2213 3056 2356 3126 3343
2387 3058 2694 3114 Columella
2714 3058 2838 3125 vn,
2863 3075 2920 3125 a,
2954 3055 3007 3111 3.

1851 3232 2090 3305 Diogen.
2113 3235 2179 3287 L.
2220 3233 2276 3301 1,
2310 3229 2415 3301 25,
2443 3230 2516 3286 de
2540 3231 2768 3286 Thalete
2802 3230 3020 3287 Milesio
3050 3247 3069 3289 ε
3093 3229 3253 3288 Δοκεῖ
3278 3220 3355 3285 δὲ’

1773 3314 1862 3372 καὶ
1890 3316 1943 3373 ἓν
1976 3320 2083 3383 τοῖς
2117 3317 2405 3381 πολιτικοῖς
2433 3314 2621 3395 ἄριστα
2665 3314 3057 3393 βε6ουλεῦσθαι.
3097 3314 3329 3393 Κροίσου

1774 3406 1897 3479 γοῦν
1912 3402 2210 3483 πέμψαντος
2224 3401 2350 3482 πρὸς
2373 3402 2662 3474 Μιλησίους
2683 3400 2771 3459 ἰπὶ
2799 3401 3102 3480 συμμαχίᾳ,
3126 3401 3327 3458 ἐκώλυ·

1773 3511 1877 3547 σεν·
1902 3487 2050 3569 ὅπερ,
2072 3488 2246 3569 Κύρου
2269 3487 2647 3568 κρατήσαντος,
2670 3487 2835 3546 ἔσωσε
2865 3486 2957 3558 τὴν
2982 3488 3152 3545 πόλιν.
3180 3486 3330 3547 Κλύ-

1771 3600 1856 3643 τος
1874 3578 2033 3655 (olim
2061 3576 2150 3634 καὶ
2176 3575 2341 3652 αὐτὸς)
2365 3575 2421 3633 δέ
2448 3598 2627 3656 φησιν,
2653 3578 2721 3641 ὡς
2745 3574 3090 3656 Ἡρακλείδης
3111 3577 3328 3653 ἱστορεῖ,

1775 3663 1978 3743 μονήρη
2003 3664 2156 3722 αὐτὸν
2180 3661 2443 3740 γεγονέναι
2474 3662 2565 3721 καὶ
2592 3665 2849 3734 ἰδιαστήν.

1776 3843 1921 3893 quam
1936 3831 2257 3892 gallinaceus:
2280 3831 2463 3880 collum
2488 3831 2673 3892 nigrum
2688 3867 2704 3892 ,
2725 3828 2932 3879 crassius
2953 3831 3003 3878 et
3025 3828 3218 3878 brevius
3234 3828 3332 3890 gal·

1774 3907 1969 3956 linaceis
1993 3925 2006 3956 ε
2026 3920 2200 3970 corpus
2222 3920 2337 3956 vero
2360 3910 2515 3956 totum
2538 3908 2832 3968 variegatum
2849 3943 2865 3967 ,
2888 3906 3109 3955 universo
3133 3904 3329 3966 quidem

1691 3994 1700 4003 ·
1776 3985 1935 4035 colore
1955 3986 2131 4046 rubro,
2149 3985 2232 4035 sed
2259 3999 2317 4035 eo
2336 3986 2671 4047 frequentibus
2690 3983 2813 4032 albis
2840 3982 3044 4033 maculis
3067 3982 3294 4030 distincto
3312 4018 3327 4041 ,

1775 4061 1944 4125 [non]
1965 4062 2224 4123 maioribus
2243 4074 2390 4124 quam
2422 4062 2589 4111 lentes.
2612 4062 2782 4110 Insunt
2802 4062 2964 4109 autem
2985 4058 3033 4106 bi
3059 4057 3262 4106 orbiculi
3280 4060 3327 4106 in

1775 4138 2007 4200 rhombis,
2030 4139 2114 4201 qui
2131 4137 2280 4198 magis
2296 4138 2417 4200 nigri
2435 4140 2549 4187 sunt
2565 4150 2711 4199 quam
2731 4136 2862 4185 color
2884 4135 3146 4182 universus,
3169 4135 3329 4188 Quare

1775 4218 1920 4267 etiam
1939 4217 2027 4278 ipsi
2046 4215 2234 4265 rhombi
2254 4216 2535 4265 varietatem
2556 4213 2767 4275 aliquam
2799 4211 3013 4261 efficiunt
3035 4229 3046 4258 :
3069 4222 3222 4271 quum
3249 4208 3325 4270 id,

1775 4295 1904 4358 quod
1923 4296 1973 4343 in
1994 4293 2087 4342 illis
2109 4293 2299 4355 nigrum
2319 4296 2417 4352 est,
2439 4293 2563 4341 intra
2589 4304 2641 4341 se
2662 4290 2904 4339 contineat
2935 4287 3144 4336 colorem
3163 4285 3327 4334 candi-

1774 4374 1959 4424 diorem
1972 4391 1988 4435 ;
2011 4372 2061 4421 id
2084 4387 2197 4422 vero
2215 4370 2343 4434 quod
2373 4370 2564 4431 album,
2585 4370 2796 4418 colorem
2823 4366 2975 4416 multo
2997 4364 3268 4426 nigriorem.
3303 4384 3324 4406 n

1837 4541 2007 4602 Clytus
2029 4537 2354 4589 aristotelicus
2386 4537 2434 4586 in
2460 4536 2597 4586 libris
2616 4538 2688 4584 De
2714 4533 2878 4584 Mileto
2906 4529 3205 4593 Polycratem
3230 4527 3325 4587 ait,

1779 4617 2053 4670 Samiorum
2087 4616 2372 4676 tyrannum,
2396 4614 2541 4663 luxus
2565 4610 2723 4661 studio
2748 4607 2984 4672 quidquid
3005 4608 3131 4655 esset
3149 4604 3328 4664 ubique

1776 4694 1938 4746 nobile
1955 4696 2005 4743 et
2026 4694 2207 4741 clarum
2233 4691 2458 4753 coegisse,
2484 4700 2625 4739 canes
2650 4700 2711 4737 ex
2733 4685 2902 4748 Epiro,
2929 4695 3096 4745 capras
3112 4695 3140 4731 e
3158 4684 3323 4740 scyro,

1777 4776 1940 4827 Mileto
1959 4785 2092 4831 oves,
2111 4784 2219 4821 suae
2240 4784 2268 4819 e
2290 4770 2461 4820 Sicilia.

1837 4930 2037 4981 constat
2068 4927 2316 4978 Thaletem
2346 4926 2490 4974 etiam
2527 4920 2799 4985 reipublicae
2842 4912 3108 4965 commodis
3146 4909 3325 4973 optime

1776 5007 2086 5059 consuluisse.
2126 5006 2247 5054 Nam
2287 5013 2440 5064 quum
2476 4999 2680 5050 Milesios
2717 4998 2911 5046 croesus
2940 4990 3001 5039 ad
3046 4988 3321 5037 societatem

1775 5084 2031 5137 ineundam
2050 5082 2350 5143 sollicitaret,
2370 5079 2553 5130 obstitit
2578 5077 2657 5126 ille
2677 5095 2690 5124 ι
2711 5085 2860 5136 eaque
2880 5083 2954 5120 res
2978 5069 3172 5131 postea,
3196 5067 3323 5125 cyro

1777 5163 1975 5212 victoria
1989 5163 2158 5224 potito,
2172 5160 2299 5209 salus
2309 5157 2515 5207 civitatis
2533 5156 2636 5205 fuit.
2652 5154 2822 5214 clytus
2835 5162 2949 5198 vero
2963 5144 3146 5203 asserit,
3167 5146 3222 5191 ut
3232 5146 3321 5191 tra·

1775 5240 1844 5289 dit
1857 5238 2143 5298 Heraclides,
2160 5235 2416 5285 solitariam
2430 5246 2541 5284 eum
2565 5244 2620 5280 ac
2639 5229 2870 5292 privatam
2892 5225 3037 5274 vitam
3057 5221 3318 5270 adamasse.
