3900 6042
1475 496 1970 559 FRAGMENTA.

122 635 364 689 rinensis
388 633 483 688 ille
508 650 778 706 papyrus,
810 633 866 686 in
895 649 1011 703 quo
1036 642 1162 704 post
1194 647 1400 685 nomen
1419 630 1677 703 quintum

125 719 254 791 (vel
276 732 407 794 post
436 718 836 774 duodecimum
865 714 998 771 iude
1033 717 1105 771 ab
1144 717 1474 791 Hephaesto)
1502 733 1680 771 novus

121 806 279 862 ordo
307 809 555 880 incipere
583 797 808 862 dicitur.

870 930 927 979 4.

209 1042 470 1112 Excerpt.
498 1040 726 1098 Barbar.
764 1059 825 1114 p.
862 1048 934 1111 74
984 1060 997 1094 ι
1040 1042 1421 1112 AEgyptiorum
1450 1054 1678 1108 regnum

122 1132 428 1180 invenimus
454 1133 881 1182 vetustissimum
908 1131 1147 1183 omnium
1178 1142 1499 1196 regnorum3
1526 1129 1683 1192 cujus

126 1218 345 1267 initium
370 1207 475 1292 [ut]
494 1214 595 1267 sub
612 1214 951 1269 Manethono
978 1212 997 1289 (
1018 1209 1117 1268 ὑπὸ
1132 1209 1468 1284 Μανεθῶνος)
1485 1211 1686 1291 dicitur

124 1316 497 1352 memoramus
518 1301 773 1354 scribere.
806 1302 1048 1354 Primum
1075 1300 1295 1353 deorum
1326 1301 1423 1368 qui
1448 1297 1522 1350 ab
1550 1300 1684 1368 ipsis

119 1385 440 1439 scr-Ibuntur
442 1383 673 1454 faciam
691 1404 864 1461 regna
886 1393 968 1440 se'c
988 1382 1209 1464 (πρῶτον
1234 1383 1361 1438 θεῶν
1378 1382 1482 1437 τῶν
1510 1382 1683 1445 αὐτοῖς

122 1470 471 1547 γραφομένων
487 1474 692 1528 ποιοῦσι
721 1472 1018 1549 βασιλείας,
1044 1468 1232 1540 οὕτως,
1253 1463 1497 1542 Scalig.)
1532 1487 1546 1522 :

1261 1551 1525 1606 (Panodor.)

126 1617 494 1692 Hephaestiam
516 1622 707 1674 dicunt
723 1623 950 1694 quidam
973 1622 1134 1674 deum

210 1723 449 1776 regnare
473 1712 532 1759 in
552 1710 793 1781 AEgypto
810 1726 984 1762 annos
1009 1725 1133 1760 sex-

212 1802 395 1845 centos
414 1795 655 1852 LXXX.
1210 1789 1324 1846 680
1369 1786 1524 1863 (727)

124 1879 273 1933 Post
307 1878 452 1932 hunc
476 1881 658 1935 Solem
687 1880 903 1954 Iphestae'
934 1898 1109 1936 annos

214 1967 527 2021 LXXVH.
1249 1983 1321 2035 77
1407 1961 1529 2038 (80)

123 2056 275 2109 Post
336 2058 496 2108 istum
556 2055 882 2109 Osinosirim
945 2072 1119 2108 armos

218 2141 549 2198 CCCCXX.
1221 2144 1334 2203 420
1416 2135 1529 2211 (35)

128 2230 275 2282 Post
294 2228 437 2281 hunc
462 2230 609 2282 Oron
632 2228 1001 2283 Stoliarclmm
1030 2246 1133 2282 an·

216 2333 317 2369 nos
340 2316 643 2372 XXVIII.
1228 2312 1304 2367 28
1404 2308 1535 2387 [25]

126 2404 276 2458 Post
296 2401 439 2456 lumc
473 2403 740 2475 Typhona
765 2421 941 2457 annos·
964 2404 1028 2456 X
1028 2402 1141 2457 LV.
1239 2398 1313 2465 45
1412 2398 1528 2473 (²9)

221 2488 572 2562 Colligemtm·
585 2489 807 2543 deorum
831 2506 1006 2561 regna

219 2580 360 2628 anni
384 2579 535 2630 mille
556 2578 671 2633 DL.

128 2709 418 2779 Deinceps
441 2706 783 2761 Mitheorum
816 2701 1083 2781 (ἡμιθέων)
1113 2723 1290 2780 regna
1312 2709 1389 2758 sic
1418 2723 1437 2757 .·

126 2796 317 2849 Prota
343 2792 563 2870 (πρῶτα)
586 2791 812 2849 Anubes
837 2791 1111 2869 [Amasim
1122 2834 1136 2859 ,
1175 2796 1269 2866 qui
1294 2796 1466 2845 etiam
1515 2792 1689 2860 AEgr-

206 2884 459 2954 peiorum
466 2885 761 2955 scripturas
775 2878 1125 2956 composuit,]
1143 2897 1317 2934 annos
1333 2876 1662 2935 LXXXIII
1669 2917 1684 2934 .

130 2967 304 3044 [Post
334 2967 478 3021 hunc
514 2972 695 3042 Apion
731 2974 1150 3040 grammatIcus,
1199 2984 1357 3040 quem
1395 2966 1689 3019 secundum

220 3054 497 3108 Inachum
528 3054 680 3123 (κατ’
707 3050 945 3131 Ἴναχον)
975 3048 1688 3127 ἱηωῳνεταὸαειιν]““*“

219 3159 401 3196 annos
422 3143 736 3209 LXXVII,
765 3126 960 3219 [quem
980 3142 1080 3196 sub
1098 3144 1299 3212 Argios
1323 3145 1481 3194 initio
1495 3157 1689 3213 regna·

222 3225 456 3303 venena]

128 3318 280 3372 Post
298 3314 423 3368 hoec
448 3316 777 3386 Ecyniorum
803 3309 1059 3390 (νεκύων)
1096 3333 1253 3389 reges
1285 3317 1678 3387 interpretavit,

222 3401 492 3457 lmitheos
519 3420 727 3457 vocans
763 3414 820 3456 et
850 3408 1016 3475 ipsos,
1055 3420 1230 3457 annos
1263 3404 1373 3455 duo
1405 3402 1583 3455 millia
1612 3401 1685 3465 C,

204 3486 552 3560 fortissimos
583 3485 821 3564 (ἥρωας)
844 3508 1076 3547 vocans.

131 3582 291 3634 Haec
299 3576 447 3649 finis
470 3578 543 3629 de
562 3581 746 3649 primo
772 3588 918 3631 tomo
949 3575 1286 3632 Manethom‘
1322 3573 1532 3629 liabens
1559 3584 1666 3626 tem
1682 3603 1696 3614 ·

207 3682 364 3738 pota
390 3681 658 3717 annorum
682 3664 792 3719 duo
818 3665 1003 3718 millia
1033 3665 1098 3719 C.

220 3774 453 3829 Numeri
475 3774 712 3829 deorum
726 3775 1047 3830 nominibus
1060 3773 1323 3848 adscripti
1334 3792 1404 3828 ex
1423 3774 1699 3848 AEgyptiis

131 3862 310 3921 annis
349 3862 644 3916 menstruis
670 3862 924 3917 similiter
950 3880 1013 3917 ac
1042 3861 1360 3916 Panodorei
1394 3861 1697 3935 computati

128 3959 293 4007 sunt.
326 3946 656 4021 Excipiendi
684 3959 867 4003 tamen
890 3950 1021 4002 anni
1047 3948 1279 4004 Osiridis
1297 3959 1354 4003 et
1378 3947 1538 4003 Isidis
1561 3952 1693 4016 420,

130 4036 241 4108 qui
258 4045 534 4089 vetustum
555 4052 849 4089 numerum
864 4076 881 4104 ,
897 4035 1054 4089 annis
1074 4033 1147 4089 35
1172 4034 1269 4109 (ια
1291 4044 1361 4096 ><
1382 4034 1543 4090 35;-..
1559 4038 1692 4109 420)

128 4121 490 4178 Panodoreis
522 4121 952 4195 respondentem
988 4122 1273 4176 exhibent.
1316 4119 1526 4176 Procul
1552 4123 1699 4175 enim

129 4208 329 4265 dubio
360 4219 626 4282 utrosque
653 4227 855 4278 annos,
901 4220 957 4263 et
983 4206 1272 4282 AEgyptios
1299 4220 1357 4264 et
1393 4208 1698 4264 secundum

127 4295 527 4351 recentiorum
554 4295 701 4349 istud
737 4296 1005 4368 placitum
1028 4296 1315 4364 reductos,
1339 4296 1399 4349 in
1422 4295 1577 4349 sonte
1600 4312 1699 4349 suo

128 4381 424 4439 Barbarus
448 4383 659 4436 invenit
684 4394 1003 4454 temereque
1026 4384 1272 4451 miscuit3
1297 4383 1355 4437 id
1380 4381 1538 4453 quod
1561 4384 1699 4454 Syn-

130 4468 296 4524 cello
327 4484 556 4540 quoque
579 4469 637 4521 in
664 4467 1054 4524 Chaldaeorum
1081 4487 1277 4542 regum
1306 4470 1574 4523 laterculo
1603 4486 1701 4522 ac·-

124 4552 306 4609 cidit.
346 4583 423 4594 —
460 4554 584 4608 Jam
617 4555 660 4607 si
700 4572 808 4626 pro
840 4561 954 4620 420
981 4556 1307 4628 reponimus
1358 4554 1462 4623 35,
1491 4571 1704 4609 summa

128 4637 436 4707 conflatur
453 4659 545 4696 an.
573 4641 706 4698 863.
731 4642 949 4712 Quibus
970 4642 1219 4697 addendi
1246 4653 1373 4697 sunt
1399 4644 1533 4697 anni
1554 4645 1704 4715 Aga-

126 4724 523 4783 thodaemonis
550 4737 606 4781 et
629 4729 853 4782 Saturni
878 4746 911 4783 a
939 4728 1190 4785 Barbaro
1220 4730 1568 4786 omissorum.
1593 4730 1703 4783 Pa-

118 4813 404 4871 nodorus
425 4814 490 4867 iis
518 4813 713 4868 tribuit
748 4833 840 4873 an.
881 4833 977 4887 97.
1004 4818 1127 4870 Hoc
1154 4816 1329 4871 modo
1358 4817 1705 4871 nanciscere-

117 4918 273 4957 mur
303 4917 396 4954 an.
429 4899 542 4972 960
566 4899 710 4974 (pro
738 4899 1082 4956 Panodoreis
1102 4899 1270 4975 969),
1299 4903 1385 4956 vel
1413 4904 1706 4976 AEgyptios

897 5073 950 5122 5.

194 5159 324 5206 nme
345 5155 407 5205 de
427 5156 765 5218 antiquissimis
797 5156 980 5218 AEgypti
1015 5156 1204 5218 regibus
1234 5157 1458 5206 manetho
1476 5156 1694 5217 tradidit3

3199 500 3335 559 533'

1766 648 1941 685 annos
1963 632 2112 685 circa
2143 649 2166 684 ι
2182 627 2353 685 1520.
2376 632 2498 703 Ipse
2525 640 2723 685 auctor
2745 648 3014 685 summam
3039 633 3200 704 ponit
3220 651 3314 687 an·

1768 735 1871 770 nos
1912 718 2065 771 mille
2100 716 2243 790 (leg.
2274 722 2484 783 myricis
2510 716 2700 791 me'lle)
2743 719 2862 772 DL.
2892 718 3107 787 Quibus
3131 719 3319 774 verbis

1766 804 1811 856 si
1836 802 2102 857 reductos
2127 822 2302 858 annos
2332 801 2643 876 significare
2672 803 2963 871 voluisset,
2993 822 3206 859 summa
3235 805 3320 860 so-

1769 898 1854 943 ret
1876 890 2023 944 circa
2050 888 2233 943 18600
2254 884 2345 964 (¹⁴¹).
2364 888 2531 960 Quod
2553 906 2752 960 parum
2769 890 3080 961 probabile.
3101 891 3322 946 Diutius

1732 974 1918 1028 ‘hisce
1945 975 2214 1031 inhaerere
2234 978 2392 1030 nolo,
2429 977 2584 1030 Patet
2611 987 2792 1030 tamen
2829 977 3119 1048 Excerptis
3145 996 3322 1050 quan·

1773 1062 1973 1114 tumvis
1995 1062 2185 1116 laceris
2198 1063 2362 1117 aliam
2380 1080 2547 1133 quam
2567 1061 2952 1116 Panodoream
2975 1065 3323 1119 Manetlionis

1774 1149 2154 1202 recensionem
2173 1149 2411 1215 subesse,
2438 1168 2552 1203 non
2571 1150 2739 1221 longe
2765 1160 2969 1221 tamen,
2992 1162 3056 1203 ut
3077 1151 3320 1219 videtur,

1772 1234 1831 1285 iu
1879 1252 2090 1289 summa
2141 1253 2417 1289 annorum
2464 1254 2495 1289 a
2537 1236 2792 1305 reliquis,
2848 1254 2990 1306 quos
3035 1238 3321 1309 novimus,

1771 1320 2144 1397 recedentem:
2201 1323 2449 1376 Fortasse
2498 1323 2716 1395 numeri
2764 1324 2995 1377 Barbari
3049 1342 3119 1377 ex
3165 1335 3324 1398 parte

1772 1403 2056 1461 fluxerunt
2083 1427 2114 1462 e
2141 1409 2439 1462 Ptolemaeo
2479 1408 2786 1463 Mendesio.
2815 1410 2976 1464 Certe
3017 1429 3079 1465 ea
3105 1430 3226 1482 quae
3262 1414 3322 1467 in

1773 1495 2130 1564 sequentibus
2171 1496 2354 1549 alieno
2384 1496 2510 1549 loco
2558 1496 2738 1566 posita
2785 1498 2944 1550 uncis
2978 1498 3322 1567 inclusimus,

1775 1592 2039 1635 monente
2064 1581 2332 1641 Boeckhio
2347 1623 2364 1653 ‚
2393 1591 2584 1654 aperte
2612 1580 2862 1635 indicant
2896 1583 3082 1636 locum
3107 1586 3322 1639 Tatiani

1780 1663 1914 1735 (Or.
1954 1665 2083 1720 adv.
2113 1667 2211 1722 Gr.
2240 1686 2289 1722 c,
2331 1664 2460 1741 39),
2500 1685 2617 1738 quo
2657 1667 2934 1722 Ptolemaei
2963 1669 3230 1724 Mendesii
3270 1683 3326 1725 et

1776 1754 2012 1824 Apionis
2041 1755 2252 1807 mentio
2300 1752 2381 1807 fit.
2431 1754 2612 1808 Verba
2658 1756 2871 1809 Tatiani
2920 1767 3046 1809 sunt
3090 1776 3103 1809 ε
3157 1756 3320 1830 Αἰγυ-

1777 1836 1939 1894 πτίων
1961 1839 2006 1895 δ’
2025 1837 2152 1894 εἰσὶν
2179 1836 2406 1915 ἀκριὸεἷς
2423 1837 2621 1915 χρόνων
2648 1838 2958 1919 ἀναγραφαί·
2978 1839 3068 1896 καὶ
3092 1842 3193 1896 τῶν
3209 1842 3326 1898 κατ’

1778 1923 1963 1989 αὐτοὺς
1986 1924 2311 2000 γραμμάτων
2335 1923 2581 2002 ἑρμηνεὺς
2606 1926 2734 2003 (qni
2745 1933 2916 1981 etiam
2941 1932 3326 2003 AEgrptiorttm

1776 2019 2075 2086 scripturas
2101 2013 2549 2086 composuits’)...
2577 2009 2670 2075 τὰς
2696 2014 2798 2068 τῶν
2824 2012 3079 2089 βασιλέων
3119 2013 3329 2091 πράξεις

1779 2097 2096 2173 ἐκτιθέμενος
2126 2097 2262 2156 κατὰ
2290 2097 2521 2173 Ἄμωσιν
2568 2097 2834 2175 Αἱγύπτου
2877 2100 3092 2175 βασιλέα
3125 2101 3350 2179 γεγονέ-’

1778 2208 1863 2242 ναι
1889 2185 2156 2252 Ἰουδαίοις
2182 2187 2308 2265 φησὶ
2330 2185 2425 2256 τὴν
2448 2185 2500 2253 ἐξ
2526 2186 2795 2261 Αἰγύπτου
2822 2186 3008 2254 ἔξοδον.
3043 2190 3189 2247 Μετὰ
3210 2195 3329 2247 τοῦ·

1779 2294 1866 2329 τον
1890 2272 1944 2329 δὲ
1976 2271 2162 2331 Ἀπίων
2199 2278 2227 2332 ὁ
2266 2274 2647 2353 γραμματικὸς.
2683 2320 2696 2333 .
2741 2275 2895 2354 φησὶν
2930 2273 3009 2332 ὅτι
3033 2278 3330 2356 κατέσκαψε

1779 2358 1873 2428 τὴν
1902 2358 2101 2438 Αὗαριν
2121 2355 2349 2435 Ἄμωσις
2372 2358 2509 2417 κατὰ
2534 2359 2621 2417 τὸν
2646 2359 2871 2438 Ἀργεῖον
2893 2360 3163 2436 γενόμενος
3187 2359 3330 2422 Ἵνα·

1779 2465 1891 2522 χον,
1924 2448 1996 2511 ὣς
2024 2448 2077 2502 ἐν
2105 2453 2208 2511 τοῖς
2247 2445 2459 2524 Χρόνοις
2484 2444 2771 2526 ἀνέγραψεν
2801 2451 2829 2504 ὁ
2869 2447 3157 2517 Μενδήσιος
3187 2451 3350 2508 1]το-·

1782 2536 2011 2604 λιμαῖος.
2067 2535 2331 2608 Suspicor
2376 2534 2723 2589 Mendesium
2777 2536 2935 2589 illum
2982 2538 3329 2593 Manethonis

1780 2638 1922 2692 opus
1950 2620 2138 2675 denuo
2185 2622 2546 2694 recensuisse3
2574 2640 2704 2676 nam
2738 2622 3007 2677 confundi
3036 2624 3320 2678 interdum

1779 2708 2172 2762 Manethonem
2197 2726 2325 2763 cum
2356 2707 2654 2763 Ptolemaeo
2690 2710 2876 2763 nescio
2904 2727 2977 2763 an
3017 2709 3149 2765 inde
3186 2729 3330 2765 con-

1779 2792 2008 2848 cludere
2052 2795 2244 2864 liceat,
2289 2794 2447 2867 quod
2489 2793 2686 2850 Suidas
2731 2794 2893 2849 affert
2935 2796 3332 2850 Manethonem

1777 2879 2144 2935 Mendesium.
2176 2882 2355 2936 Porro
2383 2882 2635 2938 Clemens
2665 2881 3074 2937 Alexandrinus
3093 2922 3109 2948 ,
3137 2882 3332 2939 eadem

1780 2982 1902 3037 quae
1923 2967 2185 3021 Tatianus
2205 2985 2465 3034 narrans,
2493 2967 2842 3022 Mendesium
2873 2968 3025 3022 hunc
3058 2968 3332 3024 Chronica

1778 3054 2052 3126 scripsisse
2077 3053 2216 3109 dicit
2242 3055 2398 3108 libris
2429 3055 2605 3108 tribus.
2629 3052 2748 3127 (uti
2773 3055 3039 3109 Manetho
3057 3054 3098 3128 ).
3137 3057 3222 3109 De
3247 3055 3334 3110 his

1779 3140 1919 3194 nihil
1937 3142 2223 3209 Tatianus3
2246 3158 2432 3213 neque
2451 3140 2747 3195 verisimile
2769 3151 2878 3209 est,
2904 3142 3119 3195 sirecte
3140 3141 3330 3200 Schol.

1782 3225 1979 3299 Odyss.
2009 3228 2106 3295 lv,
2138 3226 2252 3281 228
2280 3227 2453 3281 refert
2477 3227 2840 3281 Ptolemaeum
2874 3227 2946 3281 de
2973 3227 3156 3282 Thuni
3177 3226 3194 3305 (
3213 3232 3334 3284 Ho—

1781 3318 1919 3366 meri
1936 3312 2295 3385 Alexandra)
2319 3312 2518 3367 dixisse
2536 3313 2945 3368 chronicorum
2962 3314 3107 3368 libro
3123 3321 3330 3387 primo,

1784 3430 1859 3441 -
1899 3399 2070 3470 Quod
2120 3401 2318 3454 attinet
2360 3418 2658 3454 numerum
2699 3402 2809 3455 duo
2851 3403 3034 3455 me'lle'a
3078 3414 3321 3469 centum,

1781 3504 1958 3558 quum
1974 3487 2165 3558 paullo
2184 3497 2312 3559 post
2329 3487 2532 3541 iterum
2554 3498 2820 3560 ponatur,
2840 3488 3008 3543 semel
3029 3497 3180 3543 certe
3199 3508 3330 3545 cor-

1782 3583 1980 3645 ruptus
2019 3572 2206 3627 fuerit.
2251 3574 2374 3628 Sec.
2409 3574 2728 3646 syncellum
2754 3574 3018 3629 Manetho
3056 3576 3116 3629 in
3150 3577 3337 3648 primo

1784 3660 2072 3714 volumine
2097 3677 2289 3734 regum
2313 3661 2633 3714 mortalium
2659 3678 2835 3715 annos
2855 3662 3132 3716 recensuit
3159 3662 3333 3720 2300.

1784 3747 1931 3802 Num
1967 3747 2079 3803 hoe
2107 3765 2178 3802 an
2204 3745 2356 3802 aliud
2397 3746 2572 3801 subsit
2614 3747 2802 3803 verbis
2839 3749 3102 3817 Barbari,
3130 3751 3339 3806 nescio.

2530 3864 2584 3921 5.

1862 3985 2064 4041 Malala
2090 3985 2302 4044 Chron.
2337 4003 2398 4057 p.
2439 3983 2512 4039 25
2534 4025 2551 4051 ‚
2591 4003 2656 4039 ια
2687 3984 2779 4041 ed.
2799 3986 3010 4055 Bono„
3039 3994 3362 4061 postquam.,

1788 4072 2066 4144 Hephaesti
2094 4072 2269 4143 (1680
2291 4070 2406 4143 an.)
2439 4111 2455 4137 ,
2481 4072 2623 4125 Solis
2643 4069 2816 4145 (4477
2845 4070 2956 4145 an.)
2975 4112 2991 4138 ,
3017 4073 3190 4138 Sosis,
3216 4073 3337 4127 Osi-

1788 4159 1952 4225 ridis,
1981 4160 2120 4213 Hori
2149 4169 2206 4212 et
2230 4158 2482 4212 Thulidis
2507 4175 2677 4230 regna
2703 4169 3088 4225 recensuerat,
3125 4158 3282 4213 addit
3320 4176 3336 4216 t

1788 4244 1975 4302 Ταῦτα
1994 4240 2052 4299 δὲ
2071 4241 2272 4298 παλαιὰ
2294 4240 2385 4298 καὶ
2414 4242 2609 4319 ἀρχαῖα
2640 4240 2879 4318 βασίλεια
2908 4245 3009 4299 τῶν
3039 4242 3339 4318 Αἰγυπτίων

1790 4332 1884 4388 Ma
1896 4334 1996 4386 νεθ
2008 4326 2087 4385 ὼν
2102 4328 2474 4407 συνεγράψατο·
2496 4330 2548 4383 ἐν
2564 4318 2638 4393 οἷς
2648 4326 3050 4406 συγγράμμασιν
3070 4330 3226 4387 αὐτοῦ
3244 4331 3335 4406 ἐμ·

1790 4413 1997 4493 φέρεται
2012 4413 2181 4479 ἄλλως
2193 4413 2432 4492 λέγεσθαι
2447 4412 2537 4479 τὰς
2548 4413 2842 4490 ἐπωνυμίας
2850 4418 2951 4472 τῶν
2961 4414 3114 4473 πέντε
3132 4418 3340 4485 πλανη-

1854 4569 1918 4631 (*)
1944 4571 2037 4619 Tot
2062 4569 2159 4619 sere
2181 4568 2418 4619 Diodorus
2435 4569 2525 4619 diis
2548 4569 2717 4619 tribuit
2744 4569 2965 4631 (18000.)
2987 4600 3050 4615 -
3078 4571 3212 4633 Apud
3237 4574 3338 4621 Ma-

1792 4640 1933 4689 lalam
1975 4651 2024 4701 p.
2069 4646 2121 4687 21
2151 4652 2257 4700 sqq.
2293 4638 2370 4692 ed.
2397 4640 2551 4687 Bonn.
2593 4639 2874 4700 Hephaestius
2899 4644 3064 4702 regnat
3094 4646 3232 4690 1680.
3261 4643 3341 4692 Sol

1801 4713 1921 4758 4477
1941 4721 2092 4757 annos
2117 4708 2195 4756 vel
2223 4708 2350 4768 dieu
2374 4720 2498 4768 quos
2519 4720 2744 4756 numeros
2769 4709 2817 4756 in
2839 4710 2973 4757 tanta
2998 4712 3341 4770 excerptorum

1793 4778 2096 4840 corruptione
2109 4790 2393 4838 componere
2409 4777 2583 4838 aliquis
2593 4777 2770 4826 audeat
2788 4790 2899 4826 cum
2923 4778 3114 4828 Barbari
3131 4781 3347 4829 numeris

1795 4853 1887 4897 680
1906 4851 1955 4896 et
1970 4852 2045 4897 77.
2066 4873 2131 4883 -
2150 4847 2285 4909 Apud
2303 4847 2416 4896 soh.
2439 4847 2656 4896 Antioch.
2674 4847 2723 4895 in
2738 4851 2897 4897 cram.
2918 4848 3063 4898 Paris.
3081 4848 3257 4898 Auecd.
3276 4852 3339 4910 ll,

1800 4923 1892 4967 385
1911 4917 2007 4965 Soli
2030 4917 2206 4966 dantur
2227 4917 2337 4965 anni
2360 4916 2487 4979 ,ξψοξ
2514 4918 2638 4976 (scr.
2666 4917 2798 4978 ,ζψοζ
2817 4918 2990 4979 7777).

1787 5083 1893 5143 tur-3
1919 5082 2145 5130 nimirum
2186 5085 2396 5132 cronum
2432 5081 2736 5144 appellabant
2771 5081 3029 5142 λάμποντα,
3069 5083 3342 5144 splenden-

1787 5163 1906 5214 tem,
1952 5161 2121 5207 Jovem
2163 5162 2406 5221 φαέθοντα.
2445 5159 2725 5218 Lucidum,
2765 5161 2967 5209 Martem
3009 5162 3199 5224 πυρώδη
3243 5162 3344 5211 sive

116 5234 282 5294 cnjns
306 5232 355 5282 in
374 5234 562 5295 scriptis
586 5235 721 5283 aliter
749 5232 1045 5283 denominari
1078 5234 1294 5296 quinque
1315 5236 1516 5296 puanetae
1540 5236 1692 5285 ferun·
1754 5284 1759 5289 ,
1791 5239 2022 5298 laneum,
2045 5238 2277 5285 venerem
2305 5237 2564 5296 κάλλιστον,
2591 5235 3016 5297 pulcherrimum,
3037 5237 3366 5299 Mercurium,

1382 5459 1411 5469 u
