3900 6042
530 451 639 499 ⁵32

528 580 735 643 guntur
764 571 893 623 anni
943 576 1085 634 «1141
1117 576 1196 629 7..
1246 568 1529 622 Diluvium
1568 583 1705 620 vero
1748 567 1943 622 incidit
1981 587 2072 625 an.

530 677 602 712 m.
631 662 805 720 2232.

606 743 993 815 Compar-anda
1023 762 1147 798 cum
1172 744 1253 796 his
1278 752 1405 796 sunt
1428 760 1552 812 quae
1586 741 1659 794 de
1685 740 2077 795 Chaldaeorum

529 829 877 901 temporibus
904 828 1054 882 idem
1099 827 1427 882 Panodorus
1450 826 1700 881 tradidit.
1735 856 1813 866 —
1849 828 2076 881 Constat

527 918 793 970 Berosum
831 916 1054 988 regibus
1081 915 1468 970 Chaldaeorum
1507 913 1934 968 antediluvianis
1970 916 2075 966 tri-

528 1001 708 1055 buisse
733 1001 1029 1072 periodum
1051 1019 1307 1055 sarorum
1346 1019 1365 1054 1
1381 1018 1481 1071 ao,
1504 1000 1618 1053 sive
1640 1016 1915 1052 annorum
1938 1000 2076 1054 sola·

528 1087 687 1141 110111
707 1087 978 1155 43α,000.
1024 1085 1351 1141 Panodorus
1389 1104 1525 1159 vero
1557 1095 1614 1139 et
1638 1085 1924 1138 Annianus
1956 1085 2072 1157 (ap.

528 1174 768 1243 Syncell.
794 1192 851 1245 p.
889 1171 1026 1247 32),
1062 1182 1124 1226 ut
1150 1172 1267 1225 haec
1297 1171 1371 1225 ad
1403 1189 1611 1227 sacram
1649 1171 2076 1243 chronologiam

529 1259 1054 1326 accommodarent,
1095 1259 1252 1312 annis
1279 1259 1391 1311 istis
1420 1256 1651 1321 432000
1696 1255 1932 1309 totidem
1959 1267 2074 1311 sta-

530 1354 759 1401 tuerunt
781 1345 1015 1400 indicari
1042 1345 1185 1412 dies,
1224 1345 1322 1415 qui
1350 1345 1557 1397 solares
1584 1361 1759 1397 annos
1789 1340 2075 1396 efficerent

536 1450 553 1484 1
576 1432 680 1487 183
707 1442 760 1487 et
780 1450 991 1486 menses
1011 1432 1044 1486 6
1060 1442 1144 1496 Ἰ..
1178 1435 1321 1485 Ante
1336 1431 1538 1485 horum
1563 1431 1811 1495 initium,
1831 1430 1921 1483 vel
1943 1429 2075 1483 inde

525 1521 596 1574 ab
610 1520 827 1575 Adamo
849 1518 1104 1591 usquead
1113 1517 1411 1572 adventum
1426 1519 1843 1589 Egregororum
1861 1518 2076 1589 elapsos

525 1624 638 1660 esse
666 1624 843 1661 annos
884 1615 1025 1674 ¹057
1047 1645 1063 1673 ,
1102 1623 1245 1676 quos
1278 1605 1323 1658 si
1360 1604 1642 1658 addideris
1685 1606 1842 1659 annis
1876 1621 2069 1675 regum

524 1693 913 1748 Chaldaeorum
931 1733 947 1759 ,
977 1692 1189 1764 expleri
1218 1691 1485 1762 temporis
1506 1690 1772 1762 spatium,
1797 1691 1957 1762 quod
1985 1691 2071 1744 la·-

530 1779 688 1833 bitur
715 1781 785 1834 ab
813 1780 1032 1835 Adamo
1056 1777 1127 1832 ad
1156 1776 1427 1831 diluvium
1451 1772 1571 1847 lan.
1602 1775 1809 1849 2242).

602 1869 781 1940 Igitur
819 1876 873 1920 et
917 1865 1313 1938 AEgyptiorum
1357 1873 1413 1917 et
1460 1862 1849 1918 Chaldaeorum
1894 1881 2071 1936 regno

522 1953 937 2007 antediluviano
972 1952 1299 2005 tribuuntur
1341 1950 1472 2003 anni
1528 1967 1550 2003 1
1571 1948 1677 2004 183
1700 1959 1780 2017 ¹l.,
1825 1949 2071 2021 ideoque

522 2041 758 2094 Berosus
779 2048 834 2095 et
862 2038 1156 2105 Manetho‚
1186 2039 1233 2093 si
1269 2036 1551 2093 Panodori
1581 2037 1817 2109 ineptias
1847 2035 2067 2104 audias,

521 2127 593 2182 ab
634 2126 837 2181 eodem
885 2127 1159 2198 temporis
1198 2135 1410 2198 puncto
1448 2123 1694 2197 profecti
1733 2132 1878 2180 sunt.
1920 2125 2069 2177 Hinc

519 2214 881 2289 explicandus
898 2215 1187 2286 syncellus
1207 2232 1268 2287 p.
1308 2231 1401 2285 17,
1426 2215 1476 2267 A
1491 2252 1507 2280 ,
1532 2212 1633 2267 ubi
1651 2223 1948 2286 postquam
1973 2211 2071 2266 Be·

519 2304 635 2357 rosi
676 2319 835 2375 reges
887 2301 1329 2356 antediluvianos
1382 2317 1690 2371 eorumque
1730 2316 1882 2354 saros
1933 2315 2066 2365 120,

519 2388 726 2444 deinde
746 2407 879 2443 vero
909 2387 1259 2444 Manethonis
1285 2385 1601 2443 Panodorei
1624 2384 1895 2460 dynastias
1923 2384 2066 2441 (1101-

517 2494 616 2530 nas
673 2485 1058 2544 recensuerat,
1110 2475 1271 2529 addit
1313 2475 1427 2529 haec
1483 2491 1499 2531 τ
1554 2464 1907 2535 Ἐπίπλαστός
1955 2472 2062 2528 ἐστι

518 2564 552 2628 ἡ
583 2559 779 2617 τούτων
825 2559 1028 2617 ἐπίνοια
1074 2557 1403 2639 ἀμφοτέρων,
1447 2562 1537 2616 τοῦ
1572 2581 1627 2615 τε
1661 2557 1944 2637 Βηρώσσου
1974 2555 2063 2614 καὶ

517 2651 606 2703 τοῦ
656 2650 907 2719 Μανεθῶ,
947 2646 1007 2705 τὸ
1050 2645 1180 2704 ἴδιον
1224 2645 1363 2712 ἔθνος
1403 2643 1652 2704 θελόντων
1700 2644 1936 2715 δοξάσαι,
1974 2649 2062 2702 τοῦ

519 2732 613 2803 μὲν
662 2731 720 2790 τὸ
761 2738 863 2790 τῶν
922 2732 1223 2803 Χαλδαίων,
1265 2737 1353 2791 τοῦ
1400 2732 1455 2790 δὲ
1494 2730 1554 2789 τὸ
1594 2734 1695 2789 τῶν
1740 2729 2062 2808 Αἰγυπτίων.

516 2818 850 2892 Θαυμαζέτω
873 2818 926 2876 δὲ
942 2823 1050 2884 πῶς
1074 2821 1168 2877 οὐκ
1183 2818 1517 2896 ᾐσχύνθησαν
1539 2816 1638 2897 ἀφ’
1658 2817 1793 2883 ἑνὸς
1818 2817 1927 2874 καὶ
1949 2821 2062 2874 τοῦ

518 2910 704 2963 αὐτοῦ
740 2905 929 2970 ἔτους
953 2904 1164 2983 ἀρχὴν
1192 2904 1417 2962 Θέσθαι
1439 2905 1585 2969 ταῖς
1606 2902 2062 2982 τερατώδεσιν

518 3016 549 3047 α
564 2993 592 3047 ὖ
606 2994 722 3048 τῶν
753 3014 909 3067 συγγ
926 3014 996 3068 put
1013 2995 1126 3069 φαῗ
1140 3014 1190 3056 ς.
1221 2995 1356 3064 Quae
1377 2994 1625 3048 scribens
1643 2993 1928 3064 Syncellus
1944 3012 2063 3047 non

516 3081 793 3153 reputavit
828 3098 885 3134 se
915 3081 1091 3152 ipsum
1126 3079 1513 3134 Panodoream
1545 3089 1797 3151 tempora
1826 3097 2060 3152 compu-

516 3166 669 3220 tandi
688 3167 983 3233 rationem,
1011 3184 1121 3237 qua
1136 3166 1323 3219 omnia
1340 3165 1456 3218 haec
1477 3165 1751 3238 nituntur,
1782 3175 2064 3237 tamquam

513 3270 829 3325 perversam
853 3251 1290 3324 reprehendisse.
1322 3254 1386 3308 V.
1416 3251 1643 3305 Boeckh.
1692 3251 1727 3306 l.
1757 3252 1795 3306 l.
1821 3269 1882 3324 p.
1929 3270 1949 3306 1
1968 3271 1988 3304 1
2009 3270 2057 3307 1.

592 3341 849 3396 Ceterum
873 3349 1024 3412 patet
1050 3337 1408 3393 Panodorum
1430 3340 1488 3392 in
1510 3339 1699 3392 Berosi
1722 3357 1960 3393 nurnero
1985 3340 2064 3392 ni-

514 3427 591 3480 hil
615 3437 870 3493 mutasse,
888 3445 1014 3479 nam
1036 3426 1316 3499 ingentem
1332 3425 1610 3497 quandam
1630 3425 1927 3497 periodum
1949 3446 1972 3480 ι
1985 3446 2058 3481 20

513 3514 646 3567 saris
665 3513 876 3567 absolvi
893 3513 1021 3566 satis
1038 3513 1230 3582 liquet.
1252 3513 1431 3585 Igitur
1444 3530 1476 3566 a
1493 3511 1877 3568 Chaldaeorum
1895 3513 2057 3567 chro-

514 3599 739 3671 nologia
756 3597 1112 3670 proficiscens
1137 3616 1264 3651 suos
1287 3599 1573 3670 exputavit
1590 3616 1764 3653 annos
1785 3618 1805 3653 1
1824 3599 1927 3655 183
1955 3606 1970 3630 ¹
1978 3604 2000 3669 s
2008 3621 2056 3675 ⁸3

514 3685 718 3740 deinde
738 3703 870 3739 vero
887 3726 903 3757 ,
919 3696 981 3738 ut
1000 3685 1266 3756 temporis
1291 3687 1528 3757 spatium
1543 3728 1558 3753 ‚
1577 3686 1732 3756 quod
1751 3686 1822 3740 ab
1838 3686 2056 3743 Adamo

515 3792 688 3846 usque
730 3772 803 3827 ad
855 3773 1127 3827 diluvium
1171 3790 1284 3826 esse
1329 3772 1662 3839 credebant,
1713 3774 2053 3844 expleretur,

516 3863 929 3933 Egi-egerorum
969 3859 1268 3914 adventum
1308 3878 1338 3913 e
1378 3877 1478 3913 suo
1522 3860 1729 3931 placito
1768 3862 2060 3933 assignavit

513 3944 661 4001 atino
706 3943 881 4016 10553
909 3966 1075 4019 quem
1105 3947 1332 4017 quidem
1360 3964 1652 4001 numerum
1681 3964 1863 4018 neque
1893 3967 2058 4004 sacrae

513 4036 813 4108 scripturae
837 4033 1270 4106 suppeditabant
1285 4073 1299 4100 ,
1325 4050 1507 4104 neque
1522 4031 1746 4086 aliunde
1764 4043 1960 4087 auctor
1978 4054 2057 4089 as·

512 4125 824 4193 sumpserit.
849 4122 1044 4175 His·ita
1068 4121 1396 4190 constitutis,
1421 4120 1812 4192 AEgyptiorum
1828 4137 2056 4193 quoque

513 4219 765 4280 tempora
781 4208 1023 4280 mythica
1037 4207 1106 4260 ad
1124 4206 1269 4260 idern
1281 4207 1516 4279 spatium
1534 4223 1809 4259 annorum
1831 4224 1851 4259 1
1870 4205 1997 4261 183·
2007 4211 2053 4282 la

511 4312 775 4349 revocare
795 4294 1026 4352 studuit.
1045 4293 1213 4364 Quod
1229 4312 1340 4365 qua
1358 4295 1573 4348 ratione
1592 4292 1856 4362 effecerit,
1879 4294 2054 4349 modo

512 4381 767 4437 vidimus.
811 4381 1015 4434 Mirum
1053 4397 1186 4434 vero
1213 4379 1380 4447 foret,
1408 4380 1451 4432 si
1493 4379 1700 4449 absque
1728 4390 1847 4433 arte
1887 4392 2055 4452 atque

511 4466 646 4520 dolo
675 4466 735 4521 id
768 4463 988 4523 efficere
1017 4466 1305 4537 potuisset.
1336 4463 1850 4537 Impudentissimus
1880 4468 2052 4521 homo

511 4551 781 4607 dicendus
812 4562 979 4622 esset,
1017 4552 1061 4605 si
1088 4551 1438 4605 Manethonis
1476 4552 1856 4605 recensionem
1900 4570 2050 4621 eam,

511 4655 679 4708 quam
701 4656 769 4693 ex
788 4638 1028 4692 Eusebio
1044 4638 1303 4691 novimus
1316 4677 1330 4704 ‚
1351 4636 1594 4690 calculos
1617 4654 1743 4690 suos
1769 4638 2055 4693 instituens

509 4733 638 4777 ante
660 4726 855 4779 oculos
879 4724 1176 4779 habuisset.
1201 4725 1410 4777 Verum
1426 4723 1544 4779 11οο
1570 4733 1634 4776 ut
1655 4732 1958 4777 statuamus
1976 4724 2058 4776 ni-

509 4808 589 4861 hil
631 4812 813 4883 cogit,
855 4829 959 4865 nec
991 4810 1224 4863 omnino
1260 4810 1555 4863 verisimile
1597 4818 1698 4866 est.
1733 4810 1855 4864 Imo
1907 4810 2053 4864 inter

508 4896 685 4950 varias
712 4894 1094 4963 ManethoniS,
1127 4914 1248 4968 quae
1290 4895 1842 4964 circumferebantur,
1885 4897 2053 4951 chro-

509 4981 760 5053 nologias
786 4999 875 5036 eas
912 4982 1017 5036 sibi
1058 4983 1342 5054 selegerit,
1373 5000 1497 5053 quae
1526 4982 1758 5036 consilio
1798 5000 1900 5036 suo
1934 5000 2052 5054 prae

478 5084 481 5087 ’
510 5068 705 5120 ceteris
741 5077 963 5139 possent
1000 5069 1285 5126 inservire.
1327 5071 1560 5141 Reperit
1586 5070 1777 5142 igitur,
1821 5070 2049 5142 opinor,

512 5149 820 5205 chronicon
847 5153 1004 5224 quod
1021 5171 1112 5208 eas
1134 5153 1432 5226 dynastias,
1457 5172 1580 5227 quae
1597 5154 1972 5210 semideorum
1998 5164 2051 5209 et

1598 437 2098 498 MANETHOMS
2141 439 2613 501 SERENNYTAE

2166 573 2412 627 Manium
2441 591 2533 644 ap.
2562 571 2851 629 Eusebium
2889 572 3177 641 dicuntur,
3211 594 3330 629 non
3357 578 3710 649 agnoscebat.

2164 659 2358 729 Neque
2383 658 2440 711 id
2463 659 2727 728 offendit,
2750 678 2922 731 quum
2939 661 3279 731 ‘Herodotus
3296 681 3531 735 quoque
3551 677 3610 718 et
3629 667 3718 720 Di-

2164 745 2440 798 caearchus
2465 747 2646 799 statim
2673 757 2800 818 post
2823 747 2958 800 ‹leos
2981 749 3310 801 mortalium
3336 768 3514 822 regna
3535 769 3718 805 recen·

2163 840 2298 884 sent.
2327 831 2533 885 Contra
2560 850 2682 899 eos,
2706 850 2845 903 quos
2869 833 3132 886 Manetho
3157 835 3390 888 Eusebii
3411 837 3546 889 deos
3563 836 3715 903 dicit,

2164 933 2521 988 quorumque
2554 928 2763 990 septem
2802 918 3039 988 majores
3065 938 3098 972 a
3138 920 3374 992 reliquis
3405 923 3720 977 minoribus

2164 1000 2584 1075 distinguendos
2605 1022 2717 1058 esse
2738 1023 2906 1076 supra
2931 1006 3278 1075 monuimus;
3309 1008 3602 1063 Panodori
3627 1029 3719 1064 au·

2163 1096 2287 1140 ctor
2326 1090 2400 1143 ita
2444 1090 2696 1144 distinuit
2714 1131 2730 1157 ,
2764 1101 2828 1144 ut
2860 1090 3100 1161 majores
3144 1104 3363 1164 septem
3411 1096 3720 1166 appellaret

2161 1175 2313 1239 dem,
2343 1177 2592 1248 reliquos
2614 1178 2885 1244 minores,
2917 1196 3162 1249 quorum
3184 1192 3330 1244 octo,
3366 1181 3536 1235 sicuti
3563 1186 3722 1238 Vetus

2162 1258 2840 1333 Chronicon,recensuisse
2853 1263 3097 1331 videtur,
3109 1266 3480 1319 semideos-um
3497 1270 3721 1323 nomine

2161 1345 2564 1403 introduceret.
2593 1349 2812 1402 Eodem
2837 1350 3012 1404 modo
3035 1351 3316 1407 Barbarus
3347 1371 3588 1425 quoque
3613 1356 3716 1427 Ty·

2160 1430 2362 1501 phonis
2391 1443 2447 1486 et
2481 1435 2622 1487 Hori
2663 1453 2999 1489 successores
3039 1446 3206 1491 vocat
3253 1438 3561 1494 semideos.
3601 1443 3718 1495 Nu—

2159 1535 2343 1571 merus
2365 1538 2639 1573 annorum
2665 1521 2971 1575 secundum
2996 1523 3370 1577 Panodorum
3398 1536 3483 1579 est
3516 1526 3714 1591 12843.

2161 1605 2427 1659 Eusebius
2470 1608 2632 1677 ponit
2684 1606 2890 1679 13900.
2940 1608 3276 1666 Differentia
3316 1623 3403 1665 est
3443 1631 3715 1668 annorum

2167 1690 2330 1760 1057.
2354 1693 2499 1747 Miro
2520 1711 2646 1747 casu
2665 1693 2882 1762 accidit,
2900 1705 2961 1748 ut
2981 1694 3218 1749 totidem
3244 1699 3384 1751 anni
3409 1698 3486 1752 ab
3507 1698 3716 1754 Adamo

2158 1777 2230 1831 ad
2269 1779 2584 1855 Egregoros
2625 1799 2658 1835 a
2700 1780 3003 1835 Panodoro
3031 1796 3434 1839 numerentur.
3476 1787 3577 1841 sin
3615 1806 3718 1860 pro

2166 1863 2349 1936 13900
2384 1867 2645 1938 ponimus
2680 1865 2898 1938 13879,
2926 1878 3068 1938 quot
3108 1866 3387 1940 ponenda
3417 1889 3714 1943 esempra

2158 1947 2422 2019 dicimus,
2457 1953 2641 2007 'etiam
2689 1954 2877 2006 minor
2930 1953 3253 2009 differentia
3303 1966 3393 2010 est
3441 1975 3716 2011 annornm

2164 2034 2331 2101 1034.
2357 2039 2505 2092 Num
2528 2055 2594 2093 ea
2611 2038 2850 2093 debetur
2870 2038 3202 2113 Panodoro,
3225 2058 3300 2096 an
3319 2045 3552 2097 auctori
3575 2044 3722 2113 ejus?

2158 2119 2484 2191 Panodoro,
2529 2135 2691 2197 puto.
2755 2126 2919 2179 Hunc
2974 2126 3125 2180 enim
3164 2139 3416 2189 mutasse
3463 2130 3718 2201 quadam

2155 2222 2345 2282 aperte
2355 2211 2470 2283 jam
2487 2213 2618 2268 inde
2635 2214 2980 2287 intelligitur,
2999 2214 3158 2285 quod
3175 2217 3410 2270 Horum
3427 2217 3677 2292 (quippe
3689 2238 3718 2273 a

2155 2315 2269 2369 quo
2283 2300 2587 2355 secundum
2605 2295 2767 2375 ὥρους
2784 2301 2915 2354 anni
2934 2306 3373 2376 computentur)
3405 2322 3481 2358 ex
3509 2305 3620 2360 diis
3639 2324 3720 2361 re·

2154 2395 2368 2438 motum
2387 2386 2516 2440 fecit
2532 2386 2857 2441 semideum.
2882 2388 3007 2442 Una
3038 2406 3165 2441 011111
3195 2389 3332 2443 1000
3356 2401 3559 2445 autem
3585 2394 3720 2447 Hori

2155 2472 2322 2526 etiam
2348 2490 2644 2527 numerum
2671 2491 2978 2541 annorum,
3009 2474 3107 2545 qui
3133 2492 3316 2547 regno
3347 2475 3475 2546 ejus
3505 2478 3720 2534 tribue-

2151 2557 2374 2628 bantur,
2392 2569 2590 2615 auctor
2606 2560 2920 2617 mutaverit.
2950 2562 3304 2633 Quamquam
3324 2581 3614 2619 numerus
3629 2567 3722 2621 iste

2156 2654 2337 2700 tantus
2356 2664 2467 2701 esse
2490 2665 2607 2700 non
2631 2647 2847 2719 potuit,
2868 2656 2933 2700 ut
2959 2647 3213 2701 lacunam
3241 2650 3501 2721 expleat.
3537 2653 3720 2721 Quare

2152 2733 2319 2786 etiam
2335 2734 2393 2785 in
2405 2734 2631 2805 reliquis
2643 2744 2881 2788 mutasse
2893 2732 3146 2804 quaedam
3163 2734 3520 2790 Panodoms
3529 2737 3716 2793 debet.

2153 2822 2232 2873 Ac
2264 2820 2453 2874 nescio
2481 2838 2553 2874 an
2579 2820 2732 2874 mille
2758 2837 3036 2874 annorum
3076 2819 3470 2876 differentiam
3507 2824 3720 2880 indicet

2151 2907 2320 2960 Vetus
2336 2906 2695 2973 Chronicum,
2714 2906 2871 2978 quod
2891 2916 3092 2979 praeter
3106 2907 3391 2979 myriades
3411 2911 3722 2983 Hephaesto

2151 2993 2471 3065 assignatas,
2533 2993 2879 3064 reliquorum
2939 2992 3178 3047 deorum
3224 3006 3491 3050 recenset
3546 3015 3722 3052 annos

2156 3074 2328 3149 3984.
2352 3078 2451 3133 His
2464 3077 2616 3150 apud
2632 3078 2994 3133 Panodorum
3009 3079 3355 3151 respondent
3370 3084 3514 3135 anni
3532 3081 3718 3154 29853

2150 3164 2247 3233 qui
2276 3181 2539 3218 uumerus
2560 3165 2718 3219 alteri
2741 3165 2821 3217 illi
2851 3165 3160 3219 simillimus
3181 3176 3289 3233 est,
3321 3166 3514 3221 modo
3544 3168 3720 3223 addas

2148 3266 2322 3305 annos
2353 3250 2533 3318 mille,
2578 3268 2720 3323 quos
2746 3248 3006 3305 Manetho
3034 3248 3284 3324 flag-itare
3309 3252 3424 3306 sibi
3455 3253 3715 3309 videtur.

2145 3363 2226 3375 —
2251 3336 2360 3404 Qui
2390 3345 2659 3407 praeterea
2687 3334 2991 3391 desiderari
3019 3335 3281 3390 videntur
3308 3338 3446 3390 anni
3483 3336 3596 3409 34,
3623 3357 3716 3394 eos

2147 3420 2373 3476 fortasse
2401 3422 2639 3494 dempsit
2659 3422 3033 3477 semideorum
3049 3424 3256 3495 regniS.
3273 3423 3373 3476 Uti
3402 3442 3570 3479 nune
3597 3444 3714 3480 un-

2146 3511 2284 3562 meri
2304 3519 2435 3563 sunt
2449 3549 2465 3576 ,
2484 3520 2706 3564 remoto
2722 3511 2905 3577 Horo,
2923 3519 3282 3564 recensentur
3297 3510 3434 3563 anni
3465 3510 3614 3579 758.
3639 3543 3714 3552 —

2144 3597 2431 3666 Dynastias
2466 3596 2604 3650 duas
2628 3595 3002 3651 semideorum
3037 3598 3114 3651 ita
3142 3595 3575 3669 distinguendas
3601 3617 3712 3653 ese

2146 3700 2371 3751 censeo,
2393 3692 2459 3736 ut
2484 3683 2666 3755 prima
2689 3684 2759 3736 sit
2777 3701 2974 3756 regum
2998 3684 3250 3755 quinque
3269 3700 3568 3737 annorum
3601 3691 3710 3749 440

2149 3770 2255 3835 (vel
2288 3769 2434 3823 sorte
2466 3769 2643 3842 441),
2685 3769 3009 3842 desinatque
3044 3771 3104 3823 in
3129 3773 3504 3836 Ammonem3
3536 3773 3709 3825 alten

2144 3874 2339 3929 regum
2379 3857 2581 3929 trium,
2612 3874 2890 3909 annorum
2933 3854 3075 3923 316,
3111 3873 3356 3928 quorum
3380 3868 3710 3928 postremus

2143 3944 2282 3996 Zeus
2299 3943 2386 3996 vel
2404 3943 2625 4015 Jupiter
2650 3942 2745 4016 (²⁸).
2765 3944 2843 3997 Ut
2869 3943 2942 3996 ita
2960 3953 3194 3996 statuam
3213 3952 3448 3995 movent
3468 3961 3572 3998 me
3591 3955 3706 3997 tum

2143 4046 2508 4083 numerorum
2533 4030 2940 4100 nominumque
2979 4027 3218 4095 indicia,
3250 4038 3372 4081 tum
3397 4046 3548 4083 vero
3581 4032 3702 4084 Tu-

2204 4198 2265 4259 (*)
2285 4200 2490 4247 Buusen.
2513 4201 2558 4255 1,
2578 4210 2627 4259 p.
2652 4202 2741 4248 559
2759 4197 2820 4246 de
2839 4197 3122 4246 Manethone
3146 4195 3381 4246 Panodori
3405 4198 3550 4257 pouit
3569 4198 3703 4247 hac:

2143 4285 2166 4310 «
2188 4268 2294 4316 Wir
2305 4267 2450 4316 sahen
2468 4267 2576 4316 dass
2587 4266 2664 4315 die
2681 4272 2878 4317 Summe
2893 4267 2979 4316 der
2996 4270 3179 4316 Goetter
3195 4280 3244 4313 11.
3262 4268 3705 4329 ueroeam

2143 4348 2231 4384 aus
2257 4336 2366 4384 dem
2383 4336 2838 4385 nnndssternbuche
2861 4341 3009 4386 11982
3030 4336 3174 4385 Jahn-e
3199 4338 3278 4395 (at
3295 4335 3347 4383 1ιί
3378 4338 3580 4386 nonnisi
3595 4338 3704 4387 ὼε)-

2141 4419 2246 4453 rum
2273 4408 2415 4465 sunt)
2443 4406 2656 4467 betraegt.
2695 4406 2916 4454 Rechnen
2954 4405 3044 4453 wir
3067 4404 3189 4453 dazu
3223 4407 3335 4465 (cur
3361 4408 3606 4467 quanm
3631 4407 3706 4455 «fit

2140 4475 2252 4523 zahl
2275 4474 2359 4523 des
2382 4475 2575 4523 wahren
2601 4475 2849 4534 Manetho,
2873 4474 3055 4523 welche
3076 4473 3200 4521 nach
3235 4472 3465 4521 Eusebius
3491 4473 3581 4523 die
3611 4476 3702 4526 ne·

2138 4542 2394 4605 gierung‘eu
2420 4544 2504 4591 der
2542 4547 2745 4605 Goetter,
2790 4543 2995 4603 nemen,
3035 4557 3088 4593 u.
3133 4545 3300 4590 Manen
3323 4543 3562 4603 umsasst‚
3604 4545 3701 4591 aisn

2141 4616 2373 4675 24925J.,
2389 4627 2443 4662 so
2456 4615 2703 4675 gewinuen
2723 4614 2813 4661 wir
2827 4619 2980 4664 36910
2993 4616 3061 4673 J..
3073 4613 3173 4661 also
3189 4625 3280 4660 nur
3293 4616 3387 4660 385
3399 4611 3555 4661 Jahn-e
3566 4613 3700 4662 mehr

2138 4682 2209 4731 als
2225 4683 2302 4731 die
2326 4690 2477 4733 36525
2502 4683 2674 4743 Jahn-e,
2700 4683 2881 4732 welche
2901 4682 2994 4732 (1011
3012 4694 3201 4744 gmssen
3228 4681 3363 4730 Kreis
3382 4680 3468 4730 der
3501 4683 3696 4733 8110111·

2139 4752 2479 4814 stem-periodo
2504 4751 2804 4801 ausdrucken
2822 4788 2838 4813 ,
2875 4766 2926 4802 u.
2966 4752 3043 4800 die
3075 4750 3162 4799 der
3195 4750 3428 4810 Beli-figet
3449 4752 3696 4801 ατείώω

2143 4822 2320 4871 wollte.
2346 4826 2408 4871 Rs
2426 4823 2486 4870 ist
2508 4822 2621 4871 also
2641 4822 2763 4880 11101,
2792 4821 2900 4871 dass
2929 4822 3080 4870 dieser
3097 4819 3175 4868 die
3199 4819 3438 4880 cyclische
3470 4821 3630 4868 Satur
3649 4821 3696 4869 ‘a

2139 4891 2216 4939 die
2251 4893 2510 4952 Reehnung
2544 4890 2958 4953 hineingebracht,
2995 4888 3240 4940 11101110οᾱ
3266 4889 3334 4937 sie
3353 4888 3468 4936 dem
3493 4890 3692 4938 wahren

2143 4960 2366 5008 Manetlio
2383 4959 2623 5007 dui-chaus
2640 4958 2792 5007 sremd
2809 4959 2886 5008 ist.
2920 4980 2943 5002 a
2975 4962 3090 5008 Hoec
3107 4956 3348 5019 quomodo
3383 4957 3510 5005 inter
3536 4970 3590 5005 se
3613 4971 3691 5005 00-

2140 5028 2351 5077 haereant
2376 5042 2472 5077 11011
2492 5028 2737 5090 perspicio.
2761 5029 2976 5087 Nolenti,
2997 5032 3139 5090 puto,
3171 5026 3455 5076 exciderunt
3485 5027 3594 5075 1110
3615 5040 3688 5075 oe-

2140 5098 2404 5147 teberrimo.
2424 5124 2486 5134 —
2516 5097 2647 5147 Idem
2683 5099 2733 5147 in
2770 5096 3181 5149 Urkundenbuch
3213 5094 3450 5147 Panodori
3487 5107 3686 5158 enupt—

2138 5172 2244 5217 tum
2264 5181 2360 5217 non
2380 5169 2629 5218 intellexit.
