3900 6042
1556 448 2054 549 ῬιιΑοΜεΝῚ-Α.
2973 548 2988 561 .
3317 509 3389 558 aa

280 615 639 671 lncmsemu
661 627 835 671 caret.
858 616 1225 671 scribendum
1249 636 1621 691 proponerem
1645 621 1757 686 Θη·

196 698 293 757 σία
332 700 648 771 α’ποὸαλεῖν,
686 701 896 757 deinde
922 700 957 769 ἢ
983 699 1204 779 πρᾶσὸιν
1248 724 1299 760 κ.
1343 725 1396 762 τ.
1438 706 1491 763 λ.
1534 706 1605 761 dc
1644 712 1763 762 An-

196 790 357 862 tiope
378 790 755 862 intelligerem
780 789 915 844 belli
935 791 1313 864 componendi
1334 810 1495 848 causa
1512 794 1568 848 in
1593 792 1759 848 Ama-

194 894 407 931 zonum
440 887 623 932 castra
648 877 933 950 profecta,
965 878 1171 933 deinde
1194 896 1411 935 reversa
1442 900 1570 935 cum
1600 883 1763 941 donis

194 974 257 1018 et
274 965 433 1036 pacis
455 962 912 1032 conditionibus,
941 982 1180 1037 quarum
1202 984 1315 1020 una
1334 967 1549 1036 fuisset,
1571 980 1634 1022 ut
1653 973 1763 1024 An·

194 1052 399 1123 tiopen
426 1051 670 1105 Theseus
692 1049 1017 1106 dimitteret.
1044 1055 1120 1108 At
1144 1070 1345 1107 vereor
1366 1073 1439 1109 ne
1460 1055 1763 1127 perdamus

197 1155 461 1211 operam.
483 1139 661 1192 Totus
694 1139 846 1193 locus
869 1135 1089 1193 fluxisse
1109 1139 1333 1194 videtur
1359 1159 1431 1195 ex
1458 1141 1757 1197 Plutarcho

196 1224 394 1279 obiter
428 1226 714 1297 inspect03
755 1226 854 1296 qui
890 1226 950 1278 in
981 1226 1215 1280 Theseo.
1247 1244 1299 1280 c.
1331 1227 1405 1281 26
1428 1230 1611 1283 statim
1635 1240 1759 1302 post

198 1310 497 1366 Hei-odori
528 1310 904 1384 fragmentum
938 1311 1113 1365 modo
1141 1314 1441 1386 ascriptum
1461 1354 1477 1383 ,
1516 1332 1547 1369 e
1586 1316 1760 1369 Bione

192 1407 395 1453 namt
418 1399 705 1470 Antiopen
731 1414 850 1451 non
876 1397 1076 1471 fugisse
1101 1398 1372 1455 Theseum
1393 1397 1759 1476 προσὸαλόντα

195 1486 265 1560 τῇ
278 1481 458 1562 χώρα,
485 1481 621 1539 ἀλλὰ
640 1480 731 1538 καὶ
747 1480 883 1549 ξένια
902 1480 1148 1555 πέμπειν,
1161 1481 1249 1540 τὸν
1269 1484 1323 1541 δὲ
1339 1484 1432 1553 τὴν
1447 1484 1759 1560 κομίζουσαν

196 1568 435 1640 ὲμόἥναι
458 1570 788 1647 παρακαλεῖν
824 1570 896 1634 εἷς
931 1565 990 1625 τὸ
1029 1570 1237 1627 πλοῖον·
1277 1569 1515 1647 ἕμὸἅσης
1545 1569 1598 1628 δὲ
1628 1575 1758 1628 ἀνα·-

195 1659 421 1735 χθῆναι.
453 1656 675 1713 Deinde
702 1675 825 1729 cap.
876 1675 946 1726 27
978 1657 1117 1713 dicit
1146 1678 1161 1711 ι
1199 1653 1366 1715 Ἔνιοι
1395 1656 1453 1715 δί
1475 1679 1601 1736 φασι
1627 1655 1759 1732 μετὰ

195 1748 291 1800 τοῦ
315 1740 546 1813 Θησέως
562 1740 867 1819 μαχομένην
884 1743 1060 1799 πεσεῖν
1081 1741 1179 1813 τὴν
1205 1742 1470 1822 ἄνθρωπον
1489 1743 1589 1801 ὑπὸ
1616 1746 1759 1803 Μολ-

196 1829 398 1895 παδίας
424 1832 831 1887 ἀκοντισθεῖσαν.
860 1833 994 1891 Haec
1019 1848 1122 1885 suo
1150 1850 1308 1887 more
1336 1834 1393 1886 in
1416 1851 1591 1887 unum
1618 1835 1759 1888 Tze-

198 1931 313 1973 tzes
338 1919 774 1993 conglutinavit.
807 1916 961 1973 ldem
986 1918 1136 1972 valet
1159 1919 1231 1973 de
1257 1920 1637 1992 sequentibus.

278 2008 505 2061 Tzetzes
526 2003 600 2060 ad
624 2004 925 2061 Antehom.
952 2022 1014 2077 p.
1047 2003 1161 2059 238
1185 2004 1275 2062 ed.
1299 2006 1520 2061 Jacobs.
1551 2026 1563 2060 τ
1592 2002 1757 2083 Ἡρό-

197 2092 365 2167 δωρος
394 2092 680 2166 (corrupt.
713 2087 1015 2167 Ἡρόδοτος)
1038 2092 1066 2147 ὁ
1089 2088 1338 2155 Ποντικὸς
1361 2089 1450 2148 καὶ
1480 2090 1755 2170 Μενεκρά-

196 2202 296 2251 της
321 2183 351 2236 δ
378 2177 501 2255 περὶ
530 2177 755 2242 Νικαίας
780 2176 1060 2255 ἱστορήσας
1102 2180 1195 2247 τῆς
1239 2178 1334 2255 [ἐν
1376 2178 1621 2258 Βιθυνία]
1658 2178 1758 2237 πό-

196 2268 333 2332 λεως
358 2265 587 2345 ἱστορεῖ,
617 2267 688 2330 ὣς
714 2262 923 2334 Θησεὺς
950 2263 1084 2343 ἔχων
1111 2263 1208 2336 τὴν
1228 2264 1500 2338 Ἀντιόπην
1521 2266 1612 2324 καὶ
1640 2264 1760 2345 περὶ

196 2355 319 2419 τοὺς
348 2356 405 2412 ἐν
426 2352 627 2430 Nouia
655 2352 880 2431 διέτριψε
907 2351 1112 2427 τόπους,
1138 2375 1191 2411 κ.
1215 2375 1269 2412 τ.
1301 2355 1369 2413 λ-

280 2446 419 2499 Haec
460 2444 812 2517 negligenter
860 2443 1135 2515 exscripta
1183 2452 1311 2497 sunt
1351 2460 1419 2498 ex
1474 2441 1757 2498 Plutarch.

195 2531 369 2586 Thes.
396 2549 450 2585 c.
482 2530 591 2597 αδ,
624 2530 726 2584 ubi
752 2546 818 2583 ea
842 2546 965 2600 quae
996 2547 1064 2583 ex
1086 2531 1400 2585 Menecrate
1438 2539 1757 2596 narrantur,

196 2617 475 2692 praeeedit
500 2618 659 2678 locus
680 2614 967 2670 Herodori
1000 2632 1167 2688 supra
1202 2616 1486 2687 ascriptus.
1515 2615 1759 2670 Omnino

198 2704 541 2762 Herodorus
565 2720 655 2757 res
670 2701 866 2756 Thesei
886 2702 1106 2755 nonnisi
1130 2700 1315 2756 obiter
1344 2700 1580 2773 tetigisse
1601 2698 1763 2755 vide-

200 2804 321 2859 tur,
345 2809 417 2846 eo
440 2791 711 2856 maxime,
743 2790 969 2861 opinor,
992 2788 1230 2843 consilio
1251 2798 1312 2841 ut
1336 2788 1550 2842 Atticos
1574 2788 1757 2860 impu-

198 2889 435 2952 gnaret,
471 2877 571 2949 qui
610 2877 668 2929 in
708 2876 947 2948 gloriam
975 2876 1120 2949 regis
1163 2875 1512 2929 Atheniensis
1546 2885 1760 2929 veteres

198 2966 449 3033 fabulas,
496 2963 752 3037 inprimis
804 2962 1089 3030 Herculis,
1150 2961 1605 3017 adulteraverint.
1670 2960 1754 3017 ef.

203 3052 275 3108 fr.
312 3050 412 3116 34.

943 3145 1032 3196 17.

282 3241 570 3298 Plutarch.
600 3241 762 3296 Thes.
799 3258 874 3313 29
921 3257 934 3292 :
992 3236 1211 3295 Πολλῶν
1246 3233 1301 3293 δὲ
1345 3234 1461 3293 τότε
1498 3237 1602 3303 τοῖς
1642 3234 1759 3314 ἀρί-

205 3348 345 3391 στοις
372 3325 545 3383 ἄθλων
572 3322 888 3399 γενομένων,
916 3320 1213 3400 Ἡρόδωρος
1245 3322 1340 3399 μὲν
1372 3321 1568 3388 οὐδενὸς
1599 3320 1759 3380 οἴεται

207 3411 291 3470 τὸν
316 3410 507 3483 Θησέα
536 3411 819 3488 μετασχεῖν
834 3455 850 3480 ,
875 3408 1010 3467 ἀλλὰ
1035 3409 1207 3486 μόνοις
1231 3410 1492 3475 Λαπίθαις
1509 3412 1601 3480 τῆς
1630 3412 1760 3468 Κεν-

209 3500 583 3578 ταυρομαχίας.
607 3500 691 3556 Cf.
724 3494 794 3553 fr.
820 3498 917 3564 34.

286 3589 484 3643 Paullo
512 3598 641 3660 post
664 3586 992 3641 Plutarchus
1023 3605 1037 3641 :
1070 3583 1362 3664 Φιλόχορος
1390 3584 1443 3641 δὲ
1477 3581 1565 3641 καὶ
1594 3605 1753 3641 σπον·

214 3672 301 3738 δὺς
325 3670 444 3751 περὶ
470 3673 666 3750 νεκρῶν
693 3669 1001 3748 ἀναιρέσεως
1038 3670 1274 3745 γενέσθαι
1304 3668 1513 3773 πρώτας
1541 3669 1757 3735 ἰκείνας·

215 3750 289 3807 ὅτι
311 3750 366 3808 δὲ
402 3750 676 3829 Ἡρακλῆς
700 3751 903 3827 πρῶτος
939 3747 1174 3807 ἀπέδωκε
1209 3771 1416 3829 νεκρους
1453 3751 1559 3815 τοῖς
1598 3750 1754 3806 πολε·

215 3837 344 3911 μίοις
368 3839 423 3896 ἐν
448 3838 557 3903 τοῖς
578 3835 699 3914 περὶ
726 3834 1044 3916 Ἡρακλέους
1070 3834 1381 3916 γέγραπται.
1418 3838 1627 3893 Eadem
1644 3849 1756 3893 tra-

214 3926 416 3982 diderit
460 3925 822 3993 Herodorus,
866 3943 1034 3997 quem
1075 3926 1404 3981 Plutarchus
1441 3926 1499 3978 in
1536 3925 1646 3983 suis
1685 3923 1757 3980 de

216 4011 450 4068 Hercule
477 4010 636 4071 libris
659 4028 780 4065 non
806 4010 1108 4083 neglexisse
1134 4012 1381 4079 videtur,
1414 4012 1491 4065 uti
1524 4023 1758 4066 monent

216 4102 451 4157 Heeren.
474 4102 561 4156 De
586 4098 755 4153 sontt.
777 4095 932 4153 Plut.
968 4116 1026 4170 p.
1067 4117 1133 4168 ¹7
1158 4110 1216 4155 et
1242 4100 1466 4157 Mfiller.
1496 4101 1629 4153 Dor.
1667 4100 1752 4165 11,

212 4204 269 4258 p.
282 4187 415 4252 461..
426 4186 583 4242 Idem
594 4184 865 4239 Miillerus
878 4182 1243 4239 Herodorum
1257 4204 1385 4240 cum
1397 4185 1755 4259 expeditione

215 4291 266 4328 c.
282 4276 465 4327 Amaz.
483 4269 835 4342 conjunxisse
852 4280 1013 4342 putat
1023 4272 1329 4329 Cerberum
1344 4272 1416 4326 ad
1432 4274 1756 4327 Heracleam

212 4376 281 4413 ex
314 4360 462 4415 Orco
503 4368 879 4432 promotum.
932 4358 1034 4413 Rei
1062 4358 1268 4413 indicia
1317 4376 1426 4432 ego
1470 4359 1750 4414 desidero.

216 4445 379 4516 Apud
418 4444 839 4519 Apollodorum
877 4442 1123 4499 Cerbero
1177 4446 1239 4499 in
1283 4447 1465 4501 lucem
1508 4444 1755 4500 adducto

218 4530 474 4587 Hercules
515 4531 715 4588 seriem
759 4548 1133 4585 aerumnarum
1175 4531 1572 4587 exantlaverat.
1623 4532 1758 4602 Quae

946 4696 1028 4746 1⁷.

276 4781 573 4841 Quamquam
603 4778 762 4827 multa
792 4779 912 4826 tunc
931 4776 1333 4839 pmunussimts
1359 4777 1474 4827 viris
1498 4777 1761 4827 certamina

224 4856 372 4914 mut,
409 4856 620 4904 Theseus
658 4856 857 4912 tamen,
892 4855 947 4902 ut
987 4852 1261 4902 Herodorus
1300 4852 1399 4915 ait,
1435 4854 1616 4903 nullius
1658 4858 1760 4904 erat

227 4931 463 4994 particeps,
500 4931 588 4981 nisi
615 4929 761 4993 quod
780 4942 894 4979 cum
921 4929 1130 4992 Lapithis
1158 4931 1326 4979 contra
1364 4932 1631 4981 centauros
1666 4944 1759 4994 pu·

342 5008 391 5057 it.

234 5019 338 5066 m
942 5072 1025 5123 18.

278 5154 533 5206 Herodorus
547 5156 618 5205 ait
637 5165 814 5203 revera
834 5164 929 5200 non
947 5151 1102 5214 ipsum
1123 5154 1396 5215 Neptunum
1422 5155 1473 5202 et
1496 5153 1760 5215 Apollinem

227 5233 392 5295 trojam
419 5234 592 5283 urbem
621 5229 839 5280 cinxisse
869 5228 1129 5291 moeuibin,
1163 5228 1247 5279 sed
1276 5229 1644 5280 Laomedontem
1672 5243 1756 5292 pe·

406 5326 707 5367 ructans
741 5322 859 5359 msr.
891 5324 969 5359 cn.
990 5316 1079 5361 vol.
1102 5325 1153 5359 ιι.

1851 621 2149 677 adornatio
2169 610 2394 697 {gregie
2412 627 2674 679 convenit
2705 627 3056 682 Heraclecnsi
3088 630 3240 697 viro,
3267 632 3396 685 hinc

1851 727 2082 781 quoque
2103 711 2400 783 gloriolam
2427 713 2620 784 patriai
2639 729 2951 786 aspersum.

2586 835 2677 895 18.

1930 958 2021 1012 Ab
2054 960 2426 1014 Amazonibus
2453 961 2675 1016 rediens
2711 964 2784 1017 Η.
2824 962 3046 1033 'rmjmn
3075 964 3256 1031 venit,
3300 964 3399 1018 ubi

1851 1044 2053 1100 liberat
2075 1043 2246 1099 filiam
2269 1048 2680 1104 Laodamantis.

1929 1134 2150 1188 Tzetzes
2177 1133 2455 1207 Lycophr.
2489 1133 2599 1189 522
2632 1155 2645 1189 ε
2675 1131 2964 1214 Ἡρόδωρος
2994 1135 3154 1211 (libri
3179 1134 3401 1213 Ἧρόδο·

1848 1218 1965 1292 τος)
1989 1214 2043 1274 δὲ
2061 1218 2173 1281 ταῖς
2201 1218 2461 1287 ἀληθείαις
2478 1217 2536 1276 οὔ
2557 1242 2682 1299 φησι
2695 1221 2921 1297 τειχίσαι
2941 1221 3035 1290 τὴν
3056 1222 3205 1280 πόλιν
3226 1226 3401 1297 (Tro-

1842 1304 1992 1381 jam)
2048 1304 2345 1363 Ποσειδῶνα
2386 1303 2477 1362 καὶ
2517 1305 2840 1381 Ἀπόλλωνα,
2871 1308 3018 1366 ἀλλὰ
3059 1309 3399 1386 Λαομέδοντα

1848 1390 2102 1468 χρήματα
2130 1388 2480 1466 καταθέμενον
2509 1393 2568 1449 ἐκ
2594 1399 2685 1464 τῆς
2713 1394 2889 1461 θυσίας
2910 1398 3101 1468 αὐτῶν,
3129 1398 3399 1455 ἀναλῶσαι

1849 1482 2016 1535 ταῦτα
2039 1479 2109 1543 εἰς
2130 1475 2225 1548 τὴν
2251 1483 2342 1536 τοῦ
2369 1478 2571 1557 τείχους
2596 1479 2942 1551 κατασκευήν.

1929 1566 1981 1622 T
1984 1563 2176 1642 ειχίσαι
2199 1569 2389 1640 scripsi
2407 1587 2511 1641 pro
2532 1570 2750 1643 vulgata
2770 1568 2966 1630 κτίσαι.
2997 1573 3080 1628 Cf.
3112 1576 3393 1645 Anonym.

1849 1655 1936 1707 De
1965 1653 2247 1707 Incredib.
2273 1672 2322 1707 c.
2351 1660 2381 1718 l.
2413 1673 2427 1708 :
2455 1642 2563 1712 ἸἨν
2589 1655 2642 1710 ἐν
2666 1658 2732 1730 τῇ
2755 1654 3036 1733 ἀκροπόλει
3056 1656 3190 1735 ἱερὸν
3213 1656 3396 1717 Ἀπόλ·

1849 1738 2009 1804 λωνος
2036 1736 2128 1795 καὶ
2144 1738 2466 1803 Ποσειδῶνος
2488 1736 2827 1819 διαφερόντως
2841 1741 3151 1817 τιμώμενον·
3173 1742 3285 1800 ὅθεν
3309 1765 3399 1805 συ·

1850 1824 1955 1881 λῶν
1979 1828 2008 1882 ὁ
2026 1823 2314 1900 Λαομέδων
2341 1824 2587 1896 ἀνήλισκε
2610 1826 2675 1882 τὰ
2697 1826 2948 1903 χρήματα
2977 1829 3046 1893 εἷς
3068 1826 3162 1897 τὴν
3184 1833 3274 1887 τοῦ
3301 1827 3400 1886 τεί-

1849 1931 1975 1987 χους
2001 1910 2344 1980 κατασκευήν.
2367 1914 2576 1969 Eadem
2595 1915 2817 1970 Servius
2839 1916 2913 1970 ad
2935 1914 3057 1971 AEn.
3082 1919 3128 1985 1,
3152 1919 3287 1975 610.
3309 1917 3393 1974 Cf.

1851 2001 2103 2056 Lobeck.
2126 2002 2404 2075 Aglaoph.
2430 2021 2488 2074 p.
2516 2000 2647 2057 268.

2575 2141 2666 2196 19·

1930 2242 2118 2296 Schol.
2141 2242 2373 2298 Hesiod.
2396 2244 2503 2316 op.
2536 2254 2592 2298 et
2626 2243 2759 2298 Dies
2781 2252 2846 2299 [ιι
2876 2262 2891 2301 :
2926 2241 3205 2320 Μέμνηται
3231 2243 3285 2301 δὲ
3307 2247 3400 2315 τῆς

1852 2324 2043 2401 ἀλίμου
2057 2326 2146 2383 καὶ
2166 2325 2456 2407 Ἡρόδωρος
2477 2327 2654 2407 (liber
2678 2326 2980 2408 Ἡρόδοτος)
3008 2331 3063 2387 ἐν
3081 2333 3156 2410 τῷ
3175 2328 3399 2410 πέμπτῳ

1850 2417 1939 2469 τοῦ
1981 2416 2096 2471 καθ’
2124 2412 2390 2487 Ἡρακλέα
2417 2413 2571 2491 λόγου
2598 2414 2687 2472 καὶ
2718 2413 2944 2474 Πλάτων
2971 2417 3024 2474 ἐν
3065 2418 3114 2495 γ’
3143 2420 3247 2476 τῶν
3285 2419 3399 2479 Νό-

1852 2522 1966 2575 μων
1989 2502 2122 2571 (lib.
2151 2505 2232 2557 111
2258 2504 2379 2560 init.
2405 2502 2447 2577 ).

1931 2588 2118 2642 Alimo
2173 2589 2289 2644 sive
2329 2588 2529 2642 samem
2568 2599 2794 2644 arcente
2835 2591 3065 2645 materia
3095 2610 3164 2647 ex
3204 2594 3400 2648 malvis

1851 2684 1909 2729 et
1933 2674 2247 2746 asphodelis
2265 2676 2570 2748 composita
2595 2674 2682 2749 (ν.
2706 2675 2897 2748 steph.
2922 2677 3083 2732 Thes.
3105 2696 3154 2733 s.
3174 2675 3397 2735 ν.·Ἀλι·

1852 2781 1974 2833 μος,
1996 2756 2207 2838 Ἀδιψος
2222 2803 2240 2833 ,
2261 2758 2499 2837 Μαλάχη
2514 2803 2534 2838 ,
2552 2772 2610 2817 et
2631 2763 2792 2818 Pselli
2811 2762 3010 2836 fragm.
3039 2783 3128 2838 ap.
3151 2768 3400 2821 wester-

1852 2868 2040 2906 mann.
2069 2849 2446 2923 Paradoxogr.
2470 2869 2530 2923 p.
2565 2849 2673 2915 143
2689 2846 2704 2924 )
2723 2850 3028 2906 utebantur
3046 2854 3402 2925 Epimenides

1855 2938 1944 3010 (v.
1971 2937 2308 3009 Hermippus
2325 2936 2523 3009 fragm.
2551 2947 2605 2991 et
2630 2938 2912 2992 Plutarch.
2940 2939 3171 2994 Conviv.
3201 2959 3250 2994 c.
3285 2938 3397 3016 14),

1852 3025 2192 3097 Pythagoras
2221 3022 2522 3100 (Porphyr.
2568 3041 2620 3077 c.
2667 3022 2737 3089 54
2760 3022 2778 3097 )
2829 3024 3058 3098 ejusque
3100 3038 3402 3084 sectatores

1853 3110 2089 3184 (Athen.
2113 3129 2170 3183 p.
2201 3109 2331 3179 161,
2360 3110 2459 3183 A).
2485 3113 2568 3166 De
2583 3112 2949 3167 sanctimonia
2965 3115 3272 3170 malvarum
3297 3117 3402 3190 (ex

1851 3198 2297 3271 helion-opimum
2320 3193 2551 3273 genere)
2572 3208 2770 3271 utpote
2788 3201 3120 3276 σημαντριῶν
3140 3203 3245 3257 τῶν
3263 3222 3402 3277 συμ-

1850 3287 2076 3342 παθειῶν
2094 3282 2344 3361 οὐρανίων
2366 3281 2493 3361 πρὸς
2511 3282 2716 3359 ίπίγεια
2735 3286 2896 3358 plura
2921 3304 2991 3342 ex
3018 3289 3247 3363 Pythag.
3273 3292 3400 3363 pla-

1850 3373 1973 3427 citis
1994 3372 2239 3446 disputat
2263 3372 2515 3427 Lobeck.
2539 3374 2666 3446 Agl.
2691 3390 2753 3445 p.
2782 3370 2916 3446 899.
2943 3410 3010 3419 —
3029 3376 3176 3430 Num
3200 3376 3274 3430 ad
3295 3378 3400 3431 ho-

1849 3477 1976 3513 rum
1993 3459 2462 3533 philosophorum
2479 3461 2794 3531 exemplum
2812 3461 3111 3516 Herculem
3134 3463 3400 3519 Herodo-

1848 3564 1943 3599 rus
1954 3546 2268 3601 efformavit
2280 3586 2297 3613 ,
2311 3544 2595 3618 indignam
2608 3544 2782 3600 heroe
2799 3547 2984 3618 patrio
2997 3565 3222 3603 censens
3232 3568 3400 3622 quam

1850 3632 2019 3707 vulgo
2045 3633 2094 3687 ei
2124 3631 2397 3705 affingunt
2422 3633 2818 3687 voracitatem?
2848 3629 3097 3689 Fortasse
3124 3652 3192 3690 ex
3214 3638 3401 3691 Hero-

1850 3718 1996 3774 doro
2024 3717 2186 3774 fluxit
2208 3719 2365 3791 quod
2393 3719 2670 3792 Porphyr.
2702 3719 2742 3772 l.
2772 3720 2809 3773 1.
2834 3738 2885 3774 c.
2916 3719 2985 3786 34
3018 3734 3245 3777 narrat:
3276 3725 3399 3779 Ali-

1847 3824 2003 3859 mum
2039 3807 2268 3860 Herculi
2297 3808 2356 3860 in
2396 3805 2611 3859 deserta
2654 3804 2844 3877 Libyae
2885 3817 3249 3879 penetratura
3287 3828 3395 3882 pro

1846 3895 2053 3950 viatico
2080 3914 2110 3949 a
2140 3895 2341 3954 Cerere
2376 3894 2568 3949 datum
2598 3911 2731 3948 esse.
2763 3894 2873 3949 Sed
2903 3896 3076 3967 ipsam
3106 3896 3249 3951 hanc
3294 3916 3398 3952 ex-

1844 3983 2192 4055 peditionem
2221 3982 2369 4035 libro
2395 3983 2594 4054 quinto
2621 3997 2853 4035 narrare
2875 3983 2967 4036 vix
3002 3985 3188 4056 potuit
3217 3986 3399 4039 Hero-

1847 4069 2052 4139 dorns3
2081 4070 2122 4125 si
2149 4068 2376 4142 quidem
2402 4079 2553 4124 recte
2578 4086 2636 4123 se
2659 4087 2922 4125 numerus
2946 4070 3134 4127 habet.

2578 4215 2669 4254 20.

2289 4325 2335 4383 Ε
2377 4325 2606 4384 LlBRo
2648 4324 2960 4384 DEclMo.

1923 4446 2187 4518 Sequitur
2214 4447 2462 4501 narratio
2490 4445 2563 4501 de
2591 4447 2854 4501 armentis
2878 4446 3151 4519 Geryonis
3177 4446 3393 4522 digres-

1844 4533 2097 4587 sionibus
2117 4532 2504 4606 geographicis
2531 4532 2807 4588 distincta.

1850 4694 2044 4741 cuniam
2085 4706 2146 4741 ex
2178 4693 2325 4742 sacris
2350 4706 2517 4741 eorum
2547 4693 2594 4742 in
2618 4693 2852 4743 masuris
2882 4693 3137 4756 repositam
3158 4694 3204 4743 in
3233 4708 3398 4744 muros

1848 4768 2163 4819 exsti-nendos
2187 4768 2487 4832 impendisse.

2581 4868 2664 4918 19.

1911 4961 2052 5012 Alimi
2085 4959 2187 5010 sive
2221 4959 2433 5009 untedoe
2455 4960 2631 5008 famem
2648 4958 2867 5021 pellentis
2890 4956 3163 5008 liet-odorus
3182 4958 3400 5008 meminit

1850 5032 1975 5089 libro
1996 5038 2167 5101 quinto
2183 5036 2245 5087 de
2270 5037 2413 5086 rebus
2432 5036 2664 5086 liei-culis.

2582 5137 2666 5186 20.

1912 5229 2082 5278 iberiae
2106 5231 2219 5277 sunt
2254 5227 2381 5276 ἀπ’.
2414 5227 2570 5276 Altera
2600 5225 2725 5274 circa
2745 5224 2991 5273 columnus
3014 5224 3296 5284 Herculeas,
3335 5225 3398 5273 ab

3189 5317 3215 5355 3
