3900 6042
1396 402 2082 539 EUGEON
2170 397 2827 535 SAMIUS.

602 923 901 995 Dionysius
918 917 1039 974 Hal.
1057 918 1131 973 de
1146 919 1320 973 Thuc.
1338 916 1515 988 judic.
1542 936 1592 971 c.
1620 915 1652 972 5
1684 913 1950 992 εἎρχαῖοι
1973 913 2068 988 μὲν

521 999 610 1065 οὖν
634 1005 945 1085 συγγραφεῖς
984 1002 1168 1059 πολλοὶ
1197 1000 1286 1059 καὶ
1315 1000 1451 1058 κατὰ
1484 999 1709 1066 πολλοὺς
1733 1000 1919 1065 τόπους
1954 997 2069 1075 ἐγέ-

520 1116 666 1150 νοντο
693 1093 795 1170 πρὸ
812 1095 904 1149 τοῦ
945 1090 1436 1159 Πελοποννησιακοῦ
1462 1085 1695 1162 πολέμου
1713 1108 1727 1123 ·
1755 1089 1807 1146 ἐν
1831 1076 1903 1150 οἷς
1929 1086 2070 1143 ἐστὶν

522 1180 791 1256 Εὐγέων
820 1199 883 1234 τε
913 1178 941 1232 ὁ
972 1174 1215 1249 Σάμιος
1246 1172 1338 1231 καὶ
1361 1169 1586 1251 Δηίοχος
1612 1176 1640 1230 ὁ
1670 1170 2072 1251 Προικοννήσιος

521 1266 612 1324 καὶ
643 1264 886 1340 Εὔδημος
904 1266 932 1319 ὁ
955 1262 1150 1340 Πάριος
1177 1259 1266 1318 καὶ
1294 1262 1576 1336 Δημοκλῆς
1616 1262 1644 1317 ὁ
1684 1257 1955 1335 Φυγελεὺς
1982 1257 2072 1316 καὶ

522 1352 799 1416 Ἑκαταῖος
838 1353 865 1407 ὁ
890 1347 1147 1419 Μιλήσιος
1177 1346 1208 1404 ὅ
1227 1369 1284 1403 τε
1307 1345 1541 1426 Ἀργεῖος
1571 1345 1897 1412 Ἀκουσίλαος
1920 1345 2010 1403 καὶ
2045 1347 2073 1401 ὁ

525 1436 883 1519 Λαμψακηνὸς
896 1435 1090 1515 Χάρων
1110 1433 1199 1493 καὶ
1216 1437 1244 1491 ὁ
1259 1433 1613 1505 Χαλκηδόνιος
1636 1431 2073 1510 Ἄμελησαγόρας.

560 1548 571 1559 ·
602 1531 837 1601 Eugeon
875 1527 1090 1581 Samius
1129 1524 1358 1579 fortasse
1384 1524 1794 1595 antiquissimus
1827 1521 1934 1576 fuit
1973 1513 2074 1595 U)

524 1633 725 1671 eorum
750 1615 848 1685 qui
865 1607 1062 1689 Ὤρους
1081 1612 1396 1666 Samiorum
1419 1610 1668 1665 condere
1691 1609 2071 1664 instituerunt.

526 1700 683 1759 Idem
712 1709 1100 1773 argumentum
1134 1715 1309 1769 quum
1339 1695 1603 1768 deinceps
1629 1696 1724 1749 alii
1753 1695 2074 1768 complures

524 1784 878 1840 tractandum
899 1784 1003 1838 sibi
1037 1783 1366 1850 sumserint,
1396 1781 1552 1836 vides
1590 1785 1689 1854 qui
1733 1781 1941 1836 factum
1965 1782 2070 1854 sit,

524 1885 589 1927 ut
610 1873 888 1945 Eugeonis
912 1870 1187 1925 memoria
1210 1886 1360 1922 nunc
1399 1885 1576 1923 crassa
1606 1878 1897 1940 prematur
1941 1867 2077 1922 cali-

525 1959 676 2031 gine.
692 1957 948 2011 Nominis
965 1956 1195 2009 alteram
1210 1953 1449 2007 sormam
1465 1952 1691 2009 exhibet
1704 1954 1920 2023 Suidas‚
1940 1955 2040 2025 qui
2059 1973 2071 2007 ε

529 2040 789 2118 Εὖγαίων,
809 2037 975 2113 ὄνομα
1011 2033 1206 2114 κύριον,
1228 2051 1284 2094 et
1306 2040 1454 2094 inter
1477 2038 1753 2113 harytona
1774 2040 2080 2113 Theogno-

527 2139 641 2182 stus
663 2130 722 2181 in
748 2127 998 2197 Crameri
1029 2124 1245 2180 Anecd.
1278 2125 1377 2181 Gr.
1409 2127 1525 2180 vol.
1556 2128 1632 2194 11,
1656 2145 1718 2200 p.
1748 2144 1844 2198 29,
1883 2126 1937 2181 3.
1971 2128 2077 2181 Ea-

531 2214 660 2269 dem
689 2214 884 2268 leviter
906 2222 1172 2285 corrupta
1198 2222 1279 2266 est
1303 2214 1360 2265 in
1382 2213 1588 2267 Photio
1630 2232 1687 2267 v,
1710 2209 1859 2281 Νηΐς.

978 2455 997 2518 [
1025 2449 1209 2509 ΩΡΟΙ
1255 2449 1574 2509 ΣΑΜΙΩΝ.
1601 2456 1620 2520 ]

1290 2593 1335 2628 1.

610 2687 775 2741 Phot.
793 2688 1007 2795 Lex÷v0
1026 2679 1191 2755 Νηΐςε
1218 2684 1326 2744 Καὶ
1341 2686 1394 2742 ἐν
1419 2685 1588 2767 Σάμῳ
1609 2686 1663 2744 δὲ
1678 2687 1828 2768 θηρία
1849 2688 2085 2765 γενέσθαι

532 2780 634 2847 (sc.
668 2768 877 2849 φασὶν),
907 2794 979 2829 ων
1014 2769 1373 2851 φθεγγομένων
1405 2772 1684 2851 ῥήγνυσθαι
1696 2771 1791 2844 τὴν
1815 2779 1939 2850 γῆν·
1959 2777 2087 2833 ἐκα-

532 2860 715 2916 λοῦντο
737 2855 793 2914 δὲ
821 2856 942 2929 νηία
971 2856 1118 2935 (scr.
1149 2858 1320 2927 νηίδες
1341 2860 1386 2935 ),
1407 2865 1623 2926 ωςεῦται
1645 2885 1716 2918 ων
1750 2862 1848 2938 (ὡς
1871 2861 2084 2921 ἐνταίων

533 2946 774 3014 Suidas.;
802 2964 912 3002 scr.
940 2945 1009 3009 ὣς
1035 2942 1280 3020 Εὖγαίων
1300 2950 1337 3021 ).

612 3033 756 3085 Rem
777 3041 980 3104 praeter
1006 3034 1327 3105 Eugeonem
1348 3046 1579 3089 narrant
1595 3033 1913 3092 Heraclides
1929 3039 2087 3093 Pon-

536 3116 675 3171 ticus
692 3118 751 3170 in
769 3118 1083 3172 Samiorum
1097 3118 1241 3191 Rep.
1261 3120 1405 3188 init„
1426 3129 1482 3174 et
1497 3121 1831 3194 Euphorion
1846 3125 1904 3177 in
1927 3120 2088 3182 Ὑπο-

434 3199 455 3218 ⁶
535 3198 801 3277 μνήμασιν
818 3202 1095 3279 ἱστορικοῖς
1111 3222 1202 3276 ap.
1225 3206 1429 3261 AElian.
1453 3209 1528 3263 Η.
1560 3210 1631 3262 Α.
1647 3209 1842 3278 XVII,
1869 3209 1964 3279 28,
1989 3212 2089 3267 ubi

535 3285 704 3359 νηίδες
731 3291 792 3343 in
817 3286 1010 3358 νηάδας
1031 3290 1310 3346 abierunt.
1341 3293 1594 3366 Uterque
1622 3312 1691 3349 ex
1714 3297 1919 3351 Nostro
1947 3298 2089 3353 hau-

535 3379 696 3445 serit,
718 3393 902 3448 neque
935 3388 1015 3431 est
1033 3395 1135 3431 cur
1160 3376 1448 3433 audiamus
1464 3381 1767 3436 Kiisterum
1784 3395 1841 3438 et
1869 3386 2089 3441 Meine-

536 3464 692 3517 kium
721 3462 811 3537 (ad
839 3463 1093 3535 Euphor.
1115 3481 1174 3536 p.
1201 3464 1317 3539 77),
1339 3468 1436 3538 qui
1468 3468 1851 3540 Euphorionis
1879 3489 2090 3527 nomen

537 3568 629 3621 ap.
660 3549 923 3604 Photium
946 3561 1001 3605 et
1025 3550 1253 3605 Suidam
1268 3554 1469 3624 reponi
1481 3553 1783 3625 jusserunt.
1806 3558 2090 3613 AElianum

537 3635 883 3708 negligenter
911 3637 1201 3708 exscripsit
1225 3639 1549 3710 Apostolius
1581 3641 1695 3709 xl,
1741 3660 1831 3697 ια.
1870 3674 1943 3685 -
1983 3646 2089 3699 Fa-

540 3721 686 3776 bulae
722 3740 911 3776 ansam
935 3722 1216 3778 dederunt
1239 3743 1359 3781 ossa
1381 3726 1687 3783 bestiarum
1719 3730 2092 3786 antediluvia—

540 3826 769 3875 narum,
799 3810 1068 3866 innuente
1089 3812 1453 3883 Euphorione
1477 3813 1517 3868 l.
1543 3816 1601 3883 l.,
1625 3817 1722 3888 qui
1750 3816 1879 3873 ὀστᾶ
1905 3814 1986 3873 ἔτι
2003 3816 2094 3874 καὶ

541 3896 630 3949 νῦν
656 3893 826 3950 αὐτῶν
853 3892 1145 3951 δείκνυσθαι
1169 3893 1375 3972 μεγάλα
1395 3899 1652 3956 affirmat.
1686 3903 1764 3960 Cf.
1809 3905 2090 3975 Panofka,

541 3982 652 4035 Res
668 3982 905 4039 Samior.
932 4000 993 4055 p.
1034 4001 1123 4037 10.

621 4070 704 4123 Ex
724 4070 988 4142 Eugeone
1002 4069 1229 4126 fortasse
1240 4070 1522 4127 fluxerunt
1537 4092 1659 4146 quae
1670 4077 1931 4157 leguntur
1944 4080 2095 4152 apud

543 4155 853 4211 Herodian.
891 4155 964 4212 Π.
996 4177 1112 4229 μον.
1137 4154 1240 4223 λέξ.
1260 4177 1319 4231 p.
1348 4178 1400 4230 7,
1422 4178 1463 4233 9
1491 4178 1506 4217 ε
1536 4156 1694 4217 Ἀλλὰ
1724 4160 1813 4218 καὶ
1841 4164 1873 4231 ἡ
1907 4162 1998 4221 νέα
2021 4167 2093 4235 νῆ

604 4281 667 4343 (*)
701 4280 929 4330 Simonidi
958 4283 1243 4344 Amos-gine,
1263 4283 1629 4347 iambographo‚
1650 4287 1878 4337 tribuitur
1900 4290 2090 4351 Σαμίων

544 4350 849 4414 ἀρχαιολσγία
870 4351 1070 4410 (suidas
1090 4365 1139 4400 v.
1165 4353 1363 4416 Σιμμίας
1379 4353 1556 4412 Ῥόδιος
1578 4357 1663 4405 ubi
1678 4371 1726 4406 v.
1749 4358 2094 4423 interpretes„

542 4419 719 4481 quibus
737 4419 894 4468 verbis
912 4419 1148 4470 iudicatur
1182 4435 1391 4472 carmen
1414 4424 1675 4486 elegiacum
1712 4441 1788 4477 res
1821 4430 2095 4478 Samiorum

543 4488 818 4537 describens
830 4525 845 4550 ,
869 4490 995 4538 cuia
1019 4493 1354 4541 Grammaticis
1370 4494 1697 4558 arcliaeologiae
1718 4510 1894 4547 nomen
1912 4512 1940 4546 a
1958 4513 2009 4548 re
2027 4501 2097 4550 in-

544 4556 699 4606 ditum
720 4561 818 4620 est,
839 4559 910 4608 uti
931 4564 1060 4609 recte
1077 4564 1272 4611 censent
1298 4564 1509 4613 Panoska
1540 4579 1616 4614 res
1634 4570 1763 4616 Sam.
1798 4581 1846 4629 p.
1878 4572 1937 4616 24
1962 4573 2096 4632 not.;

545 4627 788 4676 Welcker.
810 4628 1040 4678 Simonid.
1063 4635 1253 4693 Amorg.
1279 4632 1462 4694 Reliqq.
1486 4647 1534 4696 p.
1556 4639 1604 4695 73
1636 4639 1816 4685 Osann.
1844 4638 1893 4686 in
1916 4640 2093 4690 Rhein.

547 4697 681 4744 Mus.
699 4700 816 4745 184³
835 4709 884 4758 p.
914 4704 1022 4759 500,
1042 4698 1127 4747 ubi
1144 4701 1346 4749 conferri
1363 4702 1502 4763 jubet
1529 4704 1647 4754 Hal.
1668 4708 1790 4754 Lm·
1813 4710 1952 4758 Zeic.
1979 4715 2094 4759 182³

548 4776 596 4825 p.
624 4768 760 4825 788„
781 4767 1099 4829 zeitschsts.
1127 4770 1579 4822 Alter-thummim.
1610 4780 1725 4824 1826
1749 4790 1795 4838 p.
1820 4784 1929 4827 366.

2373 721 2484 729 ——

2160 911 2431 991 εἰρημένον
2475 913 2527 969 ἐν
2570 913 2790 986 Σαμίων
2829 910 2981 991 ὥροις
3012 914 3162 989 (vgo
3187 912 3377 992 ὅροις).
3411 940 3435 965 ιι
3464 915 3551 990 Τῇ
3579 916 3632 973 δὲ
3655 920 3717 995 νῇ

2156 1002 2259 1056 τῶν
2302 997 2680 1075 Πυθογειτνίων
2716 998 2785 1074 (ἓ)
2832 1020 2910 1063 τις
2934 998 3022 1057 τὸν
3061 998 3251 1080 φυρτὸν
3278 1000 3562 1076 ἐλάμὸανε.
3598 1029 3623 1053 ²·
3653 1007 3722 1060 Et

2157 1106 2214 1160 p.
2234 1087 2331 1161 39,
2355 1087 2427 1142 32
2454 1083 2650 1154 τὝλη
2674 1085 2727 1142 ἐν
2742 1083 2958 1160 Σαμίων
2976 1083 3255 1171 ὥροιςμῇ
3274 1086 3446 1166 8ροις)·
3467 1116 3492 1139 «ι
3509 1090 3622 1150 Καὶ
3635 1092 3724 1149 οὗ·

2159 1170 2280 1229 δένα
2305 1169 2590 1242 κατέδησεν
2609 1173 2712 1229 τῶν
2725 1174 2818 1242 τῆς
2835 1169 2961 1241 ὕλης
2980 1174 3282 1251 μετασχεῖν.
3307 1202 3334 1225 u
3360 1179 3560 1233 Priore
3583 1180 3716 1234 loco

2158 1263 2442 1334 scripseris
2487 1264 2578 1317 τοῦ
2630 1261 3096 1336 Πυθογειτνιῶνος,
3156 1281 3334 1335 quum
3379 1283 3469 1319 res
3517 1268 3721 1320 mensis

2160 1366 2370 1402 nomen
2418 1345 2669 1421 flagitare
2708 1347 2989 1403 videatur.
3031 1349 3274 1404 Aliunde
3308 1349 3380 1406 de
3423 1352 3723 1425 Pythogit-

2160 1434 2335 1490 nione
2361 1453 2480 1489 non
2498 1444 2744 1503 constat;
2781 1446 2933 1490 certe
2960 1453 3079 1490 non
3105 1438 3362 1491 meminit
3386 1435 3506 1507 ejus
3523 1440 3587 1493 C.
3621 1440 3717 1496 Fr.

2162 1524 2470 1577 Hermann.
2494 1526 2550 1575 ἰη
2584 1520 2801 1579 Gn'ech.
2830 1521 3258 1580 Monam-unde.
3282 1524 3724 1597 componendus

2161 1607 2331 1662 fuerit
2364 1626 2494 1663 cum
2517 1607 2835 1663 Atticorum
2861 1609 3294 1682 Metagitnione‚
3330 1628 3499 1683 quem
3536 1612 3722 1684 Apol-

2162 1694 2260 1748 lini
2283 1713 2501 1749 sacrum
2529 1694 2691 1749 fuisse
2712 1694 2926 1750 indicat
2948 1695 3150 1751 Suidas
3188 1714 3244 1754 ν.
3270 1716 3315 1751 s.
3352 1716 3366 1751 :
3394 1697 3448 1753 ἐν
3474 1693 3532 1753 δὲ
3553 1692 3725 1774 τούτῳ

2163 1777 2450 1837 Ἀπόλλωνι
2469 1778 2827 1859 Μεταγειτνίῳ
2846 1778 3041 1841 Θύουσι.
3069 1782 3229 1837 Idem
3252 1786 3311 1836 in
3330 1784 3518 1840 Samio
3535 1804 3725 1840 mense

2164 1867 2345 1939 ipsum
2365 1885 2577 1922 nomen
2598 1886 2832 1942 arguere
2846 1867 3091 1923 videtur.
3122 1870 3288 1924 Sacra
3307 1872 3408 1926 ista
3423 1872 3726 1945 Apollinea

2163 1955 2208 2007 si
2236 1955 2357 2026 ipso
2386 1956 2590 2009 mensis
2633 1956 2798 2009 initio
2834 1955 3287 2025 instituebantur,
3335 1957 3454 2012 haec
3492 1958 3726 2013 sortasse

2165 2040 2350 2096 verbis
2372 2041 2474 2096 τῶν
2494 2037 2872 2115 Πυθογειτνίων
2887 2042 3248 2116 intelligenda
3266 2055 3412 2112 sunt,
3434 2062 3544 2099 nec
3566 2045 3724 2117 quid·

2167 2145 2337 2202 quam
2363 2126 2715 2181 mutandum.

2917 2233 2973 2270 2.

2250 2316 2486 2379 Hom'eri
2526 2334 2584 2394 et
2624 2324 2856 2380 Hesiodi
2883 2326 3123 2382 Certam.
3163 2347 3224 2401 p.
3262 2328 3333 2393 31.
3374 2330 3434 2383 in
3464 2330 3722 2408 Βιογραφ.

2172 2410 2580 2467 Westermanni
2607 2429 2621 2464 ε
2650 2405 2959 2477 Ἑλλάνικος
2980 2410 3076 2487 μὲν
3100 2410 3201 2492 γὰρ
3229 2412 3319 2470 καὶ
3344 2413 3614 2485 Κλεάνθης
3639 2413 3726 2471 τὸν

2171 2494 2375 2575 πατέρα
2394 2496 2552 2553 αὖτοῦ
2587 2492 2793 2553 Μαίονα
2813 2495 3069 2573 λέγουσιν,
3102 2499 3342 2578 Εὖγαίων
3368 2499 3424 2558 δὲ
3452 2500 3684 2572 Μέλητα
3702 2547 3717 2573 ,

2174 2583 2482 2653 Καλλικλῆς
2510 2578 2565 2639 δὲ
2591 2582 2967 2663 Δμασαγόραν,
2994 2585 3316 2666 Δημόκριτος
3343 2586 3397 2644 δὲ
3417 2588 3728 2666 Τροιζήνιος

2173 2667 2427 2744 Δαήμονα
2453 2666 2698 2748 ἔμπορον.

2255 2753 2535 2832 Εὗγαίων]
2589 2757 2916 2814 Meinekius.
2961 2761 3125 2821 Anal.
3172 2763 3332 2820 Alex.
3386 2781 3449 2835 p.
3481 2762 3578 2818 61.
3623 2763 3730 2821 Et»-

2177 2841 2347 2919 μαίων
2368 2844 2561 2917 vulgo.
2670 2880 2674 2885 «

2924 2931 2978 2986 3.

2256 3037 2453 3096 Suidas
2481 3060 2493 3095 ι
2527 3037 2791 3105 Αἴσωπος.
2826 3039 3027 3117 Σάμιος
3048 3041 3084 3113 ἢ
3118 3044 3430 3123 Σαρδιανός·
3463 3045 3736 3122 Εὖγείτων

2178 3125 2234 3183 δὲ
2253 3124 2660 3207 Μεσημὸριανὸν
2684 3117 2828 3186 εἶπεν
2846 3149 2859 3164 ·
2880 3127 3058 3202 ἄλλοι,
3089 3129 3329 3190 Κοτυαέα
3352 3131 3564 3209 Φρύγα.

2258 3211 2563 3292 Εὖγεζτων]
2619 3216 2849 3292 Εὗγείων
2896 3237 3118 3275 correx.
3180 3223 3384 3294 Cuper.
3427 3223 3564 3279 Ohs.
3622 3226 3703 3282 1v
3719 3266 3736 3294 ,

2178 3320 2240 3375 p.
3264 3305 3294 3364 *o

2182 3388 2276 3445 56.
2300 3420 2381 3432 --
2408 3386 2851 3468 Μεσημβριανὸν]
2875 3389 3207 3469 μισημὸριαν
3236 3394 3367 3450 cod.
3394 3399 3465 3452 A.
3496 3396 3740 3472 Μεσημ-

2182 3471 2386 3552 6ριανὸς
2406 3479 2474 3532 V.
2495 3479 2651 3532 ΕΛ).
2675 3489 2731 3533 et
2745 3478 2878 3533 edd.
2910 3490 3038 3534 ante
3052 3482 3377 3535 Kiisterum.
3409 3483 3570 3538 Unus
3597 3486 3736 3540 cod.

2180 3562 2353 3618 Paris.
2379 3561 2788 3639 Μαρμαριανόν,
2808 3580 2918 3637 pro
2938 3583 3053 3638 quo
3075 3568 3516 3623 Hemsterhusius
3531 3576 3741 3644 reponi

2180 3650 2357 3702 voluit
2370 3645 2721 3727 Ἄρμοριανόν,
2733 3653 2938 3706 collato
2957 3653 3210 3723 Planude
3236 3656 3360 3709 init.
3373 3657 3483 3710 vit.
3502 3658 3736 3732 AEsopi:

2179 3733 2257 3791 Τὸ
2286 3729 2382 3809 μὶν
2406 3731 2547 3810 γένος
2574 3732 2627 3802 ἐξ
2650 3733 2887 3815 Ἀμορίου
2914 3739 3007 3807 τῆς
3028 3737 3269 3816 Φρυγίας
3297 3743 3493 3813 κατῆγε
3515 3745 3614 3812 τῆς
3639 3766 3740 3815 με·

2182 3817 2349 3896 γάλης
2370 3819 2664 3891 ἐπίκλησιν.
2690 3856 2772 3867 -
2796 3826 3072 3882 Thracem
3103 3838 3269 3900 gente
3294 3826 3559 3902 AEsopum
3583 3846 3752 3904 prae-⁴

2183 3918 2269 3963 ter
2298 3910 2619 3982 Eugeonem
2655 3910 2787 3966 facit
2822 3913 2998 3967 schol.
3046 3915 3334 3987 Aristoph.
3372 3919 3478 3971 Av.
3528 3928 3638 3986 ⁴7¹
3671 3932 3744 3974 ·et

2182 3994 2506 4051 Heraclides
2519 3998 2578 4050 in
2592 3999 2908 4065 Samiorum
2927 4000 3048 4056 Pol.
3070 4017 3085 4057 z
3108 3988 3219 4057 q'flio
3247 3997 3301 4056 δὲ
3322 3998 3471 4079 Θρᾲξ
3483 4000 3545 4059 τὸ
3564 3996 3742 4079 γένος,

2183 4078 2512 4158 ἠλευθερώθη
2551 4079 2607 4138 δὲ
2648 4081 2749 4140 ὑπὸ
2787 4079 3024 4158 Ἴδμονος
3065 4087 3153 4141 τοῦ
3199 4090 3394 4165 κωφοῦ.
3427 4089 3507 4143 Cf.
3538 4087 3745 4146 Suidas

2185 4167 2223 4222 l.
2246 4167 2278 4219 l.
2311 4186 2324 4220 :
2352 4166 2578 4238 Οἰκέτην
2599 4166 2653 4226 δὲ
2676 4166 2944 4249 γενέσθαι(
2965 4168 3210 4230 Αἴσωπόν
3233 4172 3392 4252 φασι)
3414 4173 3622 4231 Ξάνθου
3650 4182 3744 4233 τοῦ

2186 4250 2384 4309 Λυδοῦ·
2407 4250 2563 4310 ἄλλο
2580 4278 2623 4325 ι,
2669 4254 2847 4333 ἀνδρός
2878 4279 3013 4321 τινος
3041 4256 3248 4332 Σαμίου
3279 4260 3572 4336 Ἰάδμονος,
3600 4261 3745 4319 οὔτι·

2185 4359 2267 4402 νος
2305 4337 2394 4395 καὶ
2422 4342 2455 4408 ἡ
2483 4337 2741 4406 Ῥοδῶπις
2775 4340 2933 4412 δούλη
2977 4334 3070 4413 ἦν·
3100 4344 3164 4414 ἣν
3191 4345 3402 4425 ἑταίραν
3454 4346 3744 4425 γενομένην

2185 4425 2441 4504 Θρᾷσσαν
2461 4425 2521 4483 τὸ
2534 4425 2708 4504 γένος,
2731 4426 2970 4509 Χάραξος
2997 4434 3025 4487 ὁ
3056 4431 3272 4511 ἀδελφὸς
3302 4432 3554 4514 Σαπφοῦς
3582 4434 3745 4492 ἔλαθε

2186 4518 2423 4587 γυναῖκα.
2452 4545 2529 4556 --
2554 4539 2577 4562 α
2606 4518 2744 4587 Quae
2770 4517 3028 4573 Grauerti
3078 4518 3095 4593 (
3121 4522 3452 4594 Bernhardy
3497 4524 3577 4577 ait
3600 4524 3617 4597 )
3658 4526 3748 4579 De

2185 4595 2393 4671 AEsopo
2438 4619 2499 4672 p.
2531 4601 2603 4671 67
2634 4602 2738 4656 suit
2762 4604 2957 4675 opinio
2976 4643 2993 4672 ,
3036 4602 3448 4684 Μεσημὸριανὸν
3473 4625 3603 4662 eum
3627 4627 3746 4663 esse

2163 4686 2285 4757 qui
2312 4704 2343 4739 e
2360 4697 2506 4742 terra
2531 4706 2721 4743 versus
2744 4690 3037 4746 meridiem
3062 4694 3163 4747 sita
3191 4693 3468 4767 originem
3493 4694 3745 4765 duxerit,

2186 4789 2308 4825 eam
2327 4773 2543 4828 dudum
2562 4814 2578 4844 ,
2608 4787 2750 4848 puto
2768 4816 2784 4843 ,
2809 4788 3008 4832 auctor
3033 4779 3152 4851 ipse
3170 4781 3387 4850 rejecit.
3424 4805 3448 4831 ι.

1138 4865 3717 4907 Ἣ

883 4913 1261 4991 [ANNALES
1301 4919 1762 4999 samonum]

1298 5016 1346 5064 1.

612 5103 665 5147 in
684 5103 827 5149 Samo
858 5101 982 5149 seras
1008 5101 1150 5151 fuisse
1166 5103 1387 5164 tradunt,
1405 5106 1555 5153 tantm
1586 5107 1745 5179 vocis,
1767 5111 1822 5156 ut
1845 5111 2101 5160 clamando

552 5181 827 5242 rumperent
839 5180 1039 5231 terram.
1054 5181 1422 5242 appellabantur
1436 5182 1621 5243 Neidoe,
1638 5187 1691 5234 ut
1709 5189 1901 5247 Eugeon
1916 5192 2094 5238 narrat.

2255 5021 2441 5078 Eugeon
2459 5022 2642 5082 patrem
2665 5022 2858 5072 Homeri
2882 4944 2997 5072 diist
3015 5010 3256 5073 h'icietem.

2251 5181 2476 5242 AEsopum
2507 5184 2696 5244 Eugeon
2723 5105 3123 5234 Mesembraianum
3141 5185 3276 5234 dicit.
