3900 6042
542 456 651 506 ³³²
1235 456 1243 467 ·
1849 445 1995 505 LEO
2041 446 2426 508 PELLAEUS.

539 587 648 623 non
684 587 724 621 a
745 574 951 639 poetis,
994 573 1099 621 sed
1121 573 1372 637 mysticis
1390 585 1574 620 eorum
1601 569 1775 621 literis
1797 574 2081 622 memoriae
2174 570 2274 623 ubi
2292 575 2440 630 Voss.
2466 573 2607 627 Hist.
2639 590 2695 644 p.
2722 577 2831 641 474
2853 571 3018 626 scrib.
3048 571 3275 642 conjicit
3311 572 3371 624 in
3400 546 3563 644 δεσρ..
3596 570 3735 647 Προ-

538 656 810 709 mandata
840 660 972 720 sint,
1010 662 1152 709 sicut
1191 657 1376 709 Leone
1415 656 1698 709 sacerdote
1715 657 1984 727 prodente
2010 657 2093 709 ad

540 740 929 814 Olympiadem
947 744 1139 796 scribit
1162 742 1504 808 Alexander,
1545 744 1735 814 legant
1751 748 1848 815 qui
1864 746 2080 797 volunt.

537 829 620 883 Cf.
650 831 814 883 etiam
833 829 992 884 Idem
1011 832 1097 884 De
1118 847 1273 884 conS.
1296 830 1509 902 Evang.
1538 830 1564 882 1
1582 869 1598 897 ‚
1633 829 1726 885 23.

1285 939 1339 997 5.

617 1057 902 1110 Arnobius
927 1056 1023 1122 lv,
1052 1073 1127 1127 29
1151 1074 1164 1112 :
1191 1056 1486 1109 Possumus
1514 1056 1734 1128 quidem
1754 1055 1855 1109 hoc
1883 1062 1940 1110 in
1972 1058 2088 1111 loco

537 1162 725 1197 omnes
765 1149 921 1209 istos,
956 1144 1113 1196 nobis
1151 1162 1285 1215 quos
1319 1144 1579 1196 inducitis
1614 1155 1782 1216 atque
1828 1146 2088 1216 appella-

540 1235 607 1283 tis
632 1232 787 1295 deos,
838 1229 1088 1284 homines
1100 1227 1288 1298 fuisse
1315 1241 1640 1295 monstrare,
1680 1231 1779 1283 vel
1811 1234 2085 1304 Agrigen-

539 1321 654 1367 tino
699 1316 1007 1369 Euhemero
1036 1319 1374 1389 replicato...
1419 1317 1516 1372 vel
1552 1318 1610 1370 Ν
1615 1321 1840 1388 icagora
1888 1317 2088 1389 Cyprio

537 1403 638 1455 vel
681 1403 894 1456 Pelloeo
941 1404 1122 1457 Leone
1163 1405 1265 1457 vel
1308 1402 1607 1474 Cyrenensi
1660 1403 1710 1455 T
1703 1402 1943 1457 heodoro
1993 1405 2094 1458 vel

539 1491 800 1561 Hippone
839 1508 909 1542 ac
943 1491 1197 1561 Diagora
1233 1492 1428 1544 Meliis
1461 1491 1561 1544 vel
1592 1492 1903 1543 auctoribus
1954 1493 2087 1545 aliis

539 1577 711 1632 mille.

617 1664 728 1717 Pro
766 1664 1056 1734 Nicagora
1081 1663 1337 1719 nonnulli
1366 1663 1634 1718 exhibent
1656 1665 1968 1732 Nicanore,
2007 1674 2087 1718 at-

541 1767 650 1821 que
679 1752 755 1803 ita
786 1751 955 1803 etiam
984 1750 1159 1806 Clem.
1199 1751 1288 1805 Al.
1332 1752 1425 1807 Pr.
1466 1768 1530 1816 2,
1559 1768 1617 1822 p.
1653 1769 1705 1819 7,
1743 1769 1847 1823 ια,
1884 1752 1982 1823 qui
2020 1743 2089 1804 e&

539 1836 795 1890 Arnobio
829 1855 922 1891 sua
947 1837 1232 1910 petiverit.
1264 1838 1443 1912 ‚Hunc
1469 1836 1806 1890 Nicanorem
1833 1837 2084 1891 Lobeck.

541 1923 911 1995 Aglaopham.
946 1943 1002 1995 p.
1043 1943 1190 1979 1000
1215 1924 1456 1979 eundem
1486 1940 1599 1976 esse
1622 1934 1806 1977 censet
1831 1943 1958 1977 cum
1987 1942 2085 1989 eo,

541 2013 638 2082 qui
667 2029 758 2082 ap.
782 2012 956 2068 schol.
979 2013 1247 2084 Apollon.
1273 2011 1292 2086 l,
1315 2012 1384 2068 fr.
1423 2030 1446 2065 1
1475 2009 1493 2084 )
1525 2022 1887 2067 memoratur.
1919 2009 2089 2081 Quod

541 2097 676 2150 mihi
707 2115 821 2150 non
857 2099 1146 2170 persuasit.
1179 2100 1323 2153 Nam
1348 2098 1661 2169 Nicogaras
1693 2114 1883 2151 veram
1903 2098 2090 2151 nomi-

541 2185 627 2237 nis
653 2182 891 2238 sormam
922 2182 1039 2253 jam
1090 2184 1222 2239 inde
1269 2183 1523 2255 colligas,
1570 2182 1726 2254 quod
1757 2184 1986 2238 nomina
2030 2185 2091 2236 in

542 2266 735 2347 αγόρας
776 2270 1082 2326 desinentia
1120 2270 1272 2343 apud
1313 2270 1547 2342 Cyprios
1583 2280 1713 2324 sunt
1751 2269 2089 2342 frequentis·

543 2356 701 2414 sima.
727 2358 948 2413 Deinde
991 2377 1129 2413 vero
1151 2359 1495 2428 Nicagoram
1525 2355 1596 2411 de
1624 2357 1796 2429 Cypri
1822 2357 1952 2411 loco
1978 2358 2090 2412 lau-

541 2444 640 2499 dat
667 2444 932 2519 Antigon.
958 2448 1088 2501 Mir.
1126 2446 1234 2515 173
1272 2444 1289 2518 (
1317 2442 1421 2514 157
1451 2446 1747 2499 Weslerm.
1776 2444 1791 2518 )
1824 2461 1840 2500 :
1873 2442 2008 2520 Περὶ
2034 2441 2088 2499 δὲ

540 2533 633 2599 τῆς
661 2533 713 2588 ἐν
745 2530 911 2609 Κιτίῳ
947 2530 1167 2606 (λίμνης
1209 2527 1586 2606 Καλλίμαχός)
1625 2550 1812 2607 φησιν,
1848 2528 2087 2603 Νικαγό-

548 2639 642 2694 ραν
673 2618 903 2695 (εἰπεῖν)
924 2662 939 2689 ,
970 2617 1047 2675 ὅτι
1069 2616 1401 2693 ἀνιμηθείσης
1424 2617 1508 2673 ἐπ’
1541 2615 1712 2692 ὀλίγον
1736 2620 1828 2685 τῆς
1854 2620 1946 2692 γῆς
1972 2616 2090 2683 ἅλες

541 2702 880 2782 εὑρίσκονται.
908 2707 990 2763 Cf.
1018 2709 1164 2763 Plin.
1213 2706 1276 2760 31
1301 2751 1316 2775 ‚
1358 2725 1413 2775 7.
1442 2708 1524 2760 Ex
1553 2725 1668 2778 quo
1693 2707 1820 2760 loco
1855 2719 2092 2779 apparet

540 2794 873 2868 Nicagoram
899 2795 1175 2867 scripsisse
1197 2804 1324 2848 ante
1351 2792 1772 2861 Callimachum3
1795 2810 1979 2863 neque
2004 2805 2088 2847 ta-

539 2899 669 2934 men
695 2883 875 2935 multo
898 2883 1182 2952 antiquior
1209 2879 1545 2935 Callimacho
1567 2878 1753 2933 fuerit.
1775 2878 1940 2933 Adde
1958 2882 2090 2934 Ful·

2177 654 2380 729 μηθέως
2401 659 2560 714 libro.
2595 660 2846 713 Fortasse
2869 668 2988 712 erat
3013 659 3074 711 in
3097 653 3234 733 Περὶ
3261 658 3355 724 τῆς
3381 653 3647 730 ‘Hpufle'nc
3674 662 3735 711 ϋ-

2176 744 2290 801 bro.
2315 774 2396 786 —
2421 745 2610 799 Schol.
2649 745 2839 817 Apoll.
2880 744 2992 801 nh.
3022 746 3111 817 11,
3143 743 3259 817 269
3293 765 3308 797 z
3344 741 3658 819 Νικαγόρας
3684 742 3737 799 δὲ

2179 829 2332 907 φησὶν
2363 827 2466 886 ἀπὸ
2487 833 2590 887 τῶν
2630 828 2877 887 ἇντοίκων
2917 828 3070 886 αὐτὸν
3116 829 3236 904 (τὸν
3262 829 3495 903 Νεῖλον)
3538 835 3663 909 ῥεῖν.
3688 836 3737 888 Is

2178 932 2311 971 num
2328 919 2478 973 idem
2498 920 2567 976 N.
2588 921 2657 973 sit
2676 938 2750 973 an
2767 920 2906 973 alius
2923 921 3131 975 nescio.
3154 920 3311 974 Alius
3330 930 3418 973 est
3434 920 3737 993 Nicagoras

2177 1005 2525 1061 Atheniensis
2559 1008 2832 1079 sophista,
2862 1008 2961 1078 qui
2998 1005 3101 1060 sub
3128 1006 3398 1080 Philippo
3436 1009 3733 1064 Romano-

2178 1110 2305 1145 rum
2353 1094 2691 1166 imperatore
2726 1091 2938 1151 floruit.
2970 1094 3037 1149 V.
3067 1093 3265 1147 Suidas
3315 1112 3371 1147 v.
3410 1090 3735 1171 Νικαγόρας

2176 1180 2331 1234 Voss.
2357 1181 2497 1235 Hist.
2516 1180 2615 1236 Gr.
2635 1198 2697 1254 p.
2723 1178 2859 1249 287.
2881 1179 3213 1252 Nicagoram
3232 1180 3453 1234 Zeliten
3470 1220 3489 1247 ,
3506 1182 3737 1235 Alexan-

2179 1264 2269 1318 dri
2309 1268 2576 1339 aequalem
2594 1308 2609 1336 ‚
2656 1276 2933 1322 memorat
2964 1266 3217 1320 Clemens
3244 1268 3335 1323 Al.
3368 1268 3567 1322 Protr.
3596 1288 3647 1325 c.
3678 1276 3734 1335 4,

2177 1370 2235 1424 p.
2279 1354 2348 1407 16
2384 1355 2537 1426 Sylb.
2573 1373 2586 1408 τ
2619 1351 2689 1412 Τί
2731 1352 2810 1409 δεῖ
2830 1349 2921 1408 καὶ
2962 1348 3260 1431 Νικαγόρου
3301 1355 3632 1427 μεμνῆσθαι.
3660 1387 3735 1397 -

2179 1437 2419 1509 Ζελείτης
2445 1438 2503 1495 τὸ
2543 1438 2685 1516 γε’νος
2712 1429 2775 1509 ἦν
2816 1435 2953 1496 κατὰ
2985 1437 3102 1504 τοὺς
3134 1438 3473 1517 Ἀλεξάνδρου
3516 1440 3735 1516 *seqre-niz<

2177 1523 2409 1603 χρόνους.
2431 1558 2512 1570 -
2533 1525 2733 1603 Ἑρμῆς
2756 1524 3167 1603 προσηγορεύετο
3184 1529 3213 1582 ὁ
3232 1525 3539 1606 Νικαγόρας
3564 1527 3657 1585 καὶ
3674 1532 3735 1605 τῇ

2179 1612 2338 1690 στολῇ
2366 1617 2455 1669 τοῦ
2476 1611 2675 1692 Ἑρμοῦ
2700 1612 2979 1691 ἐκέχρητο,
3006 1614 3074 1678 ὣς
3102 1614 3256 1679 αὐτὸς
3283 1616 3565 1692 μαρτυρεῖ.

2826 1727 2969 1782 ·6.

2258 1837 2511 1910 Hyginus
2537 1836 2694 1891 Poet.
2737 1819 2950 1891 astron.
2980 1836 3070 1903 11,
3117 1853 3192 1889 20
3231 1854 3245 1889 2
3280 1837 3363 1890 De
3393 1836 3733 1894 Hammonis

2176 1928 2472 1999 simulacro
2514 1925 2688 1989 Leon,
2749 1927 2843 1995 qui
2884 1940 2973 1976 res
3022 1925 3326 1995 AEgrptias
3364 1931 3720 1999 conscripsit,

2178 2015 2263 2065 ait
2291 2031 2310 2064 .·
2341 2012 2523 2081 Quum
2546 2011 2714 2063 Liber
2732 2012 3035 2082 AEgyptum
3055 2022 3113 2063 et
3131 2012 3369 2083 reliquos
3373 2012 3540 2083 fines
3564 2032 3735 2085 regno

2182 2111 2389 2153 teneret
2402 2141 2419 2169 ,
2445 2110 2503 2153 et
2522 2102 2712 2153 omnia
2724 2103 2947 2173 primus
2974 2096 3287 2152 hominibus
3306 2101 3623 2154 ostendisse
3648 2104 3733 2155 di-

2177 2198 2397 2252 cerctur,
2450 2186 2811 2239 Hammonem
2856 2186 3130 2258 quendam
3173 2203 3249 2238 ex
3274 2180 3468 2255 Africa
3502 2196 3733 2243 venisse

2178 2283 2233 2326 et
2273 2276 2492 2344 pecoris
2537 2271 2939 2325 multitudinem
2977 2272 3059 2324 ad
3094 2272 3348 2325 LIbemm
3381 2274 3721 2339 adduxisse,

2178 2355 2524 2431 quofacilius
2541 2370 2598 2411 et
2611 2363 2731 2427 ejas
2748 2362 2937 2429 gratia
2958 2369 3199 2411 uteretur
3210 2358 3269 2412 e‘t
3282 2360 3505 2432 aliquid
3506 2366 3730 2432 primus

2180 2451 2446 2499 invenisse
2465 2446 2755 2502 diceretur.
2784 2446 2985 2517 Itaque
2997 2463 3109 2518 pro
3138 2445 3396 2517 beneficio
3421 2450 3550 2515 ejus
3568 2449 3731 2501 Liber

2178 2536 2530 2585 existimatur
2550 2549 2746 2601 agn-um
2780 2531 2996 2584 dedisse
3010 2570 3028 2596 ‚
3061 2536 3155 2603 qui
3177 2543 3263 2584 est
3281 2543 3468 2584 contra
3500 2532 3719 2587 mbas

2180 2621 2505 2691 AEffl‘ptias;
2553 2630 2614 2671 et
2635 2623 2731 2691 qui
2754 2620 3057 2671 simulacra
3078 2615 3315 2687 faciunt
3357 2621 3715 2681 Hammonis,

2179 2712 2364 2778 capite
2415 2717 2639 2759 cornuto
2690 2710 2995 2772 instituunt,
3056 2717 3122 2758 ut
3169 2705 3420 2759 homines
3460 2716 3726 2763 memoria

2180 2806 2419 2860 teneant,
2459 2813 2583 2847 eum
2603 2797 2846 2866 primum
2868 2811 3039 2866 pecus
3059 2794 3382 2848 ostendisse.
3411 2795 3525 2866 Qui
3541 2809 3723 2851 aunem

2178 2883 2248 2935 Li
2253 2878 2376 2934 bero
2423 2879 2651 2949 sactum
2677 2883 2991 2936 voluer-unc
3031 2884 3323 2952 assignare
3339 2923 3352 2945 ,
3421 2883 3575 2954 quod
3620 2903 3722 2938 non

541 2977 694 3039 gent.
730 2968 906 3038 Myth.
936 2968 1025 3037 11,
1052 2968 1086 3021 8
1115 2965 1552 3020 dePrometheo
1584 2982 1599 3021 τ
1634 2966 1893 3034 Quamvis
1915 2968 2089 3020 Nica·
2173 2971 2397 3038 petierit
2418 2968 2493 3020 ab
2517 2968 2851 3032 Hammone,
2882 2967 2986 3020 sed
3003 2968 3146 3021 ultro
3167 2971 3243 3019 sit
3278 2968 3362 3020 ad
3396 2986 3520 3022 eum
3552 2970 3721 3023 adda·

539 3071 708 3123 goras
736 3059 792 3105 in
823 3053 1228 3106 Disthemitlzea
1250 3051 1389 3108 libro
1415 3069 1573 3123 quenz
1610 3057 2089 3125 scripsitprimum
2179 3066 2316 3121 ctus,
2338 3055 2533 3110 ‚Liberi
2554 3066 2774 3108 cornuta
2807 3055 3104 3106 simulacra
3116 3049 3383 3120 fecerunt
3404 3066 3461 3108 et
3490 3060 3714 3109 arieoem

547 3141 702 3192 illum
729 3138 1180 3212 (Prometheum)
1196 3136 1480 3207 formasse
1499 3138 1704 3192 idolum
1734 3136 1941 3207 reserat
1955 3151 2087 3208 etc„

2180 3146 2463 3196 memorioe
2486 3160 2657 3195 causa
2683 3146 2827 3195 inter
2846 3141 3035 3194 sidera
3051 3140 3235 3212 fixum
3260 3142 3544 3196 dixerunt.
