3900 6042
972 465 1069 528 nx
1111 449 1475 531 ms'roma'
1499 450 1821 534 'Posvssu
1867 477 2572 545 MEGALOPOLlTANJ.

160 595 240 663 τῆς
255 592 525 672 σωτηρίας
543 592 639 650 καὶ
663 597 757 664 τῆς
781 594 1182 675 ἐπανορθώσεως
1206 598 1439 675 ἑτοίμους
1458 600 1588 668 ἕξειν
1612 625 1732 660 συν·

162 677 443 755 αγωνιστᾶς
486 681 583 737 καὶ
631 681 909 760 συνεργοὺς
952 683 1076 763 πρὸς
1114 684 1176 745 ,τὸ
1214 688 1731 765 παραγγελλόμενον.

164 769 334 825 Ταῦτα
361 767 410 823 δ’
443 767 673 843 ἐγενήθη
697 768 924 848 πρότερα
948 775 1040 828 τοῦ
1068 769 1215 851 παρὰ
1239 774 1501 856 Φιλίππῳ
1524 775 1734 834 διαδου-

164 855 289 926 λὶου,
316 854 391 919 ὥς
417 855 787 933 ἐδηλώσαμεν·
817 860 906 935 (ιο)
936 860 1050 917 ἀλλ’
1089 860 1296 919 ἐκείνων
1338 861 1475 920 κατὰ
1509 863 1604 935 τὴν
1641 868 1733 933 τ’ἧς

162 941 449 1019 διηγήσεως
471 942 621 1011 τάξιν
659 944 927 1024 προτέρων
962 947 1403 1026 λαμὸανομένων,
1450 953 1731 1029 ἀναγκαῖον

158 1022 215 1101 ἦν
239 1030 403 1097 οὕτως
443 1039 615 1090 ταῦτα
660 1033 923 1113 χειρίζειν,
967 1033 1104 1094 ὥστε
1149 1037 1401 1119 πρότερον
1438 1039 1733 1116 ἐξηγεῖσθαι

159 1117 239 1184 τὰς
265 1117 525 1187 ἐντεύξεις
547 1119 640 1177 καὶ
669 1120 788 1187 τοὺς
813 1123 1216 1200 χρηματισμοὺς
1253 1129 1357 1183 τῶν
1395 1126 1728 1206 πρεσὸευτῶν

160 1206 238 1263 καὶ
272 1208 370 1276 τῆς
415 1207 796 1275 καταστάσεως
841 1209 931 1267 καὶ
973 1213 1066 1282 τῆς
1108 1210 1477 1285 ἕξαποστολῆς.
1573 1211 1644 1277 Ὅ
1672 1214 1727 1274 δὲ

159 1290 469 1369 Ἀγαθοκλῆς
495 1294 590 1373 (ιι)
622 1295 737 1353 ἐπεὶ
776 1294 895 1364 τοὺς
927 1299 1367 1378 ἐπιφανεστάτους
1392 1303 1495 1358 τῶν
1526 1302 1726 1381 ἀνδρῶν

154 1380 382 1440 ἐκποδὼν
410 1382 660 1460 ἐποίησε,
689 1383 781 1442 καὶ
808 1384 869 1442 τὸ
907 1384 1041 1444 πολὺ
1068 1391 1163 1457 τῆς
1187 1392 1278 1446 τοῦ
1306 1387 1534 1458 πλήθους
1571 1392 1728 1468 ὀργῆς

152 1468 526 1548 παρακατέσχε
569 1474 637 1548 τῇ
669 1475 774 1529 τῶν
802 1472 1038 1552 ὀψωνίων
1067 1474 1345 1548 ἀποδόσει,
1377 1474 1524 1554 παρὰ
1564 1477 1726 1545 πόδας

155 1556 221 1620 εἰς
245 1555 344 1625 τὴν
375 1555 435 1623 ἐξ
458 1559 628 1637 ἀρχῆς
658 1557 930 1627 συνήθειαν
957 1560 1238 1630 ἐπανῆλθε.
1323 1563 1432 1620 Καὶ
1474 1562 1589 1646 [τὰς
1630 1563 1724 1637 μὲν

147 1646 243 1700 τῶν
266 1642 439 1723 φίλων
469 1642 651 1722 χώρας
693 1645 1060 1725 ἀνεπλήρωσε,
1083 1647 1490 1727 παρεισαγαγὼν
1533 1653 1592 1709 ἐκ
1631 1654 1725 1721 τῆς

145 1726 408 1794 διακονίας
442 1729 538 1787 καὶ
571 1734 668 1802 τῆς
711 1730 875 1803 ἄλλης
903 1733 1192 1812 ὑπηρεσίας
1233 1735 1346 1800 τοὺς
1376 1737 1726 1804 εἰκαιοτάτους

143 1815 231 1872 καὶ
256 1817 638 1894 θρασυτάτους·
662 1819 816 1886 αὐτὸς
840 1820 895 1878 δὲ
924 1820 986 1878 τὸ
1012 1822 1147 1880 πολὺ
1175 1827 1271 1894 τῆς
1293 1824 1492 1905 ἡμέρας
1510 1826 1601 1884 καὶ
1632 1830 1726 1897 τῆς

142 1904 317 1968 νυκτὸς
344 1907 403 1962 ἐν
439 1904 579 1983 μέθῃ
614 1906 839 1985 διέτριὸε
857 1952 876 1983 ,
903 1908 995 1967 καὶ
1016 1918 1132 1976 ταῖς
1159 1914 1227 1988 τῇ
1254 1911 1387 1990 μέθῃ
1414 1913 1725 1992 παρεπομέ-

144 2013 252 2056 ναις
276 1992 595 2071 ἀκρασίαις,
633 1996 690 2051 οὗ
720 1994 1016 2074 φειδόμενος
1045 1996 1152 2055 οὔτ’
1171 1999 1507 2074 ἀκμαζούσης
1535 2023 1721 2077 γυναι-

137 2076 245 2148 κὸς,
282 2076 408 2135 οὔτε
453 2076 693 2160 νύμφης,
734 2078 850 2138 οὔτε
891 2081 1177 2160 παρθένου·
1215 2084 1306 2142 καὶ
1350 2086 1522 2145 πάντα
1553 2092 1721 2146 ταῦτα

138 2164 365 2242 ἔπραττε
413 2165 552 2240 μετὰ
595 2170 693 2237 τῆς
732 2169 1126 2246 ἱπαχθεστάτης
1166 2172 1472 2251 φαντασίας.
1556 2172 1722 2234 Ὅθεν

136 2253 334 2323 πολλῆς
357 2252 458 2329 μὲν
477 2252 569 2311 καὶ
592 2255 930 2326 παντοδαπῆς
953 2258 1258 2335 γιγνομένης
1276 2261 1720 2338 δυσαρεστήσεως,

138 2340 385 2415 οὐδεμιᾶς
416 2340 473 2400 δὲ
501 2342 781 2421 θεραπείας
802 2345 918 2403 οὐδὲ
952 2347 1188 2423 βοηθείας
1209 2350 1638 2427 προσαγομένης,
1663 2352 1722 2410 τὸ

138 2427 184 2481 δ’
212 2427 451 2486 ἐναντίον
475 2429 559 2487 ἀεὶ
580 2430 1052 2509 προσεπαγομένης
1078 2432 1301 2512 ὕὸρεως,
1333 2426 1713 2516 ὑπερηφανίας,

148 2514 467 2594 ῥαθυμίας,]
493 2519 811 2593 ἀνεθυμιᾶτο
833 2520 989 2577 πάλιν
1022 2523 1074 2579 ἐν
1099 2530 1206 2588 τοῖς
1232 2523 1439 2590 πολλοῖς
1466 2523 1526 2582 τὸ
1551 2533 1719 2606 προϋ-

142 2602 343 2681 πάρχον
366 2610 520 2678 μῖσος
536 2648 552 2680 ,
574 2604 663 2662 καὶ
682 2604 873 2672 πάντες
892 2608 1190 2666 ἅνενεοῧντο
1208 2608 1275 2666 τὰ
1296 2612 1718 2691 προγεγενημένα

143 2690 260 2765 περὶ
284 2688 381 2760 τὴν
424 2690 702 2769 βασιλείαν
741 2692 1108 2772 [ἀτυχήματα]
1137 2695 1223 2752 διὰ
1256 2694 1377 2763 τοὺς
1419 2698 1719 2779 ἀνθρώπους

146 2774 370 2842 τούτους.
462 2781 579 2859 [Τῷ
607 2777 664 2837 δὲ
684 2779 849 2857 μηδὲν
870 2779 1008 2860 ἔχειν
1030 2781 1315 2861 πρόσωπον
1354 2784 1634 2865 ἀξιόχρεων
1658 2788 1718 2847 τὸ

149 2864 590 2941 προστησόμενον,
608 2865 699 2924 καὶ
720 2870 785 2925 δι’
808 2858 867 2926 οὗ
890 2869 981 2937 τὴν
1006 2869 1164 2946 ὀργὴν
1183 2873 1255 2938 εἰς
1282 2871 1372 2931 τὸν
1400 2872 1716 2951 Ἀγαθοκλέα

152 2950 236 3006 καὶ
256 2950 351 3022 τὴν
369 2952 738 3030 Ἀγαθόκλειαν
759 2954 1123 3033 ἀπερείσονται
1137 3003 1155 3034 ,
1169 2957 1265 3029 τὴν
1284 2962 1511 3039 ἡσυχίαν
1536 2953 1715 3043 ἦγον,]

156 3026 227 3083 ἔτι
266 3032 389 3104 μίαν
436 3033 627 3090 ἐλπίδα
657 3032 863 3111 ἔχοντες
889 3034 980 3092 καὶ
1013 3038 1104 3112 (12)
1146 3040 1583 3118 καραδοκοῦντες,
1622 3040 1716 3113 τὴν

158 3116 282 3173 κατὰ
336 3119 423 3177 τὸν
472 3120 846 3197 Τληπόλεμον,
902 3121 995 3180 καὶ
1060 3121 1225 3201 ταύτῃ
1286 3128 1710 3207 προσανέχοντες.

158 3198 223 3261 Ὅ
247 3204 298 3260 δὲ
322 3207 698 3284 Τληπόλεμος,
728 3208 825 3275 ἔως
855 3207 950 3284 μὲν
980 3213 1010 3268 ὁ
1056 3210 1299 3290 βασιλεὺς
1338 3216 1460 3287 ἔζη,
1492 3216 1557 3274 τὰ
1599 3218 1717 3276 καθ’

163 3291 306 3348 «brev
327 3293 597 3373 ἔπραττεν·
620 3295 736 3372 ἅμα
758 3295 813 3354 δὲ
831 3300 908 3376 τῷ
931 3298 1258 3374 μεταλλάξαι
1281 3302 1494 3375 ἐκεῖνον,
1516 3304 1717 3384 ταχέως

165 3375 453 3455 ἐξομαλίσας
493 3383 561 3441 τὰ
599 3385 808 3456 πλήθη,
833 3386 1122 3466 στρατηγὸς
1150 3388 1308 3447 πάλιν
1352 3392 1570 3466 ἕγενήθη
1612 3397 1715 3453 τῶν

163 3465 283 3523 κατὰ
312 3469 604 3538 Πηλούσιον
632 3473 827 3534 τόπων.
913 3474 1024 3534 Καὶ
1052 3473 1144 3542 τὰς
1173 3475 1268 3550 μὲν
1296 3478 1463 3557 ἀρχὰς
1492 3483 1721 3542 ἐποιεῖτο

162 3552 247 3621 τὴν
279 3559 540 3637 ἀναφορὰν
569 3563 675 3618 τῶν
713 3560 1088 3640 πραττομένων
1119 3564 1206 3622 ἐπὶ
1248 3564 1307 3623 τὸ
1335 3571 1426 3624 τοῦ
1455 3571 1714 3645 βασιλέως

162 3642 419 3723 συμφέρον,
448 3646 795 3722 πεπεισμένος
824 3648 1068 3728 ὑπάρξειν
1100 3651 1151 3708 τὶ
1176 3651 1455 3732 συνέδριον,
1486 3656 1515 3713 ὃ
1538 3656 1633 3727 τήν
1656 3681 1711 3715 τε

162 3733 240 3783 τοῦ
262 3733 436 3799 παιδὸς
466 3734 806 3814 ἐπιτροπείαν
834 3735 933 3805 ἔξει
957 3737 1049 3796 καὶ
1073 3739 1169 3810 τὴν
1198 3742 1303 3799 τῶν
1329 3741 1465 3801 ὅλων
1486 3767 1711 3822 προστα·

160 3815 279 3872 θίαν·
322 3822 391 3887 ὡς
432 3824 478 3880 δ’
506 3820 645 3902 ἑώρα
693 3821 811 3894 τοὺς
851 3823 947 3900 μὲν
989 3825 1161 3893 ἀξίους
1198 3828 1481 3907 ἕπιτροπῆς
1520 3833 1708 3912 ἄνδρας

160 3903 374 3964 ἐκποδὼν
401 3909 709 3986 γεγονότας,
740 3914 831 3980 τῆς
860 3908 914 3969 8³
942 3915 1044 3969 τῶν
1074 3910 1209 3971 ὅλων
1240 3917 1406 3995 ἀρχῆς
1451 3922 1709 3978 κατατολ-

159 3994 325 4062 μῶντα
375 3995 462 4054 τὸν
502 3996 855 4075 Ἀγαθοκλέα,
903 3998 1107 4079 ταχέως
1157 4004 1237 4082 ἔφ’
1282 4003 1462 4083 ἑτέρας
1512 4006 1712 4083 ἐγένετο

157 4077 373 4154 γνώμης.
461 4084 569 4143 Καὶ
616 4086 714 4163 (13)
746 4084 1075 4164 ὑφορώμενος
1110 4089 1197 4146 τὸν
1247 4095 1552 4171 προεστῶτα
1593 4094 1709 4151 κίν-

158 4163 293 4225 δυνον
316 4168 397 4226 διὰ
420 4168 515 4241 τὴν
538 4172 887 4248 ὑποκειμένην
918 4176 1089 4241 αὐτοῖς
1118 4174 1330 4254 ἔχθραν,
1356 4177 1448 4244 τάς
1476 4201 1530 4236 τε
1556 4181 1709 4238 δυνά-

155 4274 260 4325 μεις
296 4257 412 4333 περὶ
440 4257 594 4316 αὑτὸν
624 4258 831 4338 ἤθροιζε
859 4259 951 4318 καὶ
979 4261 1098 4342 περὶ
1126 4262 1285 4341 πόρον
1328 4263 1526 4341 ἐγίνετο
1571 4290 1708 4346 χρη-

154 4338 343 4419 μάτων,
364 4342 452 4401 ἵνα
489 4345 674 4420 μηδενὶ
701 4348 805 4404 τῶν
834 4349 1032 4428 ἐχθρῶν
1080 4350 1387 4429 εὐχείρωτος
1431 4343 1481 4431 ᾖ.
1564 4352 1707 4430 Ἅμα

155 4424 205 4481 δὲ
238 4429 323 4486 καὶ
344 4431 441 4500 τὴν
479 4436 569 4489 τοῦ
604 4432 790 4499 παιδὸς
831 4434 1163 4511 ἐπιτροπείαν
1192 4436 1284 4495 καὶ
1319 4436 1414 4507 τὴν
1443 4440 1547 4497 τῶν
1575 4439 1708 4497 ὅλων

1890 224 1923 247 d

3227 513 3386 557 xxix

1826 617 2072 676 promptos
2100 618 2160 667 ad
2179 621 2483 683 exsequenda
2510 623 2739 685 imperata
2761 638 2814 675 se
2841 627 3116 677 habiturum
3139 643 3241 680 esse
3262 634 3384 681 salu·

1825 719 1886 767 tis
1919 732 2023 770 suae
2061 724 2112 770 et
2140 736 2390 777 successus
2429 728 2586 778 socios
2612 732 2660 779 et
2703 732 2965 794 adjutores.
3001 737 3227 784 ceterum
3253 742 3385 799 gesta

1825 825 1932 874 haec
1956 828 2119 876 omnia
2151 832 2265 881 sunt
2297 835 2411 884 ante
2451 836 2655 900 Philippi
2678 837 2957 902 decretum,
2996 841 3066 891 uti
3089 857 3234 906 supra
3259 821 3378 894 indi-

1822 931 2059 984 cavimus.
2147 937 2333 989 Verum
2367 955 2520 1003 quum
2560 957 2623 993 ex
2649 944 2989 997 distributione
3012 953 3190 1000 nostroe
3214 966 3381 1003 narra·

1819 1034 1966 1087 tionis
1993 1039 2196 1104 Philippi
2229 1056 2306 1093 res
2327 1045 2376 1095 in
2390 1049 2719 1110 superioribus
2731 1053 2832 1116 Jam
2859 1058 3253 1119 exposuerimus,
3280 1058 3381 1110 lieri

1822 1156 1917 1193 non
1953 1148 2117 1206 potuit
2157 1151 2274 1210 quin
2313 1153 2579 1215 legatorum
2625 1171 2738 1208 cum
2776 1162 2966 1223 regibus
3011 1176 3292 1226 congressus
3333 1170 3384 1216 et

1819 1244 1933 1295 data
1959 1249 2017 1298 iis
2045 1264 2269 1315 respoma
2290 1258 2402 1306 ante
2420 1260 2797 1313 nominationem
2819 1278 2985 1315 eorum
3005 1270 3151 1329 atque
3174 1269 3383 1320 emissio·

1819 1365 1929 1401 nem
1973 1367 2298 1410 narraremus.
2336 1364 2620 1424 Agathocles
2656 1380 2772 1417 vero
2821 1374 3081 1434 postquam
3126 1375 3382 1427 celeberri-

1817 1469 1953 1505 mum
1973 1471 2215 1523 quemque
2233 1475 2260 1511 e
2281 1464 2439 1515 medio
2455 1474 2742 1535 removerat,
2760 1487 2817 1523 ac
2827 1476 3149 1530 multitudiuis
3169 1481 3383 1533 furorem

1815 1560 2162 1622 stipendiorum
2185 1568 2412 1627 pensione
2429 1581 2790 1637 compresserat,
2811 1590 2840 1627 e
2861 1581 3061 1643 vestigio
3078 1583 3140 1633 ad
3159 1584 3385 1647 pristinos

1815 1679 1975 1717 mores
1993 1669 2136 1720 rediit
2158 1685 2246 1722 :ac
2265 1674 2519 1737 dignitates
2540 1692 2707 1731 omnes
2734 1685 2930 1745 palatii,
2956 1701 3068 1749 qum
3090 1692 3210 1739 tunc
3235 1705 3380 1742 vaca-

1815 1771 1959 1835 bant,
1980 1774 2147 1824 amicis
2164 1777 2265 1827 suis
2287 1783 2547 1843 concessit,
2571 1784 2808 1846 producto
2826 1802 2888 1838 ex
2911 1791 3093 1842 ultimis
3117 1806 3176 1842 ac
3192 1798 3379 1855 servili-

1813 1875 1904 1925 bus
1940 1878 2215 1930 ministeriis
2251 1882 2492 1934 levissimo
2534 1899 2726 1949 qnoque
2760 1892 2907 1953 atque
2945 1891 3376 1956 impudentissimo.

1814 1982 1919 2042 lpse
1936 1980 2040 2031 dies
2064 1986 2327 2046 noctesque
2350 1986 2397 2036 in
2419 1987 2532 2037 vino
2558 1990 2705 2052 atque
2725 1991 2783 2041 iis
2805 2006 2915 2055 quae
2946 1996 3113 2047 vinum
3149 2004 3378 2064 consequi

1811 2082 1994 2145 solent,
2020 2084 2297 2138 libidinibus
2314 2089 2511 2153 agebat,
2535 2106 2625 2143 nec
2647 2097 2811 2157 nuptis
2838 2111 2928 2149 nec
2950 2102 3135 2163 sponsis
3170 2117 3259 2153 nec
3283 2106 3375 2155 vir-

1810 2186 1976 2246 ginum
2000 2189 2170 2251 pudori
2196 2205 2392 2254 parcens
2417 2208 2431 2244 ε
2457 2198 2604 2259 atque
2623 2198 2728 2248 boec
2752 2203 2927 2251 cuncta
2955 2216 3068 2253 cum
3089 2205 3377 2260 intolerabili

1810 2293 2033 2354 superbia
2057 2295 2319 2347 factitabat.
2347 2303 2508 2358 Quare
2530 2315 2681 2365 quum
2702 2310 2986 2367 praesentem
3009 2324 3171 2362 rerum
3194 2316 3375 2364 statum

1811 2398 2018 2448 universi
2039 2413 2165 2463 aegre
2184 2403 2384 2464 terrent,
2403 2408 2589 2456 nullum
2608 2413 2770 2461 autem
2793 2414 3020 2464 solatium
3036 2429 3093 2468 ac
3113 2419 3377 2471 remedium

1808 2502 2135 2568 adhiberetur,
2159 2510 2326 2558 contra
2349 2512 2508 2572 potius
2541 2513 2821 2579 insolentia,
2853 2516 3077 2583 superbia
3111 2535 3170 2572 ac
3193 2523 3375 2575 desidia

1808 2604 2028 2666 quotidie
2056 2607 2402 2673 invalesceret,
2431 2625 2596 2663 rursus
2612 2615 2868 2675 pristinum
2894 2621 3024 2682 vulgi
3046 2623 3212 2674 odium
3231 2638 3374 2675 exar-

1808 2706 1897 2768 sit,
1917 2710 2179 2773 cunctique
2196 2711 2494 2763 calamitates
2507 2717 2637 2778 regni
2660 2717 2722 2767 ab
2740 2718 2815 2768 his
2833 2721 3109 2772 hominibus
3125 2727 3374 2788 superiori·

1808 2808 1899 2859 bus
1929 2810 2227 2874 temporibus
2258 2813 2496 2874 protectas
2526 2815 2576 2864 in
2613 2819 2893 2868 memoriam
2928 2823 3236 2875 revocabant.
3278 2826 3375 2876 Sed

1805 2925 1958 2974 quum
1984 2912 2182 2963 idoneus
2216 2915 2289 2964 vir
2323 2915 2534 2979 deesset,
2577 2919 2716 2979 cujus
2737 2920 2888 2971 ductu
2914 2924 3061 2984 atque
3082 2938 3226 2986 opera
3252 2926 3372 2976 iram

1805 3019 1945 3055 suam
1970 3005 2019 3054 in
2045 3007 2349 3068 Agathoclem
2385 3012 2436 3058 et
2462 3011 2801 3072 Agathocleam
2824 3015 3150 3077 effunderent,
3179 3018 3374 3078 interim

1805 3082 2144 3164 quiescebant,
2170 3094 2361 3153 unicam
2384 3118 2517 3167 spem
2536 3106 2697 3155 adbuc
2719 3109 2764 3157 in
2802 3110 3082 3173 Tlepolemo
3117 3114 3370 3176 habentes,

1805 3208 1900 3257 qna
1925 3208 1977 3244 se
1993 3176 2228 3258 tantisper
2249 3199 2620 3248 sustentabant:
2631 3200 2937 3263 Tlepolemus
2963 3204 3088 3266 ille,
3106 3206 3224 3256 dum
3259 3209 3369 3257 l’hi-

1806 3290 1995 3353 lopator
2023 3304 2111 3341 rex
2149 3291 2370 3354 vivebat,
2411 3306 2524 3343 suas
2559 3308 2634 3343 res
2665 3295 2879 3358 privatas
2914 3302 3194 3361 curaverat;
3217 3315 3372 3363 quum

1804 3387 2017 3449 primum
2032 3390 2195 3436 autem
2211 3387 2252 3436 is
2265 3388 2363 3441 fato
2378 3387 2631 3439 defunctus
2644 3393 2783 3452 esset,
2800 3392 3078 3444 demulcens
3093 3397 3369 3446 multitudi-

1803 3492 1915 3529 nem
1934 3481 2105 3529 iterum
2125 3479 2222 3529 dux
2244 3482 2486 3530 exercitus
2506 3482 2553 3530 in
2573 3484 2762 3546 regione
2783 3486 3028 3536 Pelusiaca
3049 3493 3243 3539 crcatoe
3276 3494 3366 3541 est.

1804 3579 1866 3626 Et
1884 3577 2019 3626 initio
2036 3576 2232 3639 quidem
2252 3576 2319 3626 ita
2340 3576 2462 3639 egit,
2486 3580 2541 3627 ut
2563 3578 2624 3627 ad
2645 3580 2766 3641 regis
2786 3582 3041 3631 commoda
3059 3584 3223 3634 omnia
3248 3585 3365 3635 diri-

1802 3675 1961 3735 geret3
1981 3675 2206 3723 censebat
2229 3676 2358 3724 enim
2380 3675 2636 3737 collegium
2663 3678 2978 3728 constitutum
3008 3680 3063 3729 tri
3077 3718 3093 3740 ,
3114 3682 3192 3732 cui
3217 3684 3367 3733 tutela

1803 3769 1937 3830 pueri
1964 3770 2013 3817 et
2043 3780 2232 3817 summa
2269 3781 2430 3818 rerum
2466 3770 2815 3822 administratio
2849 3773 3241 3827 demandaretur.
3273 3778 3367 3827 Sed

1802 3865 1884 3915 ubi
1906 3864 2024 3915 vidit
2036 3864 2204 3926 dignos
2216 3865 2530 3927 suscipienda·
2553 3868 2720 3917 tuteloe
2741 3871 2867 3919 viros
2884 3885 2913 3921 e
2933 3871 3090 3922 medio
3111 3876 3365 3934 removeri,

1800 3972 2137 4021 summamque
2161 3972 2321 4009 rerum
2357 3959 2583 4009 audacter
2604 3962 2830 4013 affectare
2869 3964 3181 4027 Agathoclem
3197 4005 3211 4027 ,
3251 3982 3364 4017 mox

1799 4052 2086 4102 sententiam
2123 4054 2347 4103 mutavit.
2377 4059 2445 4103 Ac
2466 4056 2713 4117 suspicans
2735 4059 3001 4119 periculum
3017 4096 3032 4121 ‚
3052 4062 3184 4122 quod
3213 4075 3276 4112 ex
3296 4062 3362 4110 si-

1800 4150 2004 4199 multate
2022 4162 2134 4199 cum
2161 4151 2419 4212 Agathocle
2444 4150 2533 4200 sibi
2559 4152 2884 4203 intercedente
2906 4155 3207 4216 proditurum
3224 4158 3363 4218 soret,

1800 4244 1963 4307 copias
1993 4244 2122 4293 circa
2143 4258 2195 4294 se
2224 4247 2540 4307 congregabat
2566 4247 2885 4310 cogendisque
2917 4250 3131 4311 pecuniis
3166 4264 3362 4312 operam

1799 4337 1944 4387 dabat
1957 4375 1973 4398 ,
1993 4343 2045 4387 ιιι
2072 4351 2101 4387 a
2118 4340 2307 4388 nemine
2331 4338 2466 4389 facile
2483 4340 2637 4403 subigi
2660 4344 2832 4403 posset.
2851 4342 3003 4392 Simul
3024 4356 3140 4392 vero
3159 4357 3253 4393 non
3273 4344 3362 4393 de-

1798 4433 2025 4496 sperabat
2047 4433 2176 4495 fore,
2197 4437 2253 4483 ut
2266 4435 2469 4484 tutelam
2493 4437 2628 4497 pueri
2651 4449 2990 4499 summamque
3008 4451 3170 4488 rerum
3212 4440 3360 4489 athul-

151 4516 456 4590 προστασίαν
491 4520 565 4586 εἷς
590 4519 773 4579 ἑαυτὸν
812 4519 949 4593 ἥξειν
966 4522 1033 4601 (“)
1061 4523 1155 4582 οὐκ
1175 4523 1463 4599 ἀπήλπιζι,
1488 4527 1709 4602 νομίζων
1801 4527 2130 4577 nistratlonem
2148 4527 2211 4577 ad
2228 4541 2279 4577 se
2299 4529 2627 4590 pertraheret:
2649 4543 2760 4579 nam
2789 4533 2864 4581 vel
2905 4546 2994 4582 suo
3018 4533 3164 4594 ipsius
3179 4533 3362 4595 judicio

153 4600 234 4658 καὶ
259 4604 393 4663 κατὰ
424 4604 520 4677 τὴν
565 4607 700 4665 ἰδίαν
745 4607 841 4683 μὲν
894 4609 1062 4688 κρίσιν
1118 4612 1271 4679 αὐτὸς
1312 4610 1711 4693 ἀξιοχρεώτερος
1800 4637 1852 4673 se
1874 4625 2023 4686 magis
2042 4637 2188 4686 quam
2219 4625 2604 4686 Agathoclemad
2627 4626 2831 4689 quodvis
2857 4629 3099 4690 negotium
3132 4642 3233 4679 esse
3253 4629 3359 4679 ido-

214 4783 281 4827 1ο.
308 4784 375 4830 De
397 4783 487 4832 hac
514 4784 752 4847 legatione
787 4786 949 4834 statim
980 4789 1089 4849 post
1129 4791 1334 4838 mortem
1373 4790 1493 4852 regis
1525 4791 1589 4839 ad
1615 4792 1906 4840 Antiochum
1935 4792 2080 4840 missa
2122 4793 2169 4840 in
2197 4794 2587 4843 antecedentibus
2627 4808 2898 4846 sennonem
2946 4797 3088 4846 tuisse
3122 4799 3266 4845 etiam
3298 4809 3361 4844 ex

153 4853 466 4909 mpoestffibns
489 4854 743 4916 Excerptis
767 4868 1031 4919 eorumque
1050 4860 1172 4907 serie
1189 4859 1445 4921 colligitur.
1473 4860 1595 4910 Vide
1614 4861 1696 4910 lib.
1724 4864 1831 4923 xv,
1857 4868 1917 4911 20
1937 4864 1955 4922 (
1973 4864 2089 4910 Exc.
2118 4863 2320 4924 Antiq.).
2349 4863 2420 4912 Ad
2456 4864 2654 4927 Philippi
2675 4866 2891 4925 consilia,
2924 4878 2953 4914 a
2976 4867 3175 4928 l’olybio
3199 4880 3363 4915 severe

152 4918 374 4983 Μῑὶςεῑε,
395 4923 700 4973 referendum
718 4937 912 4986 quoque
928 4928 1002 4975 est
1022 4930 1138 4976 Exc.
1154 4928 1375 4979 vatican.
1399 4930 1540 4990 (XV,
1563 4933 1620 4979 24
1638 4934 1654 4989 )
1670 4965 1685 4989 ,
1708 4930 1789 4978 ubl
1809 4933 1974 4979 nostro
1998 4930 2104 4978 loco
2127 4930 2412 4992 respondent
2435 4932 2541 4983 boec
2563 4948 2574 4980 :
2597 4934 2727 4982 Ἐπεὶ
2746 4935 2899 4991 πάσας
2922 4936 3024 4984 καθ’
3044 4938 3242 4986 ἕκαστον
3261 4939 3360 4997 ἔτος

152 4986 225 5042 τὰς
238 4992 493 5050 κατάλληλα
504 4994 690 5055 πράξεις
702 4996 948 5056 γενομένας
966 4997 1088 5046 κατὰ
1100 4999 1184 5055 τὴν
1197 5000 1473 5062 οἰκουμένην
1486 5001 1790 5062 ἐξηγούμεθα,
1804 5002 1941 5060 δῆλον
1956 5001 2029 5049 ὅτι
2047 5001 2299 5063 ἀναγκαῖόν
2314 5003 2414 5052 ἐστι
2432 5006 2512 5052 καὶ
2530 5006 2584 5053 τὸ
2604 5007 2732 5062 τέλος
2752 5005 2826 5055 ἐπ’
2845 5007 2977 5055 ἐνίων
2996 5007 3214 5088 πρότερον
3233 5008 3360 5089 ἐκφεί·

150 5070 233 5117 ρειν
252 5065 327 5117 τῆς
344 5062 485 5126 ἀρχῆς
504 5066 609 5112 κτλ.
634 5090 700 5099 -
726 5070 800 5114 tt.
834 5068 955 5123 Quae
975 5072 1262 5130 sequuntur,
1281 5069 1392 5119 inde
1415 5070 1478 5119 ab
1497 5072 1769 5132 Ἀγαθοκλῆς
1798 5084 1949 5133 usque
1965 5071 2026 5120 ad
2054 5074 2134 5120 καὶ
2157 5072 2302 5134 ταύτῃ
2330 5076 2713 5138 προσανέχοντες,
2735 5077 2958 5139 leguntur
2979 5081 3123 5126 etiam
3145 5090 3191 5125 m
3220 5078 3361 5135 editis

150 5126 289 5185 (libro
306 5133 406 5193 xv,
439 5140 520 5195 25,
553 5136 584 5181 3
604 5139 701 5183 -8
722 5134 758 5193 ),
783 5135 868 5183 sed
891 5137 1045 5185 multo
1082 5138 1283 5199 plenius.
1308 5140 1498 5191 Etenim
1525 5155 1583 5192 ea
1605 5143 1769 5192 omnia
1791 5155 1901 5204 quas
1926 5141 2063 5189 uncis
2082 5142 2248 5190 inclini
2264 5179 2278 5200 ,
2297 5142 2346 5191 in
2367 5148 2530 5194 nostro
2549 5145 2714 5195 codice
2736 5146 2926 5196 desunt.
2945 5175 3007 5188 -
3030 5152 3104 5196 12.
3119 5147 3322 5210 ἔχοντε
3337 5164 3358 5202 ς

146 5196 260 5260 καὶ]
295 5201 397 5250 haec
422 5202 523 5251 duo
552 5201 795 5251 vocabula
818 5204 868 5250 in
902 5204 1039 5255 editis
1059 5206 1259 5267 desunt;
1282 5208 1462 5270 absque
1484 5210 1680 5259 damno.
1699 5238 1765 5249 -
1792 5216 1865 5263 13.
1898 5210 2030 5275 καῖ]
2065 5212 2347 5275 particulam
2386 5215 2482 5265 buc
2514 5219 2782 5280 transposui
2811 5231 2871 5267 ex
2903 5231 3037 5280 seqq.
3058 5254 3075 5280 ,
3100 5217 3182 5267 ubi
3205 5217 3358 5267 codex

145 5268 745 5335 Ρτεδείςέχθρανκαὶτάς
768 5273 1066 5337 τεᾶυνάμεις.
1094 5279 1199 5317 -*
1223 5278 1421 5342 ἥξειν]
1446 5279 1552 5331 cod.
1581 5281 1713 5337 ίξειν.
