3900 6042
1444 467 1930 527 FRAGMENTA.

79 604 349 676 scriptum
388 598 530 677 Περὶ
558 602 651 667 τῆς
669 598 738 662 εἷς
760 595 1060 675 Τροφωνίου
1081 594 1422 662 καταὸάσεως
1436 641 1451 665 ,
1470 600 1648 655 Osan-

3170 481 3278 530 245

1756 638 1765 647 ,
1818 600 1895 653 Ea
1923 617 2046 670 quae
2081 598 2151 652 de
2177 597 2488 670 Pythagora
2525 610 2822 651 narrantur
2854 601 3035 670 putari
3078 605 3290 673 possint

82 709 177 744 nus
206 689 281 743 ad
306 689 504 742 libros
528 684 657 762 Περὶ
685 686 854 764 ψυχῆς
876 687 1084 740 retulit.
1113 686 1371 740 Cetermn
1400 687 1651 759 Phlegon
1736 703 1855 740 non
1876 704 1907 740 a
1930 697 2123 739 nostro
2159 685 2256 739 sed
2294 704 2326 739 a
2361 685 2686 740 Dicaearcho
2712 687 3063 759 Pythagoreo
3084 729 3098 755 ,
3131 690 3287 760 cujus

82 794 171 828 sua
209 793 242 827 e
279 773 642 828 Callimacho
682 772 878 839 habet,
904 770 1195 825 uberrimo
1229 771 1386 825 sonte
1410 773 1652 843 scripto-

88 864 203 915 rum
239 860 624 915 Mirabilium.
663 858 1027 914 Callimachus
1051 858 1357 913 Dicaearchi
1396 860 1650 913 mentio-

86 966 205 1000 nem
232 945 539 1015 injecerit‚
564 957 629 1000 ut
650 946 753 1017 qui
778 943 895 998 haec
918 945 1183 1016 attigerit.
1216 946 1469 1016 Uterque
1497 946 1655 999 locus

90 1032 381 1089 addendus
407 1032 741 1105 fragmentis
766 1030 1019 1087 Hesiodi.

837 1159 928 1218 31.

170 1293 535 1364 Porphyrius
560 1293 670 1346 Vit.
700 1290 863 1363 Pyth.
896 1309 956 1363 p.
983 1290 1057 1346 88
1082 1309 1096 1344 z
1123 1293 1399 1364 Tempore
1426 1290 1655 1346 seditio-

96 1382 175 1434 nis
210 1380 485 1451 Cyloneae
538 1379 881 1452 Pythagoras
919 1380 1045 1434 Deli
1084 1379 1237 1451 apud
1278 1379 1657 1451 Pherecydem

100 1467 436 1520 versabatur.
460 1467 549 1519 Ita
570 1464 803 1537 quidem
820 1466 1095 1521 Neanthes
1112 1477 1321 1525 narrat.
1343 1463 1659 1543 Δικαίαρχος

100 1549 150 1607 δὲ
186 1549 275 1606 καὶ
301 1552 351 1608 οἱ
394 1547 764 1627 ἅκριὸίστεροι
791 1547 882 1606 καὶ
923 1550 1011 1607 τὸν
1043 1550 1354 1628 Πυθαγόραν
1384 1547 1512 1628 φασὶ
1555 1572 1657 1606 πα·

110 1636 263 1711 ρεῖναι
289 1639 357 1711 τῇ
398 1632 683 1710 ἔπιὸουλῇ.
716 1632 1020 1711 Φερεκύδην
1067 1632 1169 1711 γὰρ
1210 1635 1311 1714 πρὸ
1337 1640 1430 1705 τῆς
1458 1636 1518 1693 ἐκ
1549 1634 1658 1694 Σοί·

110 1744 203 1795 μου
243 1722 532 1799 ἀπάρσεως
572 1722 902 1791 τελευτῆσαι·
944 1724 1048 1777 τῶν
1090 1721 1143 1779 δὲ
1196 1722 1412 1800 ἑταίρων
1455 1720 1662 1800 ἀθρόους

110 1808 193 1883 μὲν
210 1807 606 1887 τετταράκοντα
632 1808 685 1865 ἐν
713 1807 849 1886 οἰκία
882 1807 1014 1873 τινὸς
1041 1807 1439 1888 παρεδρεύοντος
1464 1811 1660 1887 ληφθῆ-

111 1918 217 1970 ναι,
240 1892 353 1959 τοὺς
382 1893 438 1951 δὲ
470 1895 666 1958 ἄλλους
685 1894 950 1972 σποράδην
978 1892 1115 1951 κατὰ
1134 1893 1227 1964 τὴν
1251 1892 1428 1965 πόλιν,
1456 1898 1525 1960 ὡς
1547 1893 1662 1953 ltu-

115 2002 197 2056 χον
233 1983 301 2046 εἰς
344 1979 487 2038 ἄστυ
538 1978 889 2057 (ἕκαστοςέ),
931 1980 1293 2060 διαφθαρῆναι.
1346 1979 1661 2060 Πυθαγόραν

116 2064 163 2123 δὲ
187 2068 555 2144 κρατουμένων
586 2069 687 2123 τῶν
717 2066 878 2139 φίλων
905 2066 965 2124 τὸ
995 2064 1089 2143 μὲν
1113 2070 1318 2145 πρῶτον
1344 2069 1413 2132 εἰς
1436 2068 1659 2126 Καυλω-

120 2153 220 2210 νίαν
244 2153 329 2210 τὸν
356 2151 525 2232 ὅρμον
542 2157 814 2223 σωθῆναι·
832 2154 1024 2211 ἐκεῖθεν
1043 2152 1097 2211 δὲ
1123 2153 1281 2212 πάλιν
1306 2156 1376 2219 εἰς
1405 2151 1659 2232 Λοκρούς·

122 2239 414 2315 πυθομένους
444 2238 501 2298 δὲ
533 2238 654 2306 τους
682 2238 910 2318 Λοκροὺς
928 2242 1029 2297 τῶν
1053 2239 1303 2320 γερόντων
1332 2240 1474 2305 τινὰς
1497 2240 1582 2298 ἐπὶ
1599 2263 1665 2298 τα

125 2330 203 2394 τῆς
236 2324 408 2407 χώρας
449 2322 536 2405 ὅρι
540 2350 578 2383 α
612 2327 931 2384 ἀποστεῖλαι.
979 2325 1208 2393 Ἰουτους
1243 2327 1297 2384 δὲ
1341 2326 1467 2406 πρὸς
1509 2326 1664 2385 αὐτὸν

130 2413 513 2483 ἀπαντήσαντας
530 2416 768 2471 eima-n
746 2412 992 2490 «Ἡμεῖς,
1013 2401 1383 2493 ωΠυθαγόρα,
1400 2414 1553 2494 σοφὸν
1571 2414 1635 2490 μὲ
1639 2438 1664 2471 ν

130 2497 272 2577 ἄνδρα
299 2521 355 2557 σε
383 2499 476 2557 καὶ
505 2498 729 2556 δεινὸν’
702 2498 982 2574 ακούομεν·
1007 2500 1124 2557 ἀλλ’
1148 2500 1234 2557 ἐπὶ
1269 2504 1372 2565 τοῖς
1406 2499 1549 2566 ἰδίοις
1574 2500 1664 2557 νό-

138 2608 237 2659 μοις
254 2585 395 2644 οὐθὲν
428 2584 631 2664 ἔχομεν
657 2587 912 2663 ἐγκαλεῖν.
942 2585 1102 2646 Αὐτοὶ
1128 2585 1219 2662 μὲν
1255 2586 1340 2644 ἐπὶ
1374 2589 1483 2643 τῶν
1502 2589 1666 2666 ὑπαρ-

134 2673 307 2749 χόντων
329 2672 696 2787 πειρασόμεθα
723 2672 918 2748 μένειν·
942 2672 1005 2731 σὺ
1031 2673 1073 2730 δ’
1099 2671 1311 2749 ἑτέρωθί
1329 2695 1429 2732 που
1460 2671 1665 2750 βάδιζε,

134 2757 290 2817 λαθὼν
316 2761 442 2839 παρ’
479 2762 642 2834 ἡμῶν
683 2761 728 2818 εἶ
754 2783 850 2819 του
883 2761 1202 2840 κεχρημένος
1233 2785 1334 2819 των
1372 2760 1666 2838 ἀναγκαίων

138 2843 448 2921 τυγχάνεις.
479 2844 648 2904 Ἐπεὶ
671 2847 719 2903 δ’
751 2845 856 2904 ἀπὸ
877 2850 968 2917 τῆς
995 2850 1095 2905 τῶν
1122 2851 1334 2926 Λοκρῶν
1360 2846 1558 2912 πόλεως
1578 2869 1665 2904 τον

141 2930 381 3008 εἰρημένον
427 2931 723 3010 ἀπηλλάγη
761 2933 976 3012 τρόπον,
1016 2936 1087 2999 εἷς
1131 2934 1383 3013 Τάραντα
1426 2936 1665 2992 πλεῦσαι.

142 3015 288 3072 Πάλιν
315 3016 368 3075 δὲ
394 3020 557 3076 κάκεῖ
588 3018 934 3097 παραπλήσια
958 3022 1189 3079 παθόντα
1216 3029 1319 3087 τοῖς
1356 3019 1474 3100 περὶ
1525 3020 1663 3097 Κρό-

142 3122 264 3159 τωνα
289 3105 357 3169 εἷς
378 3103 753 3163 Μεταπόντιον
790 3106 969 3167 ἐλθεῖν.
1006 3109 1289 3185 Πανταχοῢ
1311 3105 1412 3184 γὰρ
1439 3105 1669 3184 ἐγένοντο

144 3188 347 3264 μεγάλαι
382 3190 625 3264 στάσεις,
662 3190 723 3257 ἃς
750 3190 825 3249 ἔτι
854 3193 944 3250 καὶ
972 3216 1061 3251 νυν
1090 3197 1137 3251 οἱ
1178 3194 1297 3271 περὶ
1333 3191 1447 3258 τοὺς
1482 3191 1668 3257 τόπους

144 3274 495 3349 μνημονεύουσί
517 3299 584 3333 τε
611 3276 705 3334 καὶ
743 3277 1037 3355 διηγουνται
1058 3279 1150 3345 τὰς
1180 3278 1265 3336 ἐπὶ
1297 3281 1398 3337 τῶν
1424 3282 1669 3355 Πυθαγο-

148 3357 274 3434 ριιων
296 3362 596 3425 καλουντες.

849 3470 940 3525 32.

212 3595 474 3667 Diogenes
508 3600 580 3653 L.
624 3599 783 3665 V,111
828 3605 947 3662 40:
981 3596 1131 3664 Φησὶ
1159 3595 1214 3652 δὲ
1242 3596 1554 3673 Δικαίαρχος
1586 3595 1673 3653 τὸν

155 3676 435 3756 Πυθαγόραν
466 3681 750 3737 ἀποθανεῖν
788 3680 1152 3761 καταφυγόντα
1195 3685 1265 3747 εἰς
1304 3680 1374 3739 τὸ.
1401 3683 1454 3739 ἐν
1498 3685 1668 3741 Mera·

151 3760 318 3818 amris)
339 3764 472 3842 ἱερον
504 3767 617 3822 τῶν
644 3767 869 3823 Μουσῶν
883 3765 1316 3841 ,τετταράκοντα
1340 3766 1540 3844 ἡμέρας
1562 3770 1673 3825 dot·

150 3846 370 3913 τήσαντα.
401 3855 489 3909 Sic
526 3856 699 3909 etiam
729 3856 923 3910 Cicero
950 3858 1037 3911 De
1064 3854 1159 3911 fin.
1197 3857 1294 3912 lib.
1337 3858 1385 3911 V
1428 3875 1670 3929 prooem.

46 3994 57 4003 ·
151 3936 465 4011 ctPorphyr.
495 3942 557 3994 in
586 3940 694 3995 vit.
722 3941 885 4012 Pyih.

857 4108 942 4158 31.

206 4211 487 4266 Dicarchus
508 4230 626 4266 vero
645 4220 693 4267 et
725 4218 1042 4278 accuratiores
1058 4220 1307 4283 scriptores
1322 4221 1513 4279 affuisse
1548 4223 1670 4270 Cro·

153 4288 249 4334 tone
268 4295 449 4341 narrant
469 4293 815 4355 Pythagoram,
832 4308 931 4357 quo
961 4298 1175 4357 tempore
1199 4296 1381 4345 insidia>
1399 4300 1502 4345 tstae
1520 4299 1670 4346 strue·

156 4366 313 4411 rentur.
334 4367 545 4430 Namque
568 4370 918 4433 Pherecydem,
941 4374 1196 4433 antequam
1223 4386 1251 4421 e
1268 4374 1409 4421 Samo
1433 4374 1672 4434 profectus

158 4438 415 4499 l’ytlmgoras
436 4447 590 4506 esset,
618 4445 744 4503 diem
773 4447 873 4506 iam
900 4447 1089 4497 obiisse.
1112 4453 1148 4497 E
1169 4449 1308 4498 sociis
1330 4462 1444 4498 vero
1468 4450 1670 4512 quadra-

160 4512 271 4570 ginta
299 4517 466 4568 simul
453 4534 501 4569 ιιι
524 4521 672 4570 domo
693 4536 722 4571 a
748 4523 958 4585 quodam
981 4524 1199 4574 obsessos
1212 4527 1261 4575 et
1286 4528 1527 4588 correptos
1544 4533 1671 4589 esse,

161 4592 340 4654 reliquos
356 4612 436 4659 per
453 4603 622 4652 urbem
639 4604 872 4666 dispersos
894 4606 1045 4655 alium
1072 4607 1167 4656 alio
1185 4606 1329 4655 modo
1350 4605 1670 4655 succubuisse

163 4669 445 4733 Pythagoram
471 4692 604 4741 vero,
622 4682 789 4732 amicis
803 4682 1027 4745 devietis,
1048 4684 1256 4746 primum
1288 4684 1336 4732 in
1366 4683 1670 4744 Cauloniam,

164 4743 233 4791 ”bi
247 4750 377 4797 statio
395 4755 574 4804 navalis
607 4760 708 4817 aet,
729 4759 958 4821 evasisse,
978 4720 1087 4809 hinc
1117 4760 1179 4809 ad
1207 4763 1383 4809 Locros
1408 4760 1670 4821 profectum

161 4830 265 4868 Μ
294 4828 423 4883 Quod
444 4845 592 4892 quum
609 4836 947 4897 comperissent
973 4838 1127 4899 Locri,
1146 4838 1353 4887 seniores
1363 4837 1593 4900 quosdam
1612 4836 1673 4885 ab

166 4896 214 4942 ¹5⁵
231 4900 285 4946 ad
305 4902 414 4954 fines
442 4911 641 4971 regionis
673 4914 868 4963 emissos
898 4928 1028 4975 esse,
1061 4916 1143 4977 qui
1164 4916 1356 4965 obviam
1394 4915 1672 4976 Pythagora}

166 4970 261 5021 tacti
282 4976 432 5028 hunc
420 4996 466 5031 ιιι
483 4986 679 5036 modum
702 4990 893 5039 allocuti
912 4994 1102 5041 essent:
1127 4996 1298 5051 «Νοιι,
1322 5004 1354 5039 ⁰
1383 4992 1668 5053 Piflssssffl’ff

166 5047 397 5106 finientem
428 5060 618 5120 quidem
659 5067 708 5113 et
732 5064 1059 5116 admirabilem
1089 5070 1141 5117 te
1173 5067 1329 5116 virum
1360 5079 1460 5116 esse
1485 5063 1672 5114 audivi·

170 5131 276 5184 tuus,
264 5138 603 5205 ,venimlamen
619 5153 769 5202 quum
790 5143 837 5190 in
856 5141 1034 5205 legibus
1052 5144 1222 5194 nostris
1242 5145 1356 5194 nihil
1375 5143 1494 5197 allec
1514 5155 1671 5207 repre·

1739 772 2078 827 lamblichus
2095 773 2229 844 (Vit.
2253 771 2414 843 Pyth.
2438 790 2486 827 c.
2512 767 2615 846 36)
2640 773 2912 841 meminit,
2933 775 3135 846 scripta
3153 793 3284 830 esse.

1740 864 1811 914 At
1840 868 1991 913 recte
2014 859 2251 914 Fuhrius
2277 876 2334 929 p.
2359 864 2430 922 44
2461 858 2604 912 hanc
2627 859 2953 913 sententiam
2984 878 3088 932 per
3106 879 3163 915 se
3191 880 3291 934 pa-

1740 965 1865 1001 rum
1890 945 2245 1018 probabilem
2264 964 2375 999 esse
2390 986 2408 1018 ,
2432 956 2599 1017 atque
2625 946 3001 1018 Porphyrium
3020 959 3077 1002 et
3092 949 3294 1021 Dioge·

1740 1051 1898 1101 nem,
1922 1033 1970 1086 si
1992 1031 2065 1087 de
2092 1033 2203 1087 alio
2225 1050 2288 1086 ac
2319 1031 2389 1086 de
2418 1033 2704 1085 notissimo
2740 1043 2933 1088 nostro
2960 1036 3285 1089 Dicaearcho

1741 1121 2096 1192 cogitassent,
2139 1117 2316 1172 verbo
2362 1117 2433 1172 de
2463 1118 2566 1173 hac
2613 1136 2675 1173 re
2720 1120 2988 1174 lectorem
3027 1120 3296 1177 docturos

1742 1205 1903 1260 fuisse
1916 1216 2125 1260 monet.
2148 1205 2379 1260 Accedit
2393 1205 2551 1277 quod
2566 1206 2880 1261 sortasse-ne
2899 1219 3049 1262 recte
3063 1208 3292 1280 quidem

1742 1292 2048 1346 Dicaearchi
2082 1310 2292 1345 nomen
2327 1291 2478 1363 apud
2513 1292 2883 1347 Iamblichum
2903 1294 3093 1348 habet.
3129 1295 3294 1348 Haud

1744 1378 2117 1451 improbabile
2145 1379 2294 1432 enim
2336 1386 2413 1431 est
2441 1378 2825 1432 Dicaearchum
2863 1381 3023 1434 istum
3052 1380 3294 1435 eundem

1745 1483 1857 1519 esse
1901 1483 2032 1519 cum
2073 1463 2328 1517 Nearcho
2367 1464 2670 1517 Tarentino
2712 1465 3096 1539 Pythagore0‚
3140 1466 3299 1538 cujus

1745 1552 1956 1605 mentio
1981 1548 2044 1603 fit
2073 1567 2163 1621 ap.
2198 1550 2526 1604 Ciceronem
2554 1551 2638 1604 De
2661 1560 2866 1610 senect.
2894 1571 2944 1610 c.
2985 1572 3050 1606 ια
3081 1564 3136 1606 et
3160 1553 3295 1608 Plu-

1746 1637 1921 1691 tarch.
1948 1638 2069 1691 Cat.
2101 1633 2227 1704 maj.
2247 1655 2297 1687 c.
2333 1654 2388 1692 2.

2476 1760 2567 1818 33.

2218 1893 2238 1969 [
2260 1882 2818 1969 stoPuANES?]

1830 2018 2143 2077 Demetrius
2173 2024 2258 2077 De
2293 2023 2500 2078 elocut.
2531 2021 2564 2094 §
2597 2021 2701 2075 182
2737 2042 2749 2075 :
2778 1980 3114 2101 Δικαίαργῖος,
3151 2050 3172 2074 ι

1752 2105 1907 2185 ‘liking
1923 2149 1938 2176 ‚
1966 2103 2093 2185 φησι
2109 2153 2124 2178 ,
2145 2109 2241 2172 τῆς
2264 2104 2496 2170 Ἰταλίας
2522 2104 2899 2184 πρεσὸύτατον.
2935 2134 2959 2159 ι

3217 2013 3313 2072 ’EV

2244 2252 2389 2328 [DE
2425 2253 2809 2328 nonnam]

1834 2392 2164 2446 Accedimus
2190 2391 2261 2445 ad
2286 2411 2383 2459 ea,
2412 2411 2535 2463 quae
2555 2394 2626 2445 de
2647 2398 2820 2465 poetis
2839 2411 3149 2466 eorumque
3173 2415 3304 2469 ope-

1756 2479 1906 2532 ribus
1937 2478 2286 2532 Dicaearchus
2312 2487 2712 2532 commentatus
2736 2490 2834 2533 est.
2866 2480 3153 2551 Scripsisse
3173 2499 3299 2535 eum

1755 2567 1813 2618 in
1862 2565 2030 2619 Alcaei
2065 2565 2307 2618 carmina
2358 2565 2788 2619 commentarios
2824 2574 2880 2618 et
2915 2565 2977 2618 in
3019 2566 3304 2638 Euripidis

1754 2652 2246 2723 reliquorumque,
2273 2660 2336 2704 ut
2366 2650 2607 2717 videtur,
2646 2652 2777 2704 artis
2804 2650 3118 2707 dramaticae
3144 2654 3304 2724 prin-

1754 2739 1941 2809 cipum
1968 2735 2180 2791 sabulas
2207 2735 2531 2791 didascalias
2544 2737 2875 2810 elaborasse,
2899 2738 3105 2809 partim
3126 2738 3302 2794 diser·

1757 2826 1822 2878 tis
1850 2822 2174 2877 testimoniis
2199 2820 2509 2891 affirmare,
2537 2823 2740 2897 partim
2764 2823 3047 2896 probabili
3077 2826 3299 2881 ratione

1755 2909 2018 2983 colligere
2037 2925 2342 2981 possumus.
2363 2908 2641 2961 Incertior
2661 2926 2748 2962 res
2766 2919 2845 2962 est
2860 2907 2930 2962 de
2950 2926 3123 2981 opera
3134 2929 3302 2982 quam

1758 2997 2006 3050 Homero
2031 2994 2382 3049 Dicaearchus
2407 2995 2714 3050 navaverit.
2738 2993 3053 3066 Disputasse
3071 3014 3202 3050 eum
3232 2997 3305 3052 de

1756 3082 1892 3136 locis
1925 3081 2239 3136 Homericis
2279 3081 2641 3153 criticumque
2679 3081 2739 3134 in
2766 3099 2860 3136 eos
2891 3082 3199 3137 exercuisse
3235 3082 3305 3136 li-

1755 3180 1891 3240 quet
1917 3185 1988 3222 ex
2009 3167 2315 3240 Apollonio
2345 3169 2430 3222 De
2449 3186 2713 3239 pronom.
2727 3187 2786 3241 p.
2810 3166 3030 3224 3aoed.
3046 3168 3279 3225 Bekker.
3266 3210 3304 3241 .,

1756 3256 1854 3309 ubi
1906 3253 2253 3308 Aristarchus
2283 3254 2578 3307 lectionem
2605 3272 2636 3308 a
2675 3253 3001 3308 Dicaearcho
3041 3256 3306 3327 proposi-

1757 3353 1869 3396 tam
1896 3358 2113 3395 assensu
2141 3358 2242 3393 suo
2271 3341 2659 3413 comprobasse
2688 3339 2936 3403 dicitur:
2961 3337 3109 3395 Φασὶ
3138 3336 3191 3394 δὲ
3213 3337 3308 3401 καὶ

1755 3426 1841 3484 τὸν
1865 3422 2199 3503 Ἀρίσταρχον
2237 3423 2472 3499 ἀσμένως
2492 3446 2585 3488 την
2617 3422 2819 3503 γραφὴν
2849 3428 2940 3481 τοῦ
2981 3423 3304 3503 Δικαιάρχου

1755 3509 2161 3610 παραδέξασθαι.
2188 3514 2296 3584 Qui
2325 3512 2554 3586 quidem
2582 3514 2936 3568 Dicaearchus
2959 3513 3099 3567 nihil
3122 3513 3308 3569 obstat

1757 3599 1895 3669 quin
1921 3600 1992 3652 sit
2018 3599 2434 3665 Aristotelicus‚
2468 3597 2622 3668 cujus
2647 3597 3027 3668 conjecturam
3062 3599 3304 3671 aliquam

1758 3686 1817 3738 in
1842 3686 1990 3741 libro
2016 3682 2149 3763 ssepi
2174 3682 2411 3742 Ἀλκαίου
2442 3687 2663 3740 allatam
2691 3686 3094 3759 Aristophanes
3117 3704 3301 3760 gram-

1759 3773 1989 3827 maticus
2003 3771 2444 3846 impugnavit(v
2461 3770 2529 3827 fr.
2554 3771 2678 3846 36).
2701 3773 2888 3827 Alium
2906 3774 3094 3827 locum
3113 3774 3214 3827 ubi
3228 3774 3300 3841 de

1759 3858 1996 3912 Homeri
2026 3858 2155 3913 loco
2172 3858 2523 3913 Dicaearchus
2550 3858 2812 3913 laudatur
2836 3877 2970 3913 mox
2992 3859 3303 3917 citabimus.

1758 3943 1956 3998 Suidas
1967 3961 2096 3997 sane
2109 3945 2266 3998 novit
2283 3945 2704 4017 grammaticum
2722 3942 3107 4000 Dicaearchum
3131 3947 3305 4000 Lace·

1757 4104 2046 4166 hendamus,
2071 4105 2249 4169 iisque,
2269 4107 2340 4155 uti
2357 4108 2495 4167 sunt,
2523 4105 2783 4155 hnmancre
2805 4106 3036 4155 tentaturi
3053 4105 3230 4167 umus,
3251 4110 3305 4155 tu

1757 4182 1851 4231 alio
1870 4185 1917 4231 te
1932 4183 2121 4231 confer·
2107 4182 2338 4244 ,accipies
2361 4186 2522 4231 tamen
2538 4182 2745 4243 anobis,
2765 4183 2805 4231 si
2830 4194 2927 4244 qua
2948 4195 3002 4231 re
3022 4181 3303 4243 indigeas.»

1756 4259 1836 4308 Sic
1868 4272 1899 4307 a
1932 4260 2195 4308 Loci-onim
2226 4258 2346 4307 urbe
2373 4258 2623 4307 exclusum
2657 4258 2901 4318 navigasse
2934 4260 3220 4316 Tarentum,
3257 4262 3306 4307 et

1757 4339 1984 4396 quonlam
2001 4334 2082 4382 hle
2105 4347 2300 4396 quoque
2329 4333 2472 4383 simili
2492 4334 2684 4382 fortuna
2711 4335 2944 4394 uteretur,
2976 4335 3236 4383 crotonem
3253 4347 3307 4384 se

1757 4412 2035 4463 contulisse.
2081 4411 2268 4473 Ubique
2314 4412 2443 4460 enim
2485 4424 2673 4473 maguae
2709 4413 2992 4460 exarserunt
3030 4410 3304 4474 seditiones,

1757 4502 1876 4551 quas
1893 4491 2155 4545 etiamnum
2173 4489 2343 4538 incolae
2362 4490 2532 4541 harum
2552 4490 2799 4551 regionum
2816 4492 3195 4543 commemorant
3216 4504 3302 4539 ex-

1758 4573 2068 4631 ponuntque,
2110 4568 2362 4618 seditiones
2404 4582 2516 4629 quoe
2564 4567 2967 4631 Pythagoreorum
3011 4567 3312 4629 temporibus

1760 4646 1950 4695 ruerunt
1965 4648 2306 4707 nuncupantes.

1819 4820 1988 4868 Narrat
2015 4818 2321 4867 Dicaearchus
2353 4764 2667 4879 Pythagoram
2695 4818 2958 4879 Metaponti
2984 4818 3033 4867 in
3059 4819 3302 4866 Musarum

1758 4894 2234 5023 {what-igine,
2219 4896 2420 4957 ,ibique
2437 4898 2543 4958 post
2563 4894 2875 4958 quadraginta
2891 4894 3078 4944 dierum
3098 4894 3303 4944 inediam

2488 5054 2574 5103 33.

1824 5144 2172 5196 Dicaearchus.
2198 5148 2293 5196 «ln
2321 5146 2431 5195 Elea
2455 5144 2573 5194 urbe
2589 5144 2739 5195 ltalia}
2759 5143 3209 5206 antiquissimum.»
