3900 6042
604 493 716 544 268

1731 480 2244 541 chAEAchUs
2284 480 2656 541 MESSENH.

600 616 785 684 nicht,
826 617 944 675 dass
971 616 1112 670 auch
1141 616 1233 670 bei
1264 615 1654 688 Trophonius»,
1682 633 1800 670 wer
1827 616 1889 669 iu
1923 616 2149 669 Erwar—
2238 610 2476 670 τεύεσθαι
2507 610 2659 687 μόνον
2693 609 2752 669 τὸ
2792 611 2992 690 ἄρχειν,
3029 612 3116 670 καὶ
3156 612 3495 692 πρεσὸεύειν,
3528 616 3606 673 καὶ
3634 614 3736 695 μέγα

598 791 842 863 stiegen‚
872 808 961 844 am
994 790 1153 845 Ende
1180 791 1363 845 sehale
1405 789 2009 862 Nichtswiirdigkeiteu
2031 787 2152 842 und

598 875 977 946 priestcrliche
994 875 1430 931 Schmarotzerei
1447 874 1922 948 gesundeuhaette.
1946 898 1972 923 ι·
1992 873 2153 928 Idem

602 961 866 1015 Miillerus
885 962 1090 1016 librum
1103 980 1271 1035 quem
1290 962 1649 1016 Plutarchum
1668 961 1740 1017 de
1762 961 1992 1016 oraculo
2009 961 2152 1015 Tro·

599 1047 797 1119 phonii
811 1048 1185 1120 composuisse
1204 1049 1535 1121 accepimus,
1558 1057 1752 1103 contra
1769 1046 2150 1102 Dicaearchum

597 1136 867 1207 scriptum
902 1153 1015 1190 esse
1052 1135 1380 1208 suspicatur.
1416 1135 1640 1190 Miilleri
1673 1135 2007 1189 seutentiam
2051 1151 2154 1205 ap-

601 1221 811 1292 probat
845 1221 1125 1289 Osannus,
1155 1221 1437 1293 suspicans
1487 1220 1815 1275 Choeronem
1844 1221 1959 1275 sive
2002 1220 2153 1275 Clea-

603 1325 816 1373 ronem,
857 1307 1014 1377 cujus
1046 1306 1243 1362 Cicero
1270 1309 1557 1376 meminit,
1585 1307 1814 1361 sortasse
1837 1324 1949 1361 esse
1974 1306 2151 1361 Choe-

601 1392 944 1466 rephoncem,
963 1396 1267 1466 parasitum
1290 1412 1361 1449 ex
1384 1394 1654 1450 Atheuaeo
1679 1391 1695 1471 (
1724 1394 1819 1462 vl,
1837 1412 1898 1465 p.
1948 1399 2060 1457 242
2091 1405 2150 1449 et

601 1479 851 1553 passim)
889 1482 1264 1550 notissimum,
1304 1499 1472 1553 quem
1517 1480 1871 1536 Dicaearchus
1908 1479 2153 1535 finxisset

601 1567 662 1619 in
682 1577 905 1620 antrum
925 1566 1069 1621 istud
1088 1567 1454 1636 descendisse,
1478 1569 1661 1640 specie
1679 1576 1742 1622 ut
1761 1568 1986 1622 oracula
2007 1568 2154 1622 acci·

600 1665 790 1726 peret,
817 1672 1012 1711 revera
1046 1665 1109 1709 ut
1141 1656 1605 1710 comessationum
1647 1655 1928 1727 particeps
1971 1652 2149 1711 fleret.

604 1739 770 1794 Haud
797 1741 1035 1795 multum
1053 1752 1240 1796 tamen
1256 1759 1366 1795 suae
1393 1742 1511 1814 ipse
1538 1741 1790 1797 Osannus
1817 1740 2153 1810 conjecturae

607 1826 823 1885 tribuit.

989 1958 1092 2017 Ex
1131 1962 1370 2018 LIBRIS
1410 1965 1760 2020 INCERTIS.

1330 2107 1426 2170 74-

687 2224 965 2283 Plutarch.
993 2229 1103 2299 Qu.
1134 2228 1307 2283 Coma
1336 2230 1414 2285 lv
1443 2230 1565 2284 init.
1599 2247 1657 2303 p.
1691 2228 1802 2304 599
1822 2270 1838 2297 ,
1867 2230 1911 2284 F
1947 2248 1963 2282 z
1994 2223 2154 2310 ’ᾩετο

604 2315 796 2390 χρῆναι
836 2311 1149 2394 Δικαίαρχος
1190 2311 1360 2378 εὔνους
1400 2313 1493 2390 μὲν
1539 2317 1683 2393 αὑτῷ
1731 2313 2151 2394 παρασκευάζειν

605 2401 840 2465 ἅπαντας
900 2399 1074 2480 φίλους
1103 2398 1157 2458 δὲ
1184 2401 1439 2459 ποιεῖσθαι
1463 2400 1581 2466 τοὺς
1607 2399 1849 2476 ἀγαθούς.

1331 2546 1424 2617 75.

684 2694 846 2749 Idem
879 2697 970 2749 An
1005 2695 1122 2750 seni
1163 2712 1221 2768 g.
1263 2711 1411 2767 resp.
1448 2694 1543 2763 26,
1569 2713 1624 2769 p.
1646 2654 1650 2659 ·
1675 2693 1810 2769 796,
1837 2696 1890 2750 D
1924 2713 1938 2749 z
1989 2691 2149 2768 Παρὰ

606 2778 777 2837 πάντα
810 2776 865 2836 δὲ
898 2782 1063 2836 ταῦτα
1095 2776 1198 2855 χρὴ
1239 2777 1606 2853 μνημονεύειν,
1635 2781 1707 2845 ὣς
1732 2780 1827 2837 οὐκ
1853 2777 1965 2836 ἔστι
1998 2778 2149 2834 πολι-

503 762 508 767 .
601 712 740 776 rung
763 703 995 775 heiliger
1011 703 1192 758 Lehre
1211 704 1271 756 in
1291 702 1384 758 die
1406 704 1841 775 Hoehlengaenge
1875 702 2150 774 hinabge-
2244 703 2371 776 βοᾶν
2400 700 2453 756 ἐν
2481 698 2762 777 ἐκκλησία,
2783 698 2872 756 καὶ
2894 699 3014 776 περὶ
3036 699 3095 756 τὸ
3124 703 3282 778 β’ἧμα
3311 701 3581 779 βακχεύειν
3604 704 3739 781 λέγω.

2240 808 2333 851 τας
2360 783 2394 855 ἢ
2422 783 2736 864 γράφοντας,
2761 783 2795 841 ἃ
2818 787 2867 842 οἱ
2894 784 3080 843 πολλοὶ
3115 791 3211 843 τοῦ
3239 785 3594 845 πολιτεύεσθαι
3618 793 3736 865 νομί-

2243 873 2431 942 ζουσιν,
2471 867 2648 944 ὥσπερ
2691 869 2875 946 ἀμέλει
2913 870 3005 929 καὶ
3054 875 3359 953 φιλοσοφεῖν
3404 872 3517 939 τοὺς
3550 875 3641 932 ἀπὸ
3672 884 3740 934 τοῦ

2243 956 2419 1033 δίφρου
2448 956 2866 1035 διαλεγομένους,
2896 957 2988 1016 καὶ
3012 959 3211 1038 σχολὰς
3235 960 3329 1018 ἐπὶ
3360 960 3569 1038 βιὸλίοις
3586 963 3740 1039 περαί-

2242 1068 2446 1110 νοντας·
2473 1049 2508 1114 ἡ
2541 1043 2596 1102 δὲ
2622 1044 2846 1123 συνεχὴς
2872 1046 2925 1103 ἐν
2951 1045 3117 1125 ἔργοις
3146 1046 3247 1105 καὶ
3279 1046 3525 1127 πράξεσιν
3551 1049 3739 1126 ὁρωμένη

2242 1131 2363 1190 καθ’
2401 1130 2602 1210 ἡμέραν
2631 1134 2841 1208 ὁμαλῶς
2869 1132 3106 1192 πολιτεία
3143 1134 3239 1192 καὶ
3270 1134 3544 1214 φιλοσοφία
3572 1134 3741 1203 λέληθεν

2242 1217 2446 1285 αὐτούς.
2528 1216 2638 1276 Καὶ
2665 1216 2767 1296 γὰρ
2792 1217 2909 1285 τοὺς
2938 1220 2991 1276 ἕν
3014 1223 3127 1282 ταῖς
3150 1223 3341 1286 στοαῖς
3366 1219 3743 1296 ἀνακάμπτοντας

2242 1313 2547 1384 περιπατεῖν
2570 1306 2745 1383 φασὶν,
2766 1308 2836 1371 ὡς
2858 1303 3007 1382 ἔλεγε
3028 1306 3389 1386 Δικαίαρχος,
3413 1306 3576 1364 οὐκέτι
3596 1304 3644 1363 δὲ
3658 1305 3744 1369 τὼς

2243 1394 2314 1459 εἰς
2340 1392 2495 1471 ἀγρὸν
2521 1392 2556 1464 ἢ
2577 1392 2705 1472 πρὸς
2727 1393 2873 1473 φίλον
2905 1392 3231 1471 βαδίζοντας.
3262 1390 3493 1470 Ὅμοιον
3514 1394 3557 1450 δ’
3580 1392 3671 1451 ἐστὶ
3688 1397 3741 1472 τῷ

2242 1483 2538 1561 φιλοσοφεῖν
2552 1479 2614 1539 τὸ
2632 1479 3013 1538 πολιτεύεσθαι.
3034 1479 3335 1560 Σωκράτης
3348 1485 3470 1556 γοῦν
3485 1479 3593 1537 οὔτε
3611 1481 3741 1557 βάθρα

2242 1566 2344 1632 θεὶς
2386 1566 2495 1626 οὔτ’
2537 1568 2608 1633 εἰς
2655 1565 2830 1646 θρόνον
2879 1565 3123 1640 καθίσας,
3167 1566 3296 1626 οὔτε
3348 1566 3489 1647 ὥραν
3527 1565 3743 1645 διατριόἥς

2242 1652 2277 1724 ἢ
2328 1653 2618 1732 περιπάτου
2653 1653 2757 1719 τοῖς
2800 1653 3077 1733 γνωρίμοις
3113 1653 3449 1730 τεταγμένην
3487 1653 3741 1733 φυλάττων,
3806 1678 3807 1701 ἡ

2245 1741 2382 1799 ἀλλὰ
2408 1740 2499 1799 καὶ
2524 1739 2904 1819 [συμ]παίζων,
2934 1738 3036 1798 ὅτε4
3053 1739 3236 1818 τύχοι,
3264 1740 3363 1799 καὶ
3392 1738 3656 1815 συμπίνων,
3676 1738 3740 1795 καὶ
3806 1782 3807 1793 ,

2245 1825 2717 1906 συστρατευόμενος
2738 1825 2916 1900 ἐνίοις,
2937 1826 3028 1884 καὶ
3058 1825 3452 1906 συναγοράζων,
3472 1823 3661 1891 τίλοςδὶ
3674 1824 3741 1881 καὶ

2243 1913 2605 1989 συνδεδεμένος
2648 1913 2740 1972 καὶ
2794 1912 2955 1981 πίνων
3005 1912 3069 1972 τὸ
3113 1912 3419 1994 φάρμακον,
3470 1909 3739 1992 ἐφιλοσόφει·
3806 1940 3807 1951 2

2241 2004 2444 2080 πρῶτος
2473 2000 2742 2069 ἀποδείξας
2780 1999 2869 2059 τὸν
2911 1999 3021 2078 βίον
3058 1998 3260 2058 ἅπαντι
3305 1999 3476 2078 χρόνῳ
3508 1996 3590 2057 καὶ
3629 1994 3737 2073 μίρει

2243 2088 2334 2146 καὶ
2368 2086 2555 2145 πάθεσι
2590 2087 2681 2145 καὶ
2720 2085 3026 2164 πράγμασιν
3058 2085 3248 2153 ἁπλῶς
3287 2085 3455 2143 ἅπασι
3493 2083 3740 2161 φιλοσοφίαν
3806 2142 3807 2145 ,

2243 2174 2537 2253 δεχόμενον.
2553 2174 2711 2234 Οὕτω
2733 2172 2797 2245 δὴ
2817 2171 3113 2244 διανοητέον
3128 2172 3223 2230 καὶ
3238 2172 3362 2253 περὶ
3381 2167 3735 2237 πολιτείας,κτλ.

2320 2266 2659 2338 Longiorem
2698 2264 2889 2318 locum
2932 2261 3250 2318 exscribere
3287 2273 3565 2335 poteram,
3587 2266 3740 2353 utpote
3806 2292 3807 2303 ³

2244 2353 2344 2425 qui
2358 2392 2375 2420 ,
2416 2352 2462 2406 si
2504 2351 2914 2424 comparaveris
2959 2367 3026 2404 ea
3061 2367 3189 2421 quae
3228 2349 3307 2405 de
3341 2345 3640 2403 Dicaearcho
3671 2342 3739 2396 τοῧ
3806 2416 3807 2423 ¹

2242 2441 2531 2516 πρακτικοῦ
2557 2434 2670 2513 βίου
2696 2435 3081 2492 collaudatore
3123 2447 3182 2491 et
3218 2438 3285 2491 in
3305 2436 3393 2490 his
3417 2433 3571 2489 rebus
3590 2430 3737 2485 Theo·
3806 2434 3807 2439 ’

2241 2526 2455 2598 phrasti
2481 2534 2538 2580 et
2576 2523 2890 2580 Aristotelis
2917 2521 3243 2577 adversario
3280 2524 3344 2576 in
3381 2517 3739 2575 introductione
3806 2526 3807 2575 ξ

2242 2614 2591 2680 monuimus»,
2625 2621 2777 2666 totus
2802 2627 2873 2665 ex
2910 2609 3227 2664 Dicaearchi
3264 2608 3530 2664 sententia
3552 2604 3738 2673 scriptus
3806 2636 3807 2675 j

2242 2717 2354 2754 esse
2372 2707 2646 2771 appareat.

1068 2965 1419 3024 INCERTAE
1459 2964 1685 3025 SEDlS.

1334 3077 1423 3126 74.

670 3172 975 3223 Dicaearchus
999 3185 1395 3234 unumquemque
1431 3173 1655 3222 censebat
1694 3171 1812 3222 dare
1848 3185 2043 3235 operam
2069 3173 2154 3222 de-

609 3252 748 3310 bere,
786 3250 841 3298 ut
874 3249 1090 3297 omnium
1119 3248 1501 3298 benevolentiam
1538 3249 1630 3298 sibi
1655 3249 1958 3311 conciliaret,
1986 3249 2153 3299 amici-

607 3328 726 3377 tiam
753 3328 914 3375 autem
934 3338 1047 3374 cum
1069 3325 1207 3374 bonis
1227 3326 1387 3373 iniret.

1326 3408 1416 3459 75.

671 3509 848 3558 Praeter
876 3507 980 3557 haec
995 3519 1106 3570 quae
1137 3507 1345 3557 diximus
1367 3507 1555 3570 omnia,
1587 3507 1706 3557 illud
1729 3509 1961 3558 memoria
1982 3510 2152 3557 tenen·

606 3588 725 3636 dum
743 3589 840 3648 est,
860 3585 1132 3649 reipublicae
1150 3586 1606 3636 administrationem
1624 3599 1722 3636 non
1744 3587 1793 3636 in
1808 3587 1900 3636 hoc
1916 3588 2020 3636 solo
2041 3599 2153 3636 con·

606 3665 798 3723 sistere,
822 3666 879 3712 ut
912 3664 1139 3724 imperes,
1174 3663 1430 3725 legationes
1449 3664 1595 3713 obeas
1607 3699 1621 3725 ,
1655 3664 1706 3713 in
1742 3664 1974 3714 concione
2006 3665 2152 3714 vehe-

608 3744 794 3791 menter
809 3741 1080 3807 vocifereris
1090 3778 1105 3803 ,
1129 3741 1258 3790 etad
1273 3744 1546 3804 suggestum
1565 3741 1810 3793 baccheris
1821 3778 1837 3804 ,
1857 3742 2153 3804 dicendoque

609 3822 662 3868 et
683 3818 935 3868 scribendo
968 3818 1190 3880 grasseris
1216 3832 1230 3866 :
1263 3819 1441 3881 quibus
1464 3818 1605 3868 rebus
1630 3819 1852 3868 nonnulli
1873 3819 2152 3882 reipublicae

607 3898 1066 3947 administrationem
1087 3897 1345 3958 definiunt3
1363 3898 1488 3947 sicut
1508 3900 1559 3947 et
1575 3897 1894 3960 philosophari
1919 3898 2006 3947 hos
2026 3896 2150 3946 dun-

607 3976 743 4025 taxat
755 3976 951 4036 putant,
965 3973 1049 4036 qui
1066 3972 1116 4022 in
1130 3974 1338 4023 exhedra
1354 3974 1608 4035 disserunt,
1627 3977 1713 4023 aut
1729 3973 1862 4023 libris
1875 3974 2152 4035 conscriptis

609 4053 794 4110 scholas
809 4065 921 4103 suas
941 4051 1324 4115 complectuntur
1345 4072 1358 4103 ι
1379 4053 1569 4103 interim
1591 4065 1674 4103 eos
1695 4052 1842 4113 fallit,
1859 4063 1971 4114 quae
1994 4052 2151 4113 quoti·

2247 2940 2325 2990 die
2354 2940 2404 2988 in
2430 2938 2568 2988 factis
2601 2936 2965 2997 actionibusque
2995 2936 3331 2995 continuatur,
3363 2929 3569 2995 aequabili
3596 2924 3729 2980 modo,
3806 2978 3807 2997 Ξ

2244 3015 2545 3079 philosophia
2585 3015 2732 3076 atque
2787 3012 2941 3061 civilis
2971 3012 3112 3061 ratio.
3158 3014 3286 3062 Nam
3325 3011 3449 3060 sicut
3479 3001 3729 3056 Dinarchus

2242 3095 2405 3155 refert,
2422 3107 2505 3144 eos
2521 3091 2715 3141 aiebant
2738 3090 3012 3150 ambulare,
3034 3090 3118 3152 qui
3148 3089 3201 3138 in
3224 3088 3486 3152 porticibus
3507 3082 3636 3146 spatia
3650 3090 3729 3127 sur·
3806 3106 3807 3123 2

2240 3184 2348 3220 sum
2384 3170 2705 3230 deorsumque
2735 3166 3055 3229 conficerent,
3089 3178 3187 3214 non
3229 3166 3319 3229 qui
3346 3165 3395 3213 in
3426 3172 3577 3224 agrum
3602 3152 3726 3205 nutv!

2241 3248 2421 3295 amicos
2443 3245 2582 3294 irent.
2603 3245 2667 3294 At
2682 3244 2813 3292 enim
2831 3242 2997 3292 eadem
3016 3244 3090 3293 est
3111 3238 3474 3304 philosophandi
3492 3236 3619 3293 ratio.
3639 3242 3725 3292 ‹1¹¹ae
3806 3294 3807 3307 γ

2241 3321 2589 3384 rempublicam
2633 3319 2889 3369 tractandi.
2941 3321 3064 3368 Nam
3122 3320 3346 3367 Socrates
3369 3353 3385 3378 ,
3427 3325 3565 3376 quum
3606 3316 3728 3367 ”00⁰⁶

2240 3401 2437 3460 poneret
2460 3396 2711 3458 subsellia,
2737 3408 2895 3458 neque
2921 3394 3201 3446 cathedram
3237 3390 3586 3447 conscenderet,
3606 3391 3726 3443 nerim

2242 3475 2486 3538 dIscipulis
2505 3474 2685 3524 scholae
2710 3476 2797 3522 aut
2812 3471 3213 3523 deambulationis
3230 3472 3384 3521 ullam
3405 3468 3568 3518 certam
3586 3461 3724 3509 ωῠῦῑῑ·

2238 3553 2396 3602 tueret
2411 3551 2581 3600 horam
2601 3570 2613 3599 ι
2634 3549 2718 3600 sed
2744 3562 2856 3598 cum
2877 3549 2984 3598 aliis
2998 3548 3195 3609 ludens,
3219 3561 3335 3598 eum
3357 3546 3481 3603 aliis,
3503 3542 3635 3590 utres
3650 3533 3719 3621 fh·

2238 3630 2347 3689 bat,
2363 3628 2558 3689 bibens,
2576 3627 2815 3687 militans,
2833 3627 2886 3675 in
2906 3626 3013 3675 foro
3030 3638 3254 3688 versans,
3273 3625 3334 3675 ad
3352 3624 3594 3673 extremum
3612 3614 3723 3661 eum
3788 3644 3792 3651 -

2238 3705 2288 3753 in
2310 3718 2502 3755 carcere
2526 3706 2717 3755 vinctus
2744 3707 2798 3754 et
2834 3717 3074 3753 venenum
3099 3704 3300 3766 bibens,
3322 3692 3718 3766 philosophamur:

2238 3783 2522 3843 primusque
2542 3782 2752 3831 ostendit
2783 3781 2899 3830 vit-'e
2932 3794 3077 3830 omne
3109 3782 3332 3842 tempus,
3359 3778 3528 3840 partem
3548 3774 3719 3848 ommi-¹¹·

2237 3871 2377 3907 casus
2390 3871 2556 3907 omnes
2569 3894 2585 3919 ‚
2604 3857 2849 3920 negotium
2871 3870 3015 3907 omne
3035 3858 3203 3918 aptum
3225 3870 3332 3906 esse
3348 3850 3498 3904 studio
3512 3842 3721 3926 snm·

2237 3933 2378 3992 Quod
2426 3934 2731 3996 cogitandum
2773 3934 3013 3985 mehercle
3056 3935 3131 3984 est
3154 3933 3302 3984 etiam
3346 3931 3406 3981 de
3444 3920 3719 3988 κοῦπω

2236 4011 2474 4073 civitatis,
2494 4013 2587 4061 etc.
