3900 6042
535 398 646 447 546

531 504 771 588 h'abens,
809 542 925 578 nou
956 533 1198 596 pertinet
1232 522 1303 577 ad
1340 524 1581 577 nominis
1612 524 2072 601 explicationem,

530 609 627 664 sed
650 612 903 665 notitiam
927 611 1249 664 historicam
1274 612 1521 664 continet
1550 610 1621 665 de
1647 613 1934 681 inusitata,
1966 632 2077 686 qua

532 697 758 771 insignis
813 707 1010 752 auctor
1060 697 1323 769 dynastiae
1373 698 1772 771 Memphitica,
1827 702 2078 773 corporis

530 785 881 854 proceritate.
917 785 1244 838 Accuratius
1274 801 1392 836 reru
1416 793 1637 838 servant
1671 796 1931 859 excerpta
1959 789 2079 841 Ma-

530 870 901 938 nethoniana,
930 872 1134 942 quibus
1154 868 1439 924 Sesochris
1462 889 1560 925 rex
1586 872 1837 943 quinque
1859 874 2080 928 cubitos

532 965 587 1010 et
610 964 721 1011 tres
742 959 955 1030 palmos
981 959 1123 1012 altus
1159 956 1321 1011 fuisse
1349 967 1630 1013 narratur.
1662 989 1739 998 —
1767 960 1891 1013 Jam
1926 978 2073 1032 quo-

530 1041 702 1098 modo
742 1044 949 1098 sactum
988 1044 1090 1109 sit,
1128 1051 1191 1095 ut
1234 1043 1496 1097 Manetho
1538 1043 1751 1115 primos
1791 1063 1965 1099 annos
2004 1047 2076 1115 78

532 1129 690 1200 hujus
708 1129 969 1201 dynastiae
990 1131 1135 1184 inter
1162 1129 1303 1184 duos
1320 1146 1477 1201 reges
1504 1129 1825 1197 distribuat,
1852 1141 1906 1185 et
1928 1149 2078 1203 prae-

531 1227 681 1270 terea
702 1217 867 1269 etiam
887 1217 1109 1269 tertium
1132 1233 1323 1289 regem
1355 1216 1742 1269 Necherochin
1769 1234 1895 1270 cum
1922 1219 2079 1272 aunis

533 1304 604 1359 28
618 1302 954 1371 introducat,
971 1320 1169 1376 parum
1186 1304 1380 1374 liquet.
1397 1301 1670 1357 Claeeneres
1687 1301 1913 1357 sortasse
1926 1304 2077 1358 idem

530 1399 609 1443 est
639 1390 736 1461 qui
769 1390 1150 1457 SesotrlaeereS,
1176 1389 1501 1443 abbreviato
1530 1389 1789 1458 nomine,
1818 1399 1873 1443 et
1901 1390 2079 1444 inter-

526 1477 704 1548 posita
750 1477 912 1531 litera
953 1493 992 1528 n
1039 1473 1214 1547 (utin
1258 1476 1601 1528 Ra-n-seser
1640 1491 1748 1546 pro
1792 1475 2071 1534 Ra-seser,

527 1562 693 1617 Buns.
727 1581 786 1635 p.
820 1562 955 1635 69).
985 1561 1359 1617 Necheroclzis
1400 1579 1513 1615 una
1541 1579 1669 1614 cum
1692 1561 1948 1615 Sesochri
1977 1579 2073 1615 re-

526 1652 796 1722 gnaverit.
834 1650 1103 1703 Praeterea
1132 1648 1437 1702 Bunsenius
1472 1646 1559 1719 (p.
1592 1644 1734 1719 105)
1769 1648 2076 1719 suspicatur

526 1736 919 1790 Sesorcherem
956 1736 1182 1790 sortasse
1228 1734 1469 1789 cundem
1511 1752 1623 1788 esse
1662 1752 1791 1788 cum
1829 1735 2074 1790 Uchoreo

527 1839 695 1893 quem
733 1823 1018 1878 Diodorus
1074 1823 1169 1897 (1,
1222 1821 1331 1889 50,
1378 1818 1449 1892 3)
1493 1838 1681 1893 regem
1718 1839 1749 1874 a
1794 1822 1972 1876 Busiri
2017 1824 2072 1877 11

527 1920 785 1965 octavum
807 1911 968 1965 fuisse
986 1950 1002 1977 ,
1030 1920 1198 1981 atque
1222 1909 1508 1980 Memphin
1538 1907 1851 1963 condidisse
1876 1908 2065 1968 tradit.

523 1997 692 2067 Quod
735 1998 779 2051 si
818 2006 927 2062 est,
968 1997 1078 2050 huc
1111 1996 1417 2068 pertineret
1461 1994 1614 2048 haud
1652 1994 1823 2049 dubie
1863 2013 2072 2049 nomen

526 2085 1038 2148 U-SESER-KET‚
1081 2082 1237 2154 quod
1275 2083 1507 2154 Lepsius
1542 2081 1600 2134 in
1643 2098 1840 2154 campo
1877 2083 2070 2154 sepul-

524 2171 657 2225 crali
686 2169 757 2224 ad
792 2169 1107 2242 pyramides
1133 2169 1453 2224 Gizehianas
1479 2169 1688 2239 reperit
1730 2167 1848 2245 (Cf.
1883 2178 2069 2223 tamen

522 2268 642 2313 not.
670 2257 739 2311 ad
763 2257 895 2328 dyn.
921 2256 1028 2331 V).

604 2342 871 2397 Praetcrea
893 2342 965 2397 ad
990 2343 1172 2416 prima
1194 2343 1310 2396 haec
1334 2340 1595 2413 dynastiae
1618 2342 1791 2395 tertiae
1812 2350 2066 2413 tempora

521 2428 812 2482 reserenda
834 2439 1019 2483 censet
1045 2446 1242 2502 regum
1267 2429 1495 2483 nomina
1516 2430 1659 2484 Asns
1697 2438 1753 2482 et
1780 2433 2064 2498 Asrsur,

520 2532 765 2587 quorum
787 2516 931 2570 illud
967 2528 1229 2588 quartum
1263 2516 1425 2570 estin
1451 2516 1591 2569 serie
1612 2533 1810 2589 regum
1849 2515 2078 2575 Carna-‚

519 2602 677 2656 ciana
693 2642 708 2670 ‚
738 2602 849 2657 hoc
876 2612 1049 2656 exstat
1078 2603 1138 2656 in
1164 2601 1616 2675 inscriptionibus
1641 2602 2026 2674 sepulcrorum
2045 2642 2060 2669 ,

519 2707 641 2760 quae
662 2707 840 2762 prope
866 2688 1183 2762 pyramides
1203 2688 1523 2744 Gizehianas
1543 2689 1646 2742 sita
1666 2696 1810 2745 sunt.
1838 2686 1921 2746 Cf.
1952 2706 2061 2742 no-

519 2786 629 2829 tam
654 2775 725 2830 de
742 2794 874 2849 rege
895 2777 1148 2848 septimo.

592 2865 649 2918 11
678 2875 731 2918 et
759 2865 864 2919 111.
895 2864 1217 2934 Sequuntur
1256 2881 1343 2934 ap.
1376 2863 1776 2917 Manethonem
1803 2881 1820 2920 .·
1866 2865 2062 2919 Tosor—

515 2951 638 3005 thos
671 2969 764 3006 au.
808 2967 883 3021 29
919 2959 974 3002 et
1016 2951 1199 3019 Tyreis
1242 2967 1331 3005 an.
1374 2967 1429 3017 7.
1475 2949 1610 3019 Quae
1647 2951 2061 3006 accommodari

514 3034 674 3091 facile
703 3035 1134 3090 Eratosthenicis
1166 3044 1422 3107 possunt,
1461 3034 1634 3088 modo
1674 3036 1932 3090 ordinem
1969 3056 2062 3093 re-

504 3139 644 3195 gum
672 3122 925 3175 invertas.
1009 3118 1295 3173 Secundus
1315 3118 1609 3191 ponendus
1631 3120 1823 3192 Tyreis
1853 3138 1944 3174 an.
1983 3139 2013 3190 7
2039 3163 2055 3191 ,

513 3210 602 3263 cui
647 3227 736 3281 ap.
777 3208 926 3261 Erat.
968 3204 1270 3278 respondet
1319 3205 1569 3260 Stoichos
1612 3202 1809 3283 (Ares)
1849 3226 1944 3265 an.
1987 3208 2056 3283 63

512 3294 716 3349 deinde
739 3295 932 3348 tertius
962 3292 1265 3347 Tosorthos
1291 3310 1381 3347 an.
1412 3310 1486 3366 29
1504 3333 1519 3360 ,
1550 3294 1649 3365 qui
1676 3308 1764 3367 ap.
1794 3294 1944 3351 Erat.
1980 3306 2059 3349 est

514 3384 822 3438 Gosormies
848 3399 939 3435 an.
970 3383 1065 3438 30.

588 3472 663 3526 11.
706 3471 927 3525 Nomen
964 3469 1110 3541 regis
1145 3467 1375 3522 secundi
1412 3468 1802 3523 Eratosthenes
1840 3488 1871 3524 a
1899 3470 2055 3524 Bun-

508 3558 663 3612 senio
687 3555 1010 3610 emendatus
1034 3557 1432 3628 interpretatur
1445 3573 1584 3608 voce
1605 3552 1880 3621 ἡλιόθετος.
1910 3558 2055 3611 Hinc

507 3645 811 3699 Bunsenius
840 3643 1054 3715 colligit
1092 3660 1302 3696 nomen
1338 3640 1662 3715 AEgyptium
1697 3642 1791 3696 vix
1811 3645 2056 3715 potuisse

507 3730 660 3787 aliud
688 3748 799 3785 esse
828 3730 933 3783 nisi
957 3747 969 3783 :
1001 3729 1439 3795 TET-KE—RA‚
1467 3727 1624 3799 quod
1646 3727 1718 3783 ad
1739 3729 2056 3801 pyramides

506 3821 567 3873 in
587 3810 971 3891 sepulcrorum
983 3814 1434 3888 inscriptionibus
1448 3824 1733 3888 repertum
1748 3824 1844 3872 est.
1864 3816 2053 3872 Graece

506 3906 674 3962 scribi
716 3905 900 3978 potuit
937 3902 1291 3957 Tot—che-ms
1318 3910 1415 3957 aut
1456 3903 1768 3974 Ty-ke-res.
1799 3904 1925 3957 Hoc
1954 3904 2054 3959 de—

505 3993 647 4048 disse
670 3991 895 4046 videtur
922 3991 1182 4046 Manetho
1201 4031 1216 4056 ,
1242 3990 1303 4043 in
1338 3988 1493 4061 cujus
1515 3989 1792 4044 laterculis
1812 3989 2053 4045 mediam

504 4079 769 4151 syllabam
793 4079 860 4132 ke
893 4078 1077 4133 scriba
1113 4078 1393 4146 omiserit3
1422 4076 1654 4131 alteram
1686 4074 1922 4129 formam
1945 4094 2054 4148 po-

503 4166 674 4220 suerit
695 4166 1102 4233 Eratosthenes,
1129 4163 1405 4235 siquidem
1424 4162 1720 4236 probabile
1742 4161 2053 4217 admodum

504 4261 582 4305 est
603 4270 767 4307 voces
779 4252 1030 4308 Stoichos
1051 4262 1106 4306 et
1126 4253 1268 4305 Ares
1285 4249 1438 4323 apud
1460 4248 1781 4321 Syncellum
1798 4249 1858 4302 in
1878 4267 2052 4304 unum

503 4356 712 4395 nomen
738 4339 1033 4394 Toiclzares
1055 4336 1469 4411 conjungendas
1495 4353 1629 4393 esse.
1656 4337 1906 4390 Fortasse
1939 4334 2051 4390 huc

501 4427 781 4498 pertinent
821 4426 986 4480 etiam
1028 4425 1198 4478 verba
1242 4419 1422 4498 τοιγὰρ
1470 4418 1700 4496 ἄμαχος,
1741 4439 1865 4493 quae
1898 4421 2051 4495 apud

507 4513 826 4583 Syncellum
853 4512 1022 4584 primi
1038 4511 1185 4584 regis
1202 4511 1418 4565 nomini
1437 4518 1646 4563 temere
1664 4505 2046 4580 praefiguntur.

504 4604 614 4654 Aut
654 4600 804 4654 enim
841 4599 1011 4653 latere
1042 4600 1101 4651 in
1140 4599 1205 4651 iis
1240 4596 1465 4651 videtur
1501 4613 1712 4649 nomen
1756 4594 2050 4649 Toiclaares

500 4705 630 4740 cum
653 4687 919 4740 liberiore
950 4686 1443 4757 interpretamento
1482 4678 1721 4757 ἄμαχος,
1750 4692 1845 4737 aut
1867 4677 2045 4759 τοιγὰρ

497 4773 771 4845 particula
793 4790 972 4846 graeca
997 4771 1166 4826 suerit
1185 4810 1201 4840 ,
1228 4788 1339 4843 qua
1360 4769 1611 4824 indicare
1633 4779 1830 4823 auctor
1865 4770 2048 4823 voluit

497 4878 691 4914 vocem
714 4857 970 4926 ἡλιόθετος
989 4860 1065 4913 ita
1082 4855 1517 4931 intelligendam,
1540 4865 1603 4909 ut
1623 4854 1897 4930 significet
1912 4851 2046 4928 ἅμα·

495 4964 587 5020 χος
617 4940 815 5019 (BunS.
840 4965 900 5018 p.
934 4953 1002 5014 74
1027 4944 1069 5019 ).
1094 4942 1212 4999 Hoc
1233 4956 1416 4998 tamen
1437 4944 1620 4998 minus
1633 4943 1946 5017 probabile.

571 5035 681 5089 111.
725 5035 898 5089 Tertii
919 5036 1071 5109 regis
1098 5035 1328 5089 nomina
1351 5034 1681 5100 Gosorme'es,
1720 5031 2029 5099 Tosorchos,

497 5120 773 5175 Sesorehoe
793 5120 1114 5176 reducenda
1140 5131 1270 5175 sunt
1296 5120 1367 5175 ad
1393 5137 1603 5175 nomen
1627 5139 1641 5173 ε

1632 391 2130 453 MANETHONJS
2171 392 2638 457 SEBENNYTAE

2529 535 2820 588 Sesortose's
2858 535 3084 603 (seSeR
3093 534 3294 591 TeSeN
3317 536 3366 611 ).

2246 699 2298 752 Is
2319 707 2517 753 auctor
2544 701 2676 753 artis
2702 698 2931 753 medicae
2949 698 3084 765 fuit,
3121 701 3456 774 primusque
3478 702 3712 759 aedifica·

2164 780 2247 835 vit
2288 779 2482 847 ξεσταῖς
2509 782 2667 848 λίθόις
2694 803 2736 839 5.
2778 784 2979 839 dolatis
3012 787 3296 859 lapidibus
3323 787 3722 863 quadrangulis

2172 866 2190 940 (
2212 872 2273 924 V.
2313 870 2546 927 Bunsen.
2577 889 2635 943 p.
2666 869 2739 926 83
2761 889 2887 943 sqq.
2909 870 2948 945 ).
2975 871 3112 943 Quae
3136 873 3434 929 adduntur
3451 892 3548 947 ap.
3575 877 3718 947 Syn-

2168 956 2369 1010 cellum
2407 954 2542 1011 ἀλλὰ
2578 955 2665 1012 καὶ
2701 959 2902 1034 γραφῆς
2939 957 3266 1030 ἐπεμελήθη,
3301 961 3587 1034 interpres
3612 963 3719 1016 Eu-

2166 1043 2305 1097 sebii
2327 1048 2558 1101 Arinen.
2584 1043 2774 1099 reddit
2791 1045 2974 1100 verbis
3002 1047 3156 1101 libn‘s
3171 1058 3463 1121 parter-ea
3481 1051 3720 1104 scriben-

2166 1131 2252 1184 dIs
2263 1149 2451 1185 curam
2472 1132 2753 1204 impendit,
2786 1149 2960 1202 quum
2973 1151 3162 1188 seusus
3181 1134 3393 1207 procul
3416 1134 3602 1190 dubio
3619 1137 3686 1191 sit
3707 1155 3720 1189 :

2167 1222 2334 1270 etiam
2359 1217 2430 1271 de
2452 1214 2727 1270 scribendi
2749 1229 2869 1270 arte
2894 1224 3122 1273 meritus
3139 1232 3240 1276 est.
3269 1222 3536 1275 Fortasse
3561 1223 3725 1296 igitur

2172 1304 2469 1358 Sesortosis
2485 1305 2643 1377 signa
2669 1304 3088 1377 hieroglyphica
3117 1316 3632 1361 monumentorum
3659 1310 3724 1365 ad

2165 1390 2527 1462 simpliciores
2565 1389 2766 1444 ductus
2798 1390 3048 1464 redegit,
3069 1402 3241 1464 atque
3272 1394 3352 1447 sic
3390 1404 3603 1449 auctor
3633 1414 3724 1449 ex-

2164 1478 2301 1529 stitit
2340 1478 2625 1549 scripturae
2660 1478 2905 1550 generis,
2945 1478 3104 1549 quod
3130 1480 3474 1534 hier-aticum
3521 1494 3726 1536 vooeut

2170 1565 2371 1635 (Buns.
2397 1582 2457 1636 p.
2487 1563 2559 1619 85
2588 1561 2631 1637 ).
2674 1594 2753 1606 —
2779 1565 2959 1617 Porro
2985 1566 3304 1620 Sesortosin
3330 1576 3600 1621 nostrum
3625 1587 3726 1623 uo·-

2167 1658 2281 1703 tare
2309 1648 2529 1703 videtur
2552 1649 2902 1704 Dicaearchus
2919 1650 3071 1722 apud
3087 1652 3268 1706 schol.
3295 1653 3498 1724 Apoll.
3529 1652 3720 1711 mand.

2164 1736 2256 1803 IV,
2284 1752 2393 1805 272
2413 1774 2429 1801 ‚
2459 1735 2558 1790 ubi
2577 1734 2940 1789 Sesonchost'n
2979 1739 3056 1791 ait
3087 1733 3275 1811 νόμους
3299 1735 3602 1795 τεθεικέναι
3627 1762 3724 1814 μη·

2163 1818 2281 1875 δένα
2322 1821 2573 1893 ἐκλείπειν
2611 1817 2706 1888 τὴν
2745 1818 2991 1899 πατρῴαν
3036 1819 3252 1899 τέχνην·
3291 1820 3387 1878 καὶ
3430 1826 3650 1901 πρᾶτον
3675 1825 3726 1883 δὲ

2163 1904 2435 1982 εὑρηκέναι
2475 1904 2653 1963 ἵππων
2698 1904 2990 1964 ἀναὸαίνειν
3038 1907 3328 1986 ἄνθρωπον.
3385 1910 3564 1968 Certe
3609 1933 3726 1969 nou

2159 1994 2402 2066 potuisse
2426 1993 2811 2049 Dicaearchum
2845 1997 3089 2069 cogitare
3123 1995 3196 2050 de
3222 1997 3545 2052 Sesostride
3575 2000 3722 2056 cele-

2159 2080 2408 2134 berrimo
2440 2080 2539 2134 illo
2567 2080 2842 2137 bellatore
2887 2090 3143 2154 tempora
3180 2080 3413 2139 docent.
3439 2084 3598 2139 Nam
3623 2087 3722 2141 Se-

2158 2167 2441 2221 sonchosis
2460 2166 2552 2221 hic
2575 2169 2734 2223 annis
2751 2169 2946 2222 vixisse
2967 2167 3120 2222 2500
3143 2178 3272 2223 ante
3294 2170 3528 2235 Troica,
3551 2175 3726 2227 omni·

2161 2271 2358 2326 noque
2422 2254 2635 2327 primus
2686 2256 3080 2329 AEgyptiorum
3147 2272 3247 2310 rex
3298 2266 3432 2328 post
3505 2256 3724 2315 Horum

2157 2339 2327 2395 deum
2354 2341 2516 2396 fuisse
2541 2351 2802 2396 narratur
2829 2342 2933 2414 (ex
2959 2340 3262 2396 traditione
3283 2342 3720 2425 Memphitica).

2238 2429 2339 2483 lv,
2362 2429 2638 2497 Quartum
2671 2445 2862 2502 regem
2887 2427 3278 2483 Eratosthenes
3310 2432 3480 2501 ponit
3514 2432 3726 2489 Mam

2155 2514 2193 2570 i.
2215 2531 2267 2571 e.
2289 2511 2570 2590 ἡλιόδωρον
2603 2512 2749 2589 (ma,
2781 2514 2948 2581 dare·‚
2967 2531 3052 2581 re,
3078 2514 3224 2587 sol).
3251 2516 3384 2569 Non
3405 2519 3726 2590 respondet

2154 2619 2361 2655 nomen
2386 2602 2733 2657 Manethonis
2769 2600 3085 2655 Mesochrae's.
3129 2601 3435 2657 Bunsenius
3465 2604 3571 2678 (p.
3619 2611 3724 2676 74)

2153 2689 2324 2761 igitur
2346 2689 2422 2743 ita
2448 2689 2566 2743 haec
2604 2687 2956 2761 expedienda
2983 2689 3194 2744 statuit.
3236 2690 3445 2758 Mares,
3495 2693 3616 2763 ait,
3647 2706 3724 2750 ert

2153 2792 2469 2849 cognomen
2508 2775 2685 2848 regis,
2733 2773 2892 2846 quod
2939 2774 3326 2830 Eratosthenes
3361 2779 3570 2849 posuit
3613 2799 3722 2855 pro

2151 2863 2379 2917 nomine
2413 2862 2660 2930 familie,
2701 2862 2971 2933 quoniam
3004 2862 3112 2915 hoc
3153 2860 3270 2932 jam
3312 2878 3659 2922 occurrerat
3708 2890 3722 2922 ·.

2150 2968 2280 3004 nam
2303 2947 2608 3003 Mesoa-hm
2627 2947 2979 3001 Manethonis
2998 2947 3152 3001 idem
3175 2965 3386 3002 nomen
3414 2959 3500 3004 est
3515 2991 3534 3018 ,
3561 2954 3724 3025 quod

2149 3039 2210 3091 in
2238 3034 2694 3091 antecedentibus
2723 3035 2929 3089 rectius
2955 3043 3153 3089 auctor
3195 3035 3498 3107 scripserat
3539 3038 3720 3095 Seso-

2149 3122 2296 3177 clm's
2323 3123 2340 3200 (
2352 3119 2757 3196 Sesorcheres).
2794 3122 2991 3194 Itaque
3025 3129 3290 3192 quartum
3326 3140 3531 3197 regem
3573 3144 3722 3182 uan-

2150 3210 2406 3264 ciscimur
2439 3206 2796 3264 Sesoncheren
2830 3207 2889 3262 11
2935 3209 3270 3281 cog-nomine
3311 3208 3534 3265 Mares.
3571 3214 3718 3267 Auni

2148 3297 2308 3370 regni
2350 3294 2502 3368 apud
2531 3294 2926 3349 Manethonem
2963 3305 3094 3349 sunt
3144 3311 3248 3362 173
3291 3293 3532 3351 sortasse
3579 3298 3718 3355 olim

2149 3384 2310 3438 fuisse
2346 3401 2433 3437 an.
2475 3400 2570 3451 27,
2615 3380 2774 3453 quod
2809 3382 3052 3453 spatium
3094 3381 3358 3454 proxime
3413 3383 3718 3441 accederet

2147 3469 2218 3524 ad
2241 3469 2617 3524 Eratosthenis
2638 3486 2813 3523 annos
2836 3468 2910 3523 26
2927 3509 2944 3537 ,
2966 3468 3206 3522 Bunsen.
3229 3469 3578 3541 suspicatur.

2232 3557 2575 3611 Sesorcheris
2599 3557 2685 3624 11,
2719 3555 2999 3609 Bunsenio
3018 3553 3210 3625 judice
3249 3557 3343 3628 (p.
3389 3556 3532 3631 88),
3559 3559 3714 3632 apud

2145 3644 2464 3699 Diodorum
2488 3640 2774 3715 Sasychis,
2808 3641 2869 3695 in
2896 3640 3171 3697 Herodoti
3193 3638 3305 3717 (11,
3332 3640 3475 3716 136)
3499 3645 3716 3700 codici·

2144 3732 2250 3785 bus
2277 3730 2513 3803 Aqyche's
2536 3729 2869 3803 appellatur.
2900 3732 2982 3785 Ac
3007 3726 3299 3783 Diodorus
3327 3728 3576 3800 quidem
3615 3735 3707 3799 (Ι,

2145 3823 2242 3888 94,
2267 3817 2319 3887 3)
2336 3828 2636 3889 postquam
2649 3814 2721 3870 de
2737 3815 2922 3869 Mnevi
2942 3813 3181 3881 dixerat,
3201 3825 3491 3887 tamquam
3513 3836 3713 3874 secun-

2144 3904 2281 3959 dum
2309 3905 2535 3977 AEgypti
2563 3902 2933 3977 legislatorem
2951 3910 3224 3956 memorat
3249 3899 3520 3977 Σάσυχιν,
3545 3902 3709 3977 ἄνδρα

2143 3988 2344 4045 συνέσει
2367 3987 2670 4066 διαφέροντα
2686 4005 2699 4018 ·
2723 3991 2902 4043 τοῦτον
2932 3984 2984 4043 δὲ
3012 3984 3140 4065 πρὸς
3162 3992 3266 4051 τοῖς
3290 3986 3600 4065 ὑπάρχουσι
3615 3988 3706 4046 νό-

2145 4096 2258 4149 μοις
2277 4073 2409 4131 ἄλλα
2428 4096 2486 4131 τε
2507 4078 2805 4151 προσθεῖναι
2823 4069 2996 4130 καὶτὰ
3014 4071 3133 4148 περὶ
3151 4068 3246 4140 τὴν
3265 4073 3368 4127 τῶν
3391 4075 3526 4129 Θεῶν
3545 4074 3704 4148 τιμὴν

2140 4160 2520 4234 ἐπιμελέστατα
2545 4156 2800 4224 ἐπιτάξαι·
2829 4156 3037 4237 εὑρετὴν
3060 4155 3116 4213 δὲ
3138 4155 3229 4214 καὶ
3255 4160 3350 4226 τῆς
3371 4160 3702 4237 γεωμετρίη

2140 4245 2375 4323 γενέσθαι
2400 4246 2489 4304 και
2511 4244 2606 4315 τὴν
2629 4248 2729 4302 τῶν
2751 4244 2872 4323 περὶ
2908 4246 3010 4302 τῶν
3034 4242 3239 4321 ἄστρων
3262 4244 3491 4320 Θεωρίαν
3518 4269 3582 4303 τε
3609 4248 3698 4305 καὶ

2140 4332 2501 4412 παρατήρησιν
2543 4329 2743 4397 διδάξαι
2783 4355 2901 4397 τους
2927 4329 3228 4410 ἐγχωρίους.
3265 4364 3348 4375 —
3375 4334 3554 4407 Apud
3583 4338 3696 4393 He·

2137 4422 2406 4477 rodotum
2449 4439 2559 4495 pro
2607 4417 2836 4497 Σάσυχις
2870 4420 3076 4495 legitur
3099 4412 3341 4496 Ἄσυχῃς
3377 4423 3696 4480 scribarum

2140 4510 2333 4581 culpa,
2362 4510 2446 4563 uti
2467 4507 2690 4563 videtur
2714 4505 2917 4579 (verba
2940 4517 3114 4562 sunt:
3148 4501 3302 4563 Μετὰ
3323 4503 3376 4560 δὲ
3399 4504 3692 4585 Μυκερῖνον

2137 4595 2371 4670 γενέσθαι
2406 4591 2675 4670 Αἰγύπτου
2715 4590 2934 4670 βασιλέα
2976 4590 3150 4667 ἔλεγον
3188 4592 3236 4649 οῖ
3257 4589 3393 4669 ἱρέες
3416 4587 3684 4670 Ἄσυχιν).

2137 4686 2276 4739 Nam
2301 4681 2544 4737 eundem
2570 4698 2682 4735 esse
2702 4698 2830 4734 cum
2851 4680 3079 4753 Sasychi
3100 4679 3398 4735 Diodoreo
3425 4682 3560 4737 inde
3583 4683 3687 4738 col·

2136 4772 2297 4845 ligas,
2325 4768 2482 4842 quod
2507 4768 2658 4822 bunc
2676 4785 2903 4839 quoque
2926 4768 3300 4842 legislatorem
3320 4767 3490 4823 fuisse
3509 4771 3682 4843 arguit

2137 4858 2242 4926 lex,
2261 4875 2431 4929 quam
2444 4857 2515 4911 de
2542 4874 2648 4910 aere
2667 4855 2849 4909 alieno
2861 4855 2991 4913 tulit
3012 4854 3312 4927 (Herodot.
3340 4856 3381 4911 l.
3405 4854 3496 4930 1.).
3519 4854 3680 4926 Quod

2134 4963 2270 4999 vero
2293 4943 2566 5017 Mycerini
2592 4958 2869 4997 successor
2890 4941 3120 5008 dicitur,
3152 4958 3317 4995 error
3340 4951 3422 4995 est
3445 4941 3680 4996 auctoris

2131 5032 2221 5086 vel
2267 5033 2434 5086 etiam
2476 5037 2715 5104 exegetae
2756 5027 3027 5102 AEgyptii.
3057 5029 3199 5083 Nam
3223 5037 3281 5083 et
3322 5036 3673 5082 monumenta

2130 5118 2261 5185 huic
2287 5116 2567 5175 sententiae
2590 5116 2870 5170 contraria
2898 5123 3055 5183 sunt,
3086 5125 3144 5168 et
3169 5132 3338 5170 causa
3357 5116 3564 5170 erroris
3582 5131 3668 5166 ex.
