3900 6042
1285 484 1380 546 m:
1428 488 1662 547 REBUS
1711 487 2069 547 l‘UllLlClS.

88 638 252 695 quam
296 628 490 676 totam
543 637 609 674 ex
658 616 958 674 Aristotele
992 616 1211 674 fluxisse
1244 631 1421 693 puto;
1464 629 1648 675 cetera

85 722 265 769 autem
307 711 541 763 minuta
570 706 827 773 frustula,
859 726 982 779 quae
1024 725 1282 780 magnam
1327 717 1542 780 partem
1578 724 1650 761 ne

88 798 255 852 titulis
285 795 536 868 quidem
563 796 620 848 in
645 792 814 848 codd.
856 794 1111 867 insignita
1140 805 1296 861 sunt,
1323 795 1490 867 longe
1516 795 1649 866 plu-

87 888 218 938 rima
248 902 320 937 ex
340 882 655 937 Aristotele
678 882 765 935 vel
789 880 1017 935 aliunde
1040 891 1261 954 aggesta
1279 899 1412 935 esse.
1436 880 1651 952 Quibus

88 972 335 1037 resectis,
378 979 675 1041 tamquam
716 965 1046 1022 Heraclidea
1082 968 1446 1023 retinebimus
1491 967 1647 1021 Poli-

40 1072 49 1081 ·
91 1062 224 1123 tias:
259 1076 312 1111 1.
349 1051 674 1122 Ἀθηναίωνς
709 1071 761 1109 2.
794 1050 1253 1125 Λακιδαεμονίωνς
1294 1050 1351 1111 3.
1392 1053 1646 1129 Κρητῶν;

94 1154 143 1211 4.
172 1140 527 1220 Κυρηναίων;
571 1140 624 1196 5.
664 1138 972 1218 Κορινθίων;
1014 1140 1102 1215 (6.
1134 1137 1423 1214 Ἦλιίωη)
1452 1158 1510 1209 7.
1542 1140 1649 1197 Τε-

94 1230 292 1301 νεδίων;
337 1228 394 1285 8.
448 1224 696 1304 Παρίων;
730 1247 787 1301 9.
837 1223 1040 1301 Κιίωνς
1087 1245 1176 1283 11.
1210 1222 1502 1301 Κυμαίων;
1548 1223 1642 1281 25.

92 1315 379 1391 Ῥηγίνων;
416 1315 549 1386 (26.
577 1310 913 1390 Ταραντίνων
930 1314 981 1388 ;)
1006 1331 1102 1388 29.
1133 1314 1351 1391 Λοκρῶν
1368 1332 1385 1382 ;
1403 1306 1495 1369 35.
1519 1311 1650 1389 Κρο-

96 1405 378 1472 τωνιατῶν;
412 1402 513 1460 36.
545 1397 972 1476 Ἀκραγαντίνων.

163 1492 598 1545 Aeheniensium
649 1487 907 1541 Potitium
947 1487 1145 1541 ceteris
1203 1486 1359 1559 quasi
1416 1484 1649 1540 honoris

101 1596 245 1632 causa
293 1576 663 1649 praepositam
722 1590 835 1627 esse
889 1571 1030 1626 nihil
1082 1570 1253 1626 habet
1300 1570 1643 1627 offensionis.

99 1667 220 1735 Quae
254 1662 470 1717 deinde
506 1670 821 1733 sequuntur
862 1659 1109 1714 civitates
1133 1675 1328 1713 omnes
1361 1667 1489 1713 sunt
1531 1657 1649 1711 ori-

101 1752 214 1823 giue
232 1750 456 1804 Doricae
484 1746 580 1802 vel
612 1746 839 1800 AEolicae
863 1746 953 1800 vel
974 1744 1454 1811 Dorico-aeolicae,
1479 1752 1648 1814 atque

102 1837 337 1891 moribus
377 1845 436 1890 et
478 1833 747 1888 institutis
787 1832 891 1887 sibi
934 1832 1158 1886 similes.
1196 1831 1649 1886 Lacedaemonios

103 1925 373 1996 excipiunt
409 1922 724 1977 Cretenses,
755 1917 926 1991 Quod
951 1936 1119 1990 quam
1145 1928 1275 1990 apte
1296 1914 1425 1985 fiat,
1458 1916 1647 1971 dicere

106 2011 345 2083 putidum
370 2010 461 2065 sit.
486 2009 634 2064 Cum
654 2007 995 2062 Cretensium
1015 2016 1074 2060 et
1091 2003 1647 2060 lacedemoniorum

104 2098 428 2163 civitatibus,
478 2093 868 2149 intercedente
895 2093 1074 2147 'Thera
1102 2092 1307 2159 insula,
1348 2092 1648 2146 arctissime

102 2182 285 2253 junctae
300 2194 430 2238 sunt
448 2181 720 2253 Cyrenoe,
744 2179 880 2235 urbs
897 2177 1361 2234 AEolico-dorica.
1383 2180 1512 2232 Post
1530 2178 1647 2231 haec

108 2282 282 2325 auctor
301 2272 361 2325 in
382 2271 844 2344 Peloponnesum
866 2265 1032 2323 redit.
1062 2266 1369 2339 Supersunt
1386 2274 1647 2337 excerpta

38 2374 41 2381 ·
110 2358 298 2412 Politiae
318 2356 756 2420 Corinthiorum,
798 2354 889 2409 cui
909 2337 1089 2426 pauc'a
1101 2352 1274 2406 verba
1295 2350 1367 2405 de
1392 2352 1645 2406 Eleorum

110 2444 638 2518 regesubjiciuntur.
672 2443 803 2497 Haec
831 2441 931 2496 etsi
972 2438 1048 2495 ad
1085 2438 1459 2510 Peloponnesi
1511 2438 1644 2491 civi·

112 2539 259 2585 tatem
300 2533 630 2605 pertinent,
679 2538 865 2583 tamen
912 2543 1088 2599 quum
1131 2524 1361 2596 reliquis
1397 2523 1644 2578 frustulis

113 2614 189 2671 hic
208 2619 314 2672 illic
336 2616 689 2691 interpositis
730 2614 1005 2669 simillima
1039 2613 1176 2680 sint,
1206 2610 1278 2665 ab
1305 2609 1648 2665 Heraclideis

114 2706 357 2778 excerptis
391 2705 580 2759 aliena
610 2718 723 2756 esse
756 2700 1028 2772 suspicor.
1060 2701 1247 2770 Atque
1280 2695 1646 2752 additamenti

114 2786 253 2859 hujus
274 2790 598 2862 irruptione
620 2787 827 2843 factum
854 2804 969 2842 esse
997 2784 1242 2851 videtur,
1262 2793 1329 2838 ut
1352 2783 1543 2837 titulus
1560 2800 1645 2838 se·

115 2877 307 2947 quentis
318 2874 539 2930 Politiae
568 2875 927 2929 Tenediorum
949 2870 1236 2927 exciderit.
1262 2871 1442 2924 Porro
1464 2871 1645 2942 ipsum

118 2963 441 3017 Heraclidem
469 2980 503 3016 a
531 2953 841 3019 Corinthiis
864 2960 1048 3015 statim
1074 2957 1146 3012 ad
1166 2955 1443 3012 Tenedios
1467 2966 1647 3011 wans-

116 3048 217 3103 iisse
245 3059 546 3122 propterea
565 3058 708 3122 puto
727 3088 743 3116 ,
765 3046 924 3120 quod
959 3063 1028 3100 ex
1055 3044 1353 3100 Aristotele
1378 3042 1483 3117 (fr.
1517 3040 1644 3119 169)

117 3136 346 3191 novimus
371 3135 639 3191 Teneatis
675 3134 791 3208 agri
818 3132 1095 3188 Corinthii
1129 3130 1525 3205 cognationem
1556 3130 1647 3183 in-

117 3225 389 3278 tercessisse
445 3239 585 3277 cum
644 3218 931 3287 Tenediis,
998 3217 1174 3289 idque
1233 3204 1647 3289 quammaxime

121 3309 449 3381 comprobari
472 3307 760 3382 Apollinis
780 3303 1082 3381 (Sminthei
1098 3300 1114 3378 )
1131 3302 1288 3358 cultu
1305 3301 1456 3375 apud
1470 3313 1648 3357 utros·

121 3412 212 3465 que
233 3397 531 3451 simillimo.
558 3394 787 3450 Scilicet
814 3410 847 3447 a
867 3390 1099 3447 Tenedo
1124 3390 1307 3445 cultus
1327 3389 1423 3443 ille
1444 3389 1504 3445 in
1528 3389 1647 3444 Co-

120 3481 357 3537 rinthium
391 3500 599 3559 agrum
638 3479 925 3536 traductus
960 3488 1068 3546 est,
1116 3476 1270 3532 unde
1304 3485 1499 3549 postea
1531 3493 1646 3531 una

121 3585 228 3623 cum
247 3570 443 3626 Archia
472 3572 774 3644 Syracusas
790 3566 1050 3640 migravit
1070 3565 1163 3639 (V.
1183 3562 1390 3619 Strabo
1409 3580 1470 3636 p.
1499 3560 1641 3632 3803

124 3653 322 3713 Pausan.
352 3658 436 3726 11,
468 3654 534 3727 5,
575 3654 645 3723 33
685 3654 1071 3710 Mulier-Dor.
1111 3653 1173 3720 1,
1214 3668 1272 3724 p.
1315 3642 1476 3725 218).
1513 3648 1641 3722 Ipsa

124 3739 343 3798 Tenedus
378 3761 408 3798 e
443 3739 705 3808 Troade,
733 3740 833 3795 ubi
859 3738 1137 3812 Apollinis
1159 3736 1433 3793 Sminthei
1461 3737 1642 3791 cultus

123 3825 340 3883 Creticus
360 3830 588 3904 vigebat
614 3826 870 3901 (Miiller.
890 3826 932 3880 l.
953 3825 996 3879 l.
1017 3843 1078 3898 p.
1103 3824 1248 3896 220)
1270 3863 1285 3891 ,
1310 3821 1507 3877 incolis
1526 3820 1643 3876 fre-

127 3924 353 3980 quentata
370 3928 449 3971 est
468 3912 746 3993 (Diodor.
769 3914 848 3982 V,
870 3908 988 3986 83).
1008 3910 1281 3969 Creticam
1297 3926 1434 3965 vero
1455 3908 1651 3963 severi·

129 4004 268 4053 tatem
287 4020 397 4073 prae
417 4020 474 4057 se
496 4001 692 4058 ferunt
709 4017 834 4072 quae
861 3998 934 4054 de
956 3998 1174 4072 legibus
1192 3994 1569 4052 Tenediorum
1589 3994 1649 4048 in

130 4080 379 4159 Excerptis
389 4089 599 4143 nostris
617 4097 674 4141 et
687 4085 820 4141 alibi
841 4085 1160 4140 traduntur.
1178 4086 1361 4139 Porro
1376 4083 1458 4137 uti
1474 4083 1646 4137 Tene-

129 4164 344 4239 dionun,
368 4175 444 4228 sic
471 4175 644 4229 etiam
681 4173 907 4230 Ceorum
936 4172 1183 4227 instituta
1210 4170 1439 4226 Creticae
1469 4169 1645 4241 origi-

130 4252 199 4306 nis
219 4273 319 4311 eme
340 4261 525 4324 nescio
552 4278 626 4315 an
656 4269 808 4314 recte
842 4259 1034 4314 statuit
1057 4258 1324 4312 Miillerus
1353 4252 1522 4327 (Dor.
1548 4255 1607 4309 11
1625 4292 1642 4323 ,

130 4354 179 4407 p.
194 4342 310 4398 226.
333 4343 433 4399 281
454 4346 496 4420 ).
516 4347 686 4402 Certe
706 4346 891 4419 legum
908 4360 1246 4415 morumque
1264 4338 1460 4398 eadem
1477 4357 1643 4414 pror·

131 4441 203 4478 sus
225 4428 424 4486 indoles
446 4444 560 4502 est,
593 4429 740 4488 adeo
757 4440 821 4486 ut
846 4431 917 4486 ab
938 4430 1198 4498 Ionibus,
1225 4428 1432 4503 quibus
1450 4436 1643 4502 postea

134 4508 209 4563 Cei
234 4519 675 4587 accensebantur,
707 4517 911 4573 deduci
939 4534 1056 4571 non
1088 4516 1318 4591 possint.
1354 4515 1495 4570 Cum
1521 4514 1644 4569 Ceis

3171 502 3282 553 207

1740 618 2014 676 Creticam
2045 618 2296 674 indolem
2325 620 2630 675 ostendunt
2663 621 2905 676 Ceorum
2933 622 3207 689 instituta,
3238 634 3295 678 ct

1743 727 1811 764 ex
1858 708 2098 764 Arcadia
2137 726 2336 783 agmen
2373 708 2662 780 quoddam
2703 708 3014 763 incolarum
3036 711 3295 766 Aristaeus
3393 740 3400 745 ·

1741 797 1801 849 in
1826 795 2000 851 Ceum
2024 794 2316 849 deduxisse
2344 795 2551 861 fertur,
2585 796 2662 849 sic
2690 792 2761 850 de
2794 796 2935 851 Paro
2962 797 3139 851 insula
3168 797 3293 852 Ste-

1739 881 1958 954 phanus
1985 882 2115 953 Byz.
2151 880 2318 935 docet
2340 882 2455 935 haec
2488 899 2502 933 t
2536 877 2742 961 ᾨκιῖτο
2759 876 2815 935 τὸ
2840 878 2934 955 μὲν
2963 884 3172 960 πρῶτον
3192 882 3295 939 ὑπὸ

1743 966 1966 1042 Κρητῶν
1990 965 2081 1022 καί
2112 986 2263 1022 τινων
2306 964 2565 1044 Ἀρκάδων
2592 964 2779 1040 ὀλίγων
2799 986 2811 1000 ·
2853 964 3079 1040 τοῦνομα
3122 965 3176 1023 δὲ
3203 965 3294 1023 λε’-

1740 1073 1886 1127 γιται
1918 1053 2024 1111 ἀπὸ
2053 1051 2235 1131 Πάρου
2279 1057 2374 1110 τοῦ
2421 1052 2756 1129 Παρρασίου,
2803 1051 2979 1132 ἀνδρὸς
3028 1050 3294 1130 Ἀρκάδος,

1739 1138 1904 1217 ἔχειν,
1927 1143 1998 1205 ὥς
2029 1141 2386 1219 Καλλίμαχος.
2409 1174 2486 1184 -
2506 1141 2674 1212 Quod
2697 1144 2741 1196 si
2772 1143 2936 1197 aliam
2963 1161 3177 1215 quaeras
3203 1145 3288 1199 ci-

1737 1229 1998 1297 vitatem,
2024 1229 2181 1302 cujus
2204 1231 2351 1285 cives
2371 1248 2592 1285 morum
2622 1229 2920 1302 legumque
2944 1229 3293 1301 simplicitate

1738 1322 1793 1369 et
1825 1318 2116 1372 severitate
2166 1335 2294 1372 cum
2339 1316 2653 1390 Spartanis,
2697 1315 3078 1385 Cretensibus,
3133 1315 3285 1383 Ceis,

1737 1401 1996 1456 Tenediis
2020 1405 2285 1476 componi
2314 1405 2514 1477 possit,
2540 1403 2634 1456 vix
2672 1402 2949 1474 aptiorem
2990 1402 3292 1475 antiquitas

1736 1488 2059 1560 suppeditet
2084 1509 2253 1563 quam
2275 1492 2484 1563 Cymen
2507 1490 2777 1544 AEolicam
2811 1491 2901 1562 (v,
2933 1490 3157 1547 Miiller.
3180 1490 3217 1545 l.
3247 1490 3290 1545 l.

1736 1592 1799 1646 p.
1833 1592 1968 1629 221.
2011 1575 2144 1633 225.
2176 1576 2374 1650 aaa).
2403 1577 2629 1649 Optime
2669 1576 2841 1649 igitur
2876 1575 2937 1628 in
2972 1573 3295 1648 fragmentis

1738 1663 1941 1717 nostris
1958 1674 2087 1735 post
2110 1663 2387 1721 Tenedios
2402 1672 2696 1736 ponuntur
2715 1662 2859 1715 Parii
2876 1701 2892 1728 ,
2915 1661 3040 1729 Cei,
3057 1661 3287 1717 Cumaei.

1738 1750 1857 1804 Hos
1899 1750 2162 1823 deinceps
2203 1751 2491 1823 excipiunt
2529 1750 2749 1804 Doricae
2798 1747 3005 1801 indolis
3046 1748 3294 1804 civitates

1737 1835 1942 1890 Italicae
1987 1846 2043 1891 et
2083 1835 2281 1891 Siculae
2301 1877 2319 1909 ,
2366 1836 2788 1909 Rhegium-um,
2817 1828 3287 1901 Tarentinorum,

1739 1922 2054 1977 Locrorum
2068 1961 2084 1989 ,
2109 1921 2559 1976 Crotoniatarum
2575 1961 2591 1989 ,
2608 1921 3124 1995 Agrigentinorum.
3148 1920 3288 1990 Qui·

1736 2007 1841 2062 bus
1863 2007 1998 2063 addi
2019 2018 2202 2081 potest
2235 2010 2612 2064 Minoatarum
2638 2009 2776 2063 urbs
2805 2005 2907 2081 (fr.
2948 2006 3051 2081 28)
3069 2048 3085 2074 ,
3124 2008 3293 2080 Agri-

1737 2095 2099 2168 gentinorum
2147 2097 2402 2164 colonia,
2450 2095 2681 2151 Creticis
2727 2093 2944 2168 legibus
2986 2094 3288 2161 instructa3

1738 2198 2079 2254 quamquam
2102 2200 2256 2237 nunc
2282 2192 2442 2237 extra
2465 2181 2665 2238 seriem
2692 2191 2820 2236 ante
2850 2182 3068 2235 Locros
3094 2180 3154 2234 in
3180 2180 3297 2234 Ex-

1738 2270 1942 2343 cerptis
1972 2270 2225 2341 ponitur.

1816 2357 1947 2411 Haec
1967 2357 2138 2429 igitur
2149 2357 2192 2410 si
2207 2364 2359 2410 recte
2377 2354 2512 2423 dixi,
2528 2353 2853 2411 Heraclides
2864 2353 3091 2410 Politias
3106 2351 3292 2408 distri-

1735 2441 1863 2496 buit
1886 2441 2194 2497 secundum
2216 2443 2416 2514 stirpes
2441 2451 2498 2495 et
2524 2441 2887 2514 cognationes
2907 2437 3254 2513 populorum
3271 2478 3288 2508 ,

1737 2529 1974 2600 vitaeque
2015 2528 2255 2602 publicae
2301 2537 2359 2582 et
2397 2527 2625 2600 privatae
2666 2525 3107 2583 similitudinem.
3155 2526 3291 2595 Quae

1737 2615 1968 2687 quidem
2009 2633 2210 2670 norma
2247 2632 2313 2670 ac
2354 2615 2501 2669 ratio
2543 2613 2797 2667 omnium
2839 2611 3290 2668 commodissima

1737 2713 1872 2757 erat.
1901 2703 2044 2757 Nam
2069 2719 2256 2757 mores
2293 2711 2351 2758 et
2389 2700 2671 2767 instituta,
2702 2716 2826 2772 quae
2853 2715 2924 2753 ex
2956 2698 3287 2771 primordiis

1736 2799 1792 2844 et
1819 2789 1976 2861 quasi
2016 2806 2048 2844 e
2076 2788 2343 2862 sanguine
2379 2786 2726 2861 populorum
2766 2793 3118 2852 enascuntur,
3166 2802 3285 2858 prae

1737 2875 1932 2930 ceteris
1960 2873 2211 2928 indolem
2237 2882 2295 2928 et
2322 2872 2606 2946 ingenium
2631 2871 2973 2944 singularum
3001 2870 3289 2924 civitatum

1737 2962 2108 3029 constituunt,
2135 2970 2192 3015 et
2210 2977 2315 3033 per
2342 2975 2536 3014 omnes
2563 2957 2955 3012 conversiones
2973 2995 2991 3027 ,
3026 2972 3163 3028 quas
3191 2972 3286 3009 re-

1734 3065 1863 3102 rum
1884 3048 2253 3102 humanarum
2276 3041 2599 3111 vicissitudo
2624 3041 2884 3110 adducit,
2910 3057 3131 3112 semper
3157 3058 3284 3094 ma-

1735 3145 1872 3189 nent
1911 3134 2020 3189 sibi
2056 3134 2275 3189 similes.
2304 3129 2523 3187 Eodem
2557 3127 2734 3183 modo
2762 3127 3089 3183 Aristoteles
3132 3144 3287 3198 quo-

1735 3239 1847 3294 que
1887 3223 1948 3275 in
1979 3222 2310 3277 Politiarum
2343 3234 2518 3291 opere
2557 3234 2679 3273 rem
2713 3217 2886 3290 egisse
2932 3214 3070 3269 mihi
3117 3213 3285 3268 vide-

1737 3318 1849 3363 tur.
1891 3307 2056 3363 Certe
2095 3324 2212 3380 quo
2253 3306 2427 3378 magis
2464 3321 2585 3359 rem
2624 3294 2953 3375 perpendo,
2990 3309 3145 3354 tanto
3176 3301 3288 3353 mi·-

1734 3413 1839 3449 nus
1870 3393 2209 3468 permadere
2235 3392 2372 3448 mihi
2416 3408 2671 3464 possum,
2704 3387 2961 3443 distincte
3008 3397 3065 3441 et
3117 3405 3289 3442 accu-

1734 3491 1854 3535 rate
1892 3481 2054 3553 loqui
2082 3480 2397 3553 Diogenem
2435 3477 2751 3548 Laertium,
2792 3474 2892 3547 qui
2928 3474 3285 3531 Aristotelem

1735 3566 1874 3622 dicit
1897 3585 2145 3623 seorsum
2171 3576 2426 3621 measse
2448 3563 2696 3618 civitates
2717 3561 3061 3633 tyrannicas,
3085 3559 3281 3615 demo-

1735 3654 1966 3709 craticas
1987 3663 2094 3708 etc.
2121 3651 2265 3708 Nam
2291 3652 2350 3705 in
2380 3650 2609 3724 singulis
2645 3647 2859 3702 Politiis
2882 3662 3108 3701 omnem
3142 3646 3286 3700 civi-
3311 3700 3324 3713 ,

1736 3749 1911 3795 tatum
1932 3740 2220 3795 historiam
2233 3781 2249 3807 ,
2275 3748 2545 3812 quantum
2571 3735 2688 3807 ejus
2705 3733 2779 3790 ad
2796 3751 2919 3789 rem
2938 3732 3282 3807 pertinebat,

1736 3828 2003 3882 continua
2027 3828 2349 3882 narratione
2369 3834 2765 3898 pertractatam
2792 3839 2907 3877 esse
2928 3821 3057 3877 satis
3082 3821 3282 3892 liquet.

1734 3916 1861 3970 Dici
1887 3925 2073 3988 posset
2099 3913 2454 3970 Aristotelem
2481 3912 2539 3965 in
2571 3910 2899 3965 Politian-um
2928 3906 3288 3963 ordinatione

1733 4003 2036 4074 respexisse
2070 4000 2142 4057 ad
2179 4010 2382 4057 statum
2426 3996 3001 4072 rerumpublicarum,
3050 3994 3150 4066 qui
3193 3992 3286 4048 vel

1734 4088 1903 4160 ipsius
1923 4092 2082 4143 aeta'te
2099 4088 2185 4142 vel
2211 4088 2322 4142 alio
2338 4096 2493 4141 certo
2509 4083 2756 4158 quodam
2780 4081 3047 4153 temporis
3067 4088 3280 4151 puncto

1734 4175 1880 4230 forte
1917 4176 2145 4231 fortuna
2190 4174 2534 4230 obtinuisset.
2577 4175 2786 4227 Verum
2829 4169 2948 4224 haec
2989 4166 3063 4221 de
3107 4167 3277 4220 trivio

1733 4275 1954 4335 arrepta
2005 4263 2152 4317 ratio
2200 4270 2310 4329 est,
2358 4276 2531 4332 quam
2578 4256 2869 4312 cordatior
2925 4270 3094 4311 nemo
3154 4252 3282 4307 viro

1730 4351 2072 4424 philosopho
2098 4346 2409 4405 obtrudere
2431 4346 2573 4401 ausit
2599 4340 2687 4421 (⁴⁸).

1793 4526 1858 4589 (*)
1893 4528 1953 4575 st
1986 4524 2059 4574 vel
2086 4536 2144 4572 eo
2177 4522 2287 4572 talis
2322 4519 2485 4584 opinio
2522 4515 2873 4577 infringo-etur,
2920 4510 3051 4575 quod
3087 4511 3278 4559 Troeze-

134 4607 239 4667 apte
257 4618 589 4677 componere
614 4607 747 4681 licet
764 4606 977 4661 Parios.
1002 4604 1142 4661 Nam
1162 4599 1641 4677 quemadmodum
1733 4596 1925 4645 ntorum
1952 4592 2170 4645 politiam
2191 4588 2465 4641 Aristoteles
2481 4587 2569 4649 (tr.
2594 4586 2675 4649 ⁹4)
2697 4582 2936 4647 scripsisse
2961 4580 3154 4631 dicitur.
