3900 6042
1561 450 2060 542 ruffinam.

204 620 506 688 novimus,
554 637 722 679 nemo
752 635 872 672 non
914 615 1192 689 intelligit.
1235 618 1496 669 Attamen
1537 613 1766 668 maximi

204 708 487 761 momenti
527 722 641 760 esse
677 706 868 760 locum
895 703 1137 775 Syncelli
1172 700 1279 756 sibi
1316 701 1586 774 persuasit
1615 702 1770 754 Bun-

202 795 397 848 senius
435 793 469 845 l.
504 793 539 849 1.
573 802 714 848 tom.
753 793 814 857 1,
846 808 908 862 p.
955 788 1062 844 123
1081 807 1098 859 ;
1129 805 1314 859 neque
1343 788 1493 841 enim
1532 785 1769 840 dubium

203 899 329 935 esse
365 881 504 952 quin
543 880 675 933 anni
716 878 802 932 isti
846 874 997 932 3555
1028 894 1097 930 ex
1125 877 1247 947 ipso
1274 872 1538 928 fluxerint
1569 876 1768 929 Mane-

204 967 422 1037 thone,
453 964 610 1037 cujus
638 983 780 1038 opus
801 963 1059 1036 Syncello
1094 962 1277 1016 adhuc
1302 962 1573 1033 inspicere
1602 961 1767 1015 licue-

206 1053 287 1106 rit
324 1049 415 1125 (Ρ),
457 1052 602 1107 adeo
637 1064 703 1106 ut
744 1070 908 1106 veros
939 1049 1289 1105 Manethonis
1327 1064 1590 1101 numeros
1618 1046 1769 1100 haud

206 1140 400 1192 minus
431 1148 688 1193 accurate
717 1136 950 1191 traditos
969 1135 1086 1206 jam
1112 1134 1415 1188 habeamus
1442 1150 1612 1204 quam
1643 1133 1770 1186 illos

206 1226 456 1280 Canonis
490 1224 788 1279 Ptolemaei.
819 1224 1016 1278 Censet
1042 1222 1214 1294 igitur
1256 1220 1344 1273 vir
1378 1219 1770 1273 celeberrimus

209 1312 535 1383 syncellum
559 1328 628 1364 ex
652 1309 991 1364 Manethone
1011 1306 1270 1362 didicisse
1292 1305 1568 1378 dynastias
1582 1346 1599 1374 ,
1629 1323 1763 1377 qua·

215 1398 300 1452 les
336 1399 451 1470 ipse
482 1415 552 1451 ex
593 1397 861 1451 Africano
888 1406 945 1450 et
972 1395 1210 1449 Eusebio
1255 1393 1420 1447 nobis
1459 1393 1765 1464 excerpsit,

209 1483 652 1554 synchronistice
675 1483 751 1535 ita
771 1480 1187 1553 componendas
1206 1488 1261 1533 et
1281 1476 1612 1551 digerendas
1629 1494 1767 1545 esse,

209 1579 279 1623 ut
312 1570 577 1623 continua
601 1586 797 1642 regum
838 1566 943 1621 113
981 1584 1084 1639 per
1110 1583 1286 1619 annos
1313 1563 1463 1619 3555
1497 1565 1767 1617 successio

211 1667 461 1710 eruatur.
544 1656 677 1709 Haec
698 1654 993 1726 peritiora
1015 1651 1344 1722 dijudicent.
1369 1651 1506 1704 Mihi
1527 1650 1596 1703 ab
1616 1651 1768 1704 omni

214 1740 710 1795 verisimilitudinis
733 1740 917 1812 specie
944 1739 1203 1793 destituta
1243 1755 1355 1791 esse
1378 1736 1663 1792 videntur.
1692 1768 1770 1777 —

213 1827 515 1882 Boeckhius
539 1826 710 1898 ipsius
741 1825 983 1898 Syncelli
1014 1842 1265 1878 errorem
1295 1823 1513 1877 subesse
1534 1823 1766 1893 suspica-

213 1924 334 1970 tur.
358 1915 615 1968 Enotasse
633 1930 761 1967 eum
778 1913 835 1965 in
859 1912 1148 1983 Excerptis
1163 1912 1274 1965 suis
1294 1926 1563 1965 summam
1586 1926 1767 1963 anno-

214 2018 346 2056 rum
376 1998 526 2055 3555
553 2018 662 2073 pro
694 1997 878 2066 53553
910 2008 994 2052 tot
1013 1999 1163 2053 enim
1187 2016 1257 2051 ex
1283 1994 1554 2066 Africano
1580 2014 1764 2068 expu-

215 2098 338 2141 tare
368 2087 511 2141 licet.
533 2087 930 2143 Generationes
949 2102 1083 2139 vero
1116 2085 1240 2138 istas
1266 2093 1489 2138 centum
1513 2092 1566 2136 et
1595 2082 1769 2137 trede-

212 2174 328 2227 cim
344 2190 458 2225 1100
471 2180 718 2244 spectare
733 2170 804 2225 ad
818 2170 1232 2237 Manethonem‚
1250 2169 1347 2223 sed
1362 2168 1435 2223 ad
1449 2168 1771 2222 Chronicon

214 2266 489 2313 nostrum.
520 2256 798 2329 Equidem
817 2265 957 2329 puto
977 2272 1273 2309 numerum
1296 2272 1572 2308 annorum
1594 2253 1767 2323 3555,

215 2344 383 2397 sicuti
413 2340 796 2398 antecedentia
815 2381 831 2409 ,
863 2339 1083 2396 fluxisse
1111 2358 1179 2395 ex
1206 2342 1515 2396 Panodom.
1547 2341 1600 2394 Is
1633 2358 1770 2395 vero

222 2427 300 2483 de
342 2428 680 2483 Manethone
730 2429 994 2500 loquens,
1031 2428 1233 2500 procul
1285 2426 1460 2481 dubio
1504 2427 1773 2481 intellexit

213 2533 351 2569 eum
369 2556 387 2583 ‚
440 2534 510 2570 ex
573 2533 690 2587 quo
746 2516 863 2588 ipse
922 2514 1199 2587 dynastias
1250 2514 1518 2587 mythicas
1567 2514 1767 2571 attulit.

213 2604 385 2658 Hunc
410 2612 593 2659 autem
635 2620 755 2656 11011
780 2602 1025 2658 0011110111
1063 2621 1178 2657 esse
1214 2621 1343 2657 curn
1383 2601 1682 2656 Africaneo
1718 2610 1774 2655 et

214 2689 530 2746 Eusebiano
577 2691 764 2744 omnia
803 2690 1057 2747 suadent.
1103 2689 1315 2760 Quidni
1360 2689 1531 2762 igitur
1560 2689 1621 2741 in
1656 2696 1767 2743 tam

214 2775 517 2832 multifaria
545 2775 1086 2851 chmnohgiarnm,
1125 2794 1250 2848 quae
1283 2774 1385 2829 sub
1426 2773 1775 2829 manethonis

213 2863 450 2916 nomine
471 2862 1029 2929 circumferebantur,
1056 2860 1251 2916 indole
1278 2877 1449 2914 unam
1471 2858 1634 2927 fuisse
1661 2877 1767 2932 pu-

213 2959 398 3002 temus
434 2950 848 3018 recensionem,
887 2967 1010 3020 quae
1028 2949 1252 3022 regibus
1294 2946 1626 3000 mortalibus
1666 2946 1769 3000 de-

217 3032 371 3089 derit
397 3051 572 3089 annos
611 3036 835 3089 circiter
878 3032 1068 3089 3555?
1097 3033 1168 3107 (Ἴ
1203 3036 1330 3089 Huc
1376 3032 1594 3087 accedit
1615 3032 1773 3104 quod

220 3120 328 3174 iste
349 3120 634 3175 Panodori
659 3122 943 3191 Manetho‚
963 3139 1079 3175 11011
1098 3139 1234 3176 vero
1253 3120 1501 3176 Africani
1526 3129 1583 3174 et
1603 3120 1773 3175 Euse-

214 3206 333 3276 bii,
362 3208 437 3261 ita
461 3218 542 3261 est
568 3218 939 3280 comparatus,
971 3219 1034 3262 ut
1054 3226 1122 3262 ex
1165 3209 1367 3262 veteris
1386 3206 1650 3262 Chronici
1677 3225 1771 3261 au·

211 3303 374 3347 ctore
391 3293 687 3365 profecisse
703 3296 888 3367 putari
910 3295 1102 3367 possit.
1128 3293 1267 3349 Nam
1290 3295 1475 3368 regnis
1502 3293 1774 3347 semideo-

212 3396 344 3433 rum
366 3380 516 3453 apud
536 3391 838 3457 utrumqne
857 3380 1008 3435 1110111
1023 3399 1300 3436 annorum
1319 3397 1608 3448 numerus,
1628 3381 1773 3435 salva

212 3465 389 3520 trium
412 3484 691 3524 annorum
733 3467 1080 3537 differentia,
1117 3468 1460 3523 attribuitur.
1493 3473 1570 3525 Ac
1599 3486 1773 3539 quum

214 3552 327 3607 diis
343 3564 546 3622 praeter
564 3554 920 3627 Hephaestum
936 3556 1280 3628 assignentur
1302 3554 1455 3627 apud
1472 3556 1623 3610 hunc
1642 3557 1772 3609 anni

218 3636 396 3710 2984,
419 3638 573 3710 apud
598 3641 752 3694 illum
776 3639 952 3712 3985,
976 3642 1123 3696 inter
1140 3641 1242 3695 hos
1264 3658 1494 3712 quoque
1512 3660 1776 3697 numeros

215 3724 481 3796 cog-natio
501 3731 747 3796 quaedam
760 3725 1109 3781 intercedere
1125 3725 1305 3780 videri
1324 3737 1566 3798 poterat.
1592 3731 1770 3783 Porro

210 3812 359 3865 sicut
409 3810 673 3866 Chronici
738 3821 937 3867 auctor
999 3813 1351 3867 Manethonis
1408 3815 1491 3868 sui
1548 3815 1771 3887 triginta

212 3897 495 3969 dynastias
519 3899 839 3953 mortalium
875 3901 1110 3953 mutavit
1149 3901 1207 3953 in
1235 3900 1461 3973 triginta
1490 3900 1765 3972 dynastias

212 3983 539 4038 mortalium
560 3995 617 4037 et
642 3985 1042 4039 immortalium
1059 4025 1075 4053 ‚
1106 3987 1183 4040 sic
1227 3986 1392 4041 etiam
1418 3987 1771 4041 Manethonis

217 4088 419 4145 reg-um
468 4072 788 4126 mortalium
829 4074 1213 4145 generationes
1264 4092 1285 4128 1
1303 4072 1368 4126 13
1408 4073 1481 4127 011
1522 4072 1658 4127 deos
1688 4069 1771 4126 'et

215 4156 476 4209 homines
508 4158 865 4213 transtulerit.
911 4158 1171 4212 Ceterum
1211 4158 1270 4211 in
1306 4159 1643 4213 Manethone
1670 4160 1763 4213 Pa·

222 4241 436 4296 nodori
489 4242 649 4296 sicuti
702 4244 762 4297 in
816 4244 1099 4299 Chronico
1160 4263 1327 4300 omne
1381 4246 1771 4317 AEgyptioruin

218 4341 441 4401 tempus
472 4340 629 4384 certo
651 4330 1026 4402 periodorum
1053 4349 1291 4387 numero
1315 4332 1633 4386 absolutum
1658 4350 1772 4386 esse

214 4418 521 4491 putaveris.
560 4417 728 4489 Quod
761 4418 991 4491 quidem
1024 4437 1095 4473 eo
1146 4420 1442 4491 probabile
1482 4418 1577 4487 fit,
1608 4420 1772 4492 quod

225 4505 519 4575 Syncellus
564 4504 797 4559 tradidit
838 4506 897 4559 in
945 4505 1191 4560 Sothidis
1229 4505 1375 4559 libro
1421 4504 1492 4559 de
1533 4506 1618 4559 1115
1650 4507 1773 4559 Μο-

218 4591 484 4645 nethonis
536 4590 799 4663 dynastiis
860 4608 1174 4645 sermonem
1225 4590 1404 4648 fuisse.
1489 4589 1776 4661 Ejusmodi

287 4792 350 4854 Γ)
384 4795 437 4841 In
472 4792 824 4842 introductione
846 4805 894 4854 p.
918 4798 1007 4840 516
1036 4792 1305 4853 suspicatus
1330 4805 1436 4840 sum
1466 4804 1616 4841 annos
1656 4798 1778 4840 3555

222 4864 423 4915 ἴοι-11130
455 4863 519 4910 ita
552 4861 857 4923 explicandos
900 4873 1027 4921 esse,
1065 4864 1121 4908 ut
1155 4860 1293 4918 anni,
1331 4873 1454 4921 quos
1498 4860 1778 4909 Panodorus

221 4948 253 4982 e
274 4945 363 4981 suo
379 4934 607 4994 computo
620 4932 799 4992 junctis
815 4930 1015 4979 deorum
1043 4931 1092 4978 et
1110 4930 1383 4978 mortalium
1402 4931 1555 4992 regnis
1572 4930 1781 4979 tribuere

225 5003 417 5063 poterat
437 5002 578 5061 (1183
602 5001 664 5062 -Ι-
686 5002 856 5061 2:372),
875 5012 905 5046 a
922 5000 1141 5060 syncello
1158 5000 1337 5048 confusi
1361 5001 1456 5049 sint
1481 5014 1591 5050 rum
1615 5001 1750 5049 annis
1765 5036 1780 5061 ‚

3285 502 3396 553 5⁸⁷

1855 623 2042 670 tamen
2068 617 2281 690 aliquid
2309 634 2381 673 ex
2406 619 2564 673 annis
2589 619 2703 674 istis
2729 617 2879 674 3555
2905 621 3026 675 erui
3053 623 3209 676 nullo
3231 633 3401 696 pacto

1856 713 2057 774 potest.
2140 705 2325 774 Quare
2352 705 2396 758 si
2421 704 2560 776 quid
2583 706 2873 778 syncellus
2896 710 3126 777 erravit,
3152 712 3404 783 suspicor

1858 807 1965 860 pro
2005 787 2154 844 3555
2204 790 2598 845 Manethonem
2639 793 2804 845 istum
2847 804 3189 864 computasse
3229 815 3405 852 annos

1862 872 2012 943 3755
2042 871 2106 951 (“)
2125 915 2140 941 ,
2178 876 2274 947 qui
2296 876 2641 949 pertinerent
2668 876 2739 929 ab
2764 896 2852 933 an.
2878 879 3030 943 4106
3058 898 3108 935 a.
3141 882 3200 936 C.
3228 900 3405 955 usque

1859 960 1931 1014 ad
1957 959 2062 1014 351
2085 1004 2100 1029 ,
2120 962 2217 1033 qui
2255 972 2336 1016 est
2362 962 2836 1034 quintusdecimus
2851 975 2982 1019 ante
3009 967 3225 1022 initium
3246 972 3402 1041 regni

1857 1047 2180 1105 Alexandri.
2273 1048 2362 1103 Ab
2401 1067 2549 1103 anno
2594 1054 2623 1112 l.
2639 1049 2744 1104 106
2789 1068 2964 1123 usque
3004 1051 3076 1105 ad
3123 1053 3404 1107 excidium

1857 1132 2039 1205 Trojae
2082 1108 2506 1209 (1184)‘sorent
2540 1152 2630 1189 an.
2673 1153 2824 1207 2922
2864 1138 2976 1191 sive
3012 1136 3135 1191 duae
3156 1139 3400 1210 periodi.

1861 1222 2005 1274 [linc
2032 1240 2208 1294 usque
2234 1222 2308 1276 ad
2335 1220 2504 1276 finem
2531 1222 2797 1277 labuntur
2823 1241 2915 1281 an.
2951 1223 3086 1280 833.
3117 1225 3334 1295 Quibus
3360 1228 3402 1280 si

1857 1306 2143 1362 addideris
2165 1319 2294 1364 octo
2322 1310 2699 1364 semideorum
2737 1329 2912 1365 annos
2941 1310 3055 1380 758
3085 1323 3140 1365 et
3167 1312 3404 1366 deorum

1857 1410 2033 1449 annos
2067 1393 2251 1466 13019
2287 1392 2305 1469 (
2336 1415 2355 1449 1
2375 1394 2753 1467 1985-1034
2773 1398 2822 1471 ),
2849 1407 2989 1469 quot
3012 1399 3407 1453 Manethonem

1860 1479 2141 1535 Panodori
2164 1492 2486 1554 supputasse
2507 1500 2675 1555 supra
2694 1485 2982 1554 posuimus
2997 1525 3011 1551 ‚
3037 1504 3250 1539 summa
3276 1504 3406 1540 con-

1856 1563 2025 1620 flatur
2048 1586 2326 1621 annorum
2369 1568 2555 1633 :4610
2580 1571 2694 1623 sive
2734 1587 2800 1623 10
2823 1570 3190 1641 periodorum
3221 1589 3233 1623 ε
3260 1571 3405 1626 01100

1857 1663 1921 1706 ut
1945 1671 2113 1708 omne
2139 1654 2456 1709 mortalium
2483 1656 2994 1728 immor-taliumque
3028 1649 3244 1729 t'empus
3269 1659 3408 1712 duo-

1857 1741 2036 1794 decim
2064 1744 2230 1813 cyclis
2250 1743 2522 1797 Sothiacis
2546 1744 2617 1797 sit
2642 1743 3125 1815 comprehensum.

1860 2043 2451 2111 MANETHONIS
2481 2043 2950 2111 DYNASTIAE
2981 2044 3410 2111 AEGYPTIAE

2116 2210 2271 2269 SEC.
2319 2207 2718 2267 EXCERPTA
2764 2206 3147 2266 BARBARA.

1940 2361 1989 2414 1.
2035 2359 2258 2412 Mineus
2282 2368 2340 2412 et
2347 2361 2671 2429 pronepotes
2696 2361 2868 2428 ipsius
2890 2367 3096 2428 septem
3110 2368 3416 2430 regnarunt

1860 2462 2037 2499 armos
2065 2446 2333 2500 CCLIII.

1940 2533 2016 2590 11.
2053 2533 2437 2601 Regnaverant
2471 2540 2530 2583 et
2553 2530 2792 2582 allorum
2834 2540 2954 2583 octo
2992 2547 3126 2583 ann.
3171 2528 3407 2585 CCCII.

1940 2618 2043 2674 111.
2071 2614 2491 2671 Necherocheus
2507 2626 2566 2669 et
2580 2616 2813 2669 aliorum
2833 2626 2954 2669 octo
2969 2634 3104 2671 ann.
3137 2615 3406 2672 CCXIV.

1940 2705 2039 2762 IV.
2056 2704 2100 2760 S
2100 2704 2562 2783 imiliter-aliorum
2570 2703 2953 2774 septemdecim
2964 2720 3138 2756 annos
3152 2702 3413 2758 CCXIV.

1939 2792 2007 2846 V.
2028 2791 2537 2845 Similiter-aliorum
2547 2793 2755 2863 viginti
2764 2807 2900 2843 anae
2908 2807 3082 2844 annos
3093 2788 3413 2844 CCLVIII.

1939 2878 2031 2932 VI.
2063 2876 2232 2931 Othoi
2261 2873 2510 2951 (Ὀθόης)
2541 2887 2598 2930 et
2616 2876 2848 2929 altorum
2883 2893 3060 2929 annos
3087 2875 3308 2929 CCIII.

1939 2965 2095 3023 vm.
2122 2966 2394 3019 Similiter
2426 2974 2484 3017 et
2516 2963 2751 3018 aliorum
2795 2963 3204 3035 quatuordecim
3242 2980 3417 3018 annos

1865 3053 2032 3109 CXL.

1942 3141 2051 3197 IX.
2099 3140 2370 3194 Similiter
2419 3149 2479 3192 et
2522 3131 2758 3192 aliorum
2800 3140 3005 3208 viginti
3049 3133 3418 3212 (undeviginti
3523 3200 3529 3207 ,

1863 3226 2018 3292 Asr.)
2048 3245 2224 3282 annos
2258 3222 2565 3282 CCCCIX.
2901 3256 2906 3261 -
3305 3238 3314 3247 ‘

1944 3316 2019 3371 X.
2063 3315 2339 3369 Se'militer
2357 3324 2414 3366 et
2437 3313 2672 3366 aliorum
2698 3323 2905 3387 septem
2932 3328 3110 3365 annos
3138 3309 3344 3366 CCIV.

1941 3402 2044 3456 XI.
2078 3403 2328 3456 Potestas
2355 3401 2861 3471 De'ospolitanorum
2904 3415 3082 3453 annos
3112 3399 3226 3455 IX.

1946 3485 2030 3562 [E
2050 3487 2197 3541 libro
2215 3485 2462 3540 secundo
2483 3503 2495 3538 ε
2520 3483 2543 3559 ]
2568 3483 2753 3558 (xm)
2788 3484 2924 3538 XII.
2956 3484 3209 3538 Potestas
3233 3481 3419 3539 Buba-

1861 3584 2140 3626 stanorum
2177 3590 2352 3626 aanor
2387 3571 2608 3626 CLIII.
2809 3586 2824 3603 ·

1950 3658 1969 3731 (
2006 3660 2157 3713 xlv,
2208 3659 2224 3729 )
2283 3659 2450 3714 xm.
2525 3659 2777 3713 Potestas
2849 3657 2900 3709 T
2891 3661 3160 3711 unitorum
3247 3675 3423 3712 annos

1865 3748 2026 3802 CLX
2023 3748 2086 3800 X
2081 3747 2146 3799 X
2147 3749 2172 3799 l
2182 3747 2250 3803 V.

1947 3831 1966 3905 (
1987 3834 2111 3890 XV.
2146 3827 2161 3905 )
2218 3833 2375 3890 xlv,
2448 3832 2697 3886 Potestas
2761 3830 3178 3885 Sebennitorum
3248 3849 3424 3885 annos

1865 3919 1912 3974 C
1917 3919 2120 3973 CXXI
2123 3921 2190 3975 V.

1947 4005 1964 4078 (
1991 4007 2143 4060 XVI.
2181 4003 2200 4079 )
2270 4006 2391 4060 XV.
2459 4005 2707 4059 Potestas
2753 4002 3187 4075 Memphitoram
3247 4021 3422 4056 armos

1866 4092 2247 4148 CCCXVIII.

1943 4174 1964 4252 (
1969 4179 2170 4252 XVII.)
2200 4179 2352 4233 XVI.
2387 4179 2633 4231 Potestas
2675 4178 3072 4249 Iliopole’torum
3118 4174 3194 4248 (i.
3224 4192 3275 4228 e.
3309 4175 3422 4228 He-

1864 4264 2036 4337 liop.)
2079 4283 2253 4319 annos
2291 4264 2554 4320 CCXXI.

1944 4350 2212 4427 (XVIII.)
2262 4350 2440 4404 XVII.
2484 4350 2731 4403 Potestas
2774 4350 3227 4422 Ermupolitonun
3256 4367 3425 4401 annos

1866 4438 2090 4493 CCLX.

1950 4525 2134 4597 Usque
2161 4524 2243 4576 ad
2258 4528 2553 4595 septimam
2581 4522 2853 4576 decimam
2875 4533 3204 4595 potestatem
3225 4539 3422 4575 secun-

1866 4613 1998 4665 dam
2023 4611 2275 4664 scribitur·
2308 4621 2477 4663 totum
2520 4605 2733 4686 (γράφει
2760 4607 2988 4684 τόμον),
3024 4620 3086 4662 ut
3104 4610 3285 4673 docet,
3323 4626 3420 4660 nu·

1868 4717 2073 4753 merum
2101 4695 2389 4751 habentem
2411 4715 2582 4750 annos
2599 4699 2757 4751 mille
2781 4702 3103 4771 quingentos
3122 4697 3259 4751 XX.
3283 4697 3423 4749 11ωο

1867 4798 1994 4841 sant
2011 4796 2309 4858 potestates
2333 4787 2733 4856 AEgyptioram.
3125 4812 3130 4817 ·

1945 4876 2094 4946 Dyu.
2117 4872 2482 4928 xln-xvlll
2498 4888 2672 4924 annos
2686 4872 2972 4925 continent
2995 4869 3163 4927 1310.
3187 4867 3245 4926 Si
3266 4867 3426 4924 addis

1870 4961 2005 5033 dyn.
2037 4961 2181 5015 XIX
2210 4978 2385 5014 annos
2414 4976 2796 5031 209‚.summa
2819 4970 2899 5013 est
2924 4976 3201 5013 annorum
3244 4955 3419 5029 ¹5¹9·

223 5083 351 5133 quos
377 5069 598 5118 manetho
623 5068 925 5118 modernus
953 5068 1066 5117 sons
1092 5069 1386 5118 mortalibus
1402 5070 1549 5118 dedit.
1578 5070 1669 5120 sed
1693 5071 1780 5118 ne·
1870 5048 2079 5105 Omissa
2109 5059 2293 5127 tamen
2321 5048 2487 5102 etiam
2529 5046 2665 5120 dyn.
2695 5047 2830 5103 XII.

224 5152 341 5187 rum
379 5151 431 5187 re
461 5151 717 5200 perpensa,
757 5151 813 5186 ea
848 5149 960 5199 quae
986 5150 1116 5187 nunc
1136 5151 1291 5200 pono,
1324 5138 1652 5189 verisimiliora
1682 5153 1783 5190 esse

228 5207 349 5261 mihi
375 5207 610 5257 videntur.

1935 5208 1995 5267 (*)
2030 5206 2186 5256 Facile
2214 5204 2438 5254 confundi
2460 5205 2678 5267 poterant
2704 5203 2854 5254 literae
2873 5205 2919 5253 Φ
2944 5205 3084 5265 (500)
3115 5205 3162 5252 et
3190 5203 3243 5251 Ψ
3269 5200 3401 5264 (700)
