3900 6042
1232 472 1358 532 mc
1368 472 1669 532 AEARCffl
1711 472 2179 533 FRAGMENTA
2192 515 2205 530 .

189 607 347 666 Ordo
376 607 614 681 quidem
657 609 713 660 in
742 605 825 659 his
852 606 991 659 alius
1017 615 1124 673 est,
1156 623 1324 677 quam
1354 607 1412 659 in
1439 604 1663 673 codice3

3187 487 3297 540 2³3

1756 605 1892 660 lium
1942 607 2442 660 instrumentorum
2481 624 2610 660 usus
2654 607 2855 661 nimius
2878 606 3180 679 aliquando
3223 609 3311 661 in-

117 698 312 751 melior
335 707 569 761 tamen3
599 694 675 747 sic
708 693 857 746 enim
880 692 1138 764 prosaica
1167 691 1512 745 Atheniensis
1544 692 1663 745 No·
1754 692 1929 746 valuit
1969 691 2129 767 [Δικ.
2177 691 2230 747 ἐν
2269 690 2374 755 τοῖς
2417 690 2536 769 περὶ
2577 695 2665 748 τοῦ
2701 694 2791 759 τῆς
2825 689 2975 749 qm.
3024 691 3135 768 βίου
3157 693 3202 769 ].
3232 725 3311 736 -

119 785 208 839 stri
230 782 563 857 junguntur
596 780 888 852 prosaicis;
924 790 1044 832 tum
1077 789 1389 850 sequuntur
1424 781 1665 850 poetica,

120 882 276 942 atque
292 871 369 923 ita
399 867 663 940 quidem,
695 877 758 920 ut
778 867 1050 937 scymnus
1074 866 1361 937 antiquior
1379 864 1670 918 antecedat

120 956 437 1012 Dicaearcho
461 953 712 1025 juniori,
744 954 955 1025 quippe
979 969 1149 1024 quem
1180 952 1297 1024 ipse
1325 963 1523 1005 auctor
1566 970 1668 1005 co-

124 1044 251 1098 dicis
275 1043 347 1097 ab
390 1041 755 1096 Aristotelico
796 1038 1125 1094 distinxerit.
1164 1038 1322 1094 Ordo
1345 1038 1437 1092 hic
1466 1036 1671 1091 deinde

122 1127 474 1202 perturbatus
496 1137 579 1180 est
591 1145 681 1193 e0,
705 1124 861 1198 quod
883 1125 1153 1198 fragmina
1173 1125 1401 1177 metrica
1426 1124 1671 1178 Dicaear-

126 1216 205 1269 chi
246 1233 375 1269 cum
402 1214 679 1287 prosaicis
711 1213 992 1283 Anonymi
1030 1210 1377 1265 Atheniensis
1412 1210 1470 1262 in
1496 1227 1672 1262 unum

125 1304 265 1374 quasi
292 1319 506 1374 corpus
534 1301 723 1354 nescio
751 1300 875 1372 quis
902 1297 1244 1371 conjungere
1264 1297 1462 1350 voluit.
1486 1300 1673 1368 Atque

126 1392 193 1444 sic
212 1391 376 1457 etiam
400 1388 619 1442 sactum
664 1404 776 1441 esse
812 1384 1057 1453 videtur,
1096 1394 1159 1438 ut
1188 1383 1559 1457 fragmentum
1602 1382 1674 1436 de

129 1476 268 1529 Pelio
292 1485 520 1542 monte,
556 1484 756 1546 utpote
796 1472 997 1527 diversi
1034 1473 1283 1544 generis,
1317 1471 1672 1524 omitteretur

130 1563 387 1635 Pet-ipius,
442 1563 547 1634 qui
597 1562 657 1614 in
705 1560 865 1614 titulo
904 1558 1229 1614 Dicaearcho
1278 1558 1559 1625 tribuitur,
1602 1555 1675 1611 ad

130 1651 338 1721 Scymni
368 1666 586 1703 nomen
623 1645 989 1701 retrahendus
1011 1656 1113 1699 est.

603 1937 777 1994 ΒΙΟΣ
821 1933 1207 1993 ἘΛΛΑΔΟΣ

208 2099 467 2157 Eurota.
483 2101 528 2155 F
532 2118 577 2154 r.
606 2119 631 2153 1
656 2130 732 2139 —
751 2096 782 2153 5
809 2098 1072 2153 :Generis
1088 2097 1319 2151 humani
1339 2094 1673 2169 primordia3

139 2190 634 2260 antiquissimorum
661 2186 951 2240 hominum
969 2195 1139 2239 status
1169 2184 1461 2252 naturali53
1483 2202 1677 2237 secun-

140 2273 229 2329 dus
260 2276 461 2348 gradus
484 2277 607 2329 vita
650 2274 966 2347 pastoritia3
999 2273 1166 2327 tertio
1199 2270 1379 2345 gradu
1408 2271 1480 2325 ad
1522 2272 1677 2344 agri-

143 2361 389 2415 culturam
418 2360 791 2416 descendunt.
823 2357 952 2434 [Fr.
1001 2378 1022 2412 1
1061 2375 1075 2414 τ
1112 2361 1231 2414 Δικ.
1264 2354 1293 2413 ὃ
1332 2354 1419 2412 τὸν
1458 2354 1675 2432 ἀρχαῖον

146 2444 238 2518 βίον
254 2450 338 2513 τῆς
359 2444 618 2505 Ἑλλάδος
636 2442 1098 2523 ἀφηγούμενοςςΐτ.
1120 2464 1152 2499 2
1180 2464 1193 2498 ε
1231 2447 1299 2499 D.
1331 2451 1389 2498 e'n
1410 2445 1567 2498 libris
1582 2462 1679 2497 an-

147 2538 431 2605 u‘quitatum
455 2547 515 2589 et
547 2535 920 2606 descriptione
956 2533 1191 2587 Groece‘oe
1203 2552 1226 2599 ‚·
1258 2533 1329 2587 fr.
1370 2529 1402 2585 5
1437 2550 1448 2583 :
1481 2532 1554 2584 D.
1587 2536 1681 2603 qui

60 2662 64 2667 .
148 2620 358 2674 Groecioe
387 2628 556 2675 vitam
586 2622 777 2692 qualis
781 2616 968 2689 fuerit
988 2619 1062 2672 ab
1096 2622 1252 2672 initio
1280 2617 1521 2672 ostendit
1550 2614 1573 2691 ]
1604 2650 1673 2659 —

60 2728 63 2735 ⁴
146 2705 226 2759 Fr.
254 2706 287 2760 6
335 2726 349 2760 :
404 2708 582 2762 Prisci
611 2707 870 2760 homines
914 2705 1275 2778 portionibus
1323 2705 1384 2757 in
1410 2705 1679 2758 conviviis

149 2808 248 2844 non
267 2793 581 2849 utebantur.
608 2823 685 2834 —
717 2793 812 2847 Fr.
851 2808 881 2860 7
918 2809 933 2844 τ
965 2791 1353 2858 sesonchosis,
1386 2787 1678 2863 AEgyptio-

148 2896 255 2932 rum
270 2897 364 2935 rex
381 2880 823 2954 antiquissimus,
847 2880 1089 2934 bellator
1109 2880 1271 2933 simul
1295 2889 1349 2932 et
1373 2878 1673 2952 legislator.

148 2963 260 3034 Ejus
272 2967 528 3022 instituta.
549 2964 697 3042 [Δικ.
721 2966 772 3020 ἐν
792 2963 842 3020 α’
869 2967 1057 3022 etAtx.
1084 2964 1135 3019 ἐν
1162 2962 1272 3041 Βίῳ
1291 2960 1470 3033 Ἑλλ.,
1497 2982 1564 3019 ex
1580 2983 1681 3018 no·

147 3058 241 3105 stra
257 3056 621 3111 correctione.
640 3053 960 3108 Secundum
972 3053 1253 3125 vulgatam
1274 3052 1332 3104 in
1346 3051 1455 3105 hoc
1475 3050 1672 3125 fragm.

150 3136 380 3194 laudatur
400 3147 620 3213 primus
642 3151 701 3194 et
713 3139 976 3195 secundus
988 3138 1134 3193 liber
1162 3137 1233 3193 de
1252 3156 1315 3192 re
1335 3137 1551 3194 eadem.
1574 3136 1676 3212 ]—

148 3222 231 3279 Fr.
254 3223 286 3278 8
310 3242 325 3282 t
355 3228 566 3296 Ninus,
594 3244 698 3281 rex
729 3236 931 3300 potens
958 3236 1012 3279 et
1030 3226 1267 3298 sapiens,
1296 3224 1521 3279 Ninives
1541 3242 1678 3278 con-

152 3307 297 3379 ditor,
332 3312 399 3367 ab
442 3332 510 3368 eo
540 3314 796 3368 decimus
823 3323 1054 3384 quartus
1107 3311 1399 3367 Chaldaeus
1436 3311 1534 3382 qui
1571 3311 1678 3365 Ba-

154 3393 393 3466 bylonem
434 3401 711 3455 exstruxit
741 3397 765 3475 [
796 3402 917 3455 Δικ.
954 3397 1007 3452 ἐν
1044 3395 1235 3476 πρώτῳ
1260 3400 1354 3453 τοῦ
1387 3397 1480 3463 τῆς
1521 3392 1675 3455 Ἑλλ.

160 3478 331 3559 βίου.].
360 3517 435 3527 --
460 3489 558 3542 Fr.
593 3507 632 3561 9
658 3506 672 3541 :
700 3488 787 3543 De
812 3485 1140 3541 notionibus
1161 3482 1381 3561 πάτρας,
1412 3480 1678 3560 φρατρίας,

155 3564 308 3641 ςΡῦλης-
325 3575 513 3629 —Fr.
545 3592 615 3629 10
641 3591 654 3628 ε
686 3574 943 3629 Herculis
965 3569 1165 3646 figura.
1186 3601 1268 3614 —
1286 3573 1377 3627 Fr.
1410 3590 1433 3624 1
1450 3589 1473 3624 1
1506 3586 1520 3620 t
1544 3570 1683 3625 Her-

156 3655 283 3710 cules
304 3660 528 3717 Theben
556 3663 619 3716 in
645 3662 837 3717 Cilicia
865 3660 1082 3717 condit.
1135 3691 1212 3702 —
1246 3661 1339 3717 Fr.
1378 3676 1445 3712 ια
1498 3676 1512 3714 :
1553 3658 1679 3712 Do-

156 3740 389 3799 tlensium
416 3748 708 3821 tetrapolis
739 3745 764 3822 [
789 3750 909 3804 Δικ.
938 3742 1074 3802 κατὰ
1109 3743 1170 3800 τὸ
1199 3746 1404 3821 πρῶτον
1436 3747 1527 3798 τοῦ
1552 3739 1678 3800 Βίου

158 3826 236 3889 ³²¹3<
256 3825 399 3891 Ἑλλ.
433 3831 694 3909 βιὸλίσν].
732 3864 805 3875 -
834 3835 928 3889 Fr.
963 3831 1029 3887 13
1061 3851 1076 3886 z
1121 3833 1395 3887 Echemus
1414 3842 1469 3885 et
1496 3832 1680 3885 Mara-

162 3912 270 3968 thus
285 3917 546 3988 tii-cades,
572 3919 1023 3993 Tyndaridarum
1051 3922 1109 3973 in
1138 3920 1381 3974 Atticam
1404 3916 1680 3971 invaden-

160 3998 277 4054 tium
306 3994 556 4076 comites3
575 4007 646 4061 ab
676 4007 776 4060 illo
797 4006 1116 4075 Academia,
1148 4005 1218 4060 ab
1246 4005 1355 4059 hoc
1382 4004 1679 4059 Marathon

160 4099 311 4159 Pagus
341 4104 751 4167 nuncupantur.
801 4122 880 4136 -
927 4095 1022 4149 Fr.
1072 4098 1136 4158 ¹4
1194 4111 1209 4146 z
1267 4091 1572 4148 Oraculum
1623 4092 1679 4144 in

1756 780 1851 834 Fr.
1914 780 2028 834 16:
2071 779 2429 851 Neophronis
2481 779 2677 833 Medea
2711 797 2839 833 usus
2891 780 3185 853 Euripides
3231 791 3312 836 est

1761 864 1918 940 [Δικ.
1944 863 2063 943 περὶ
2087 868 2176 921 τοῦ
2211 867 2302 932 τῆς
2332 862 2482 922 ‘Eu
2533 862 2645 940 βίου
2673 870 2715 934 ].
2762 897 2840 908 —-
2862 869 2958 923 Fr.
3004 885 3067 935 17
3113 885 3127 921 τ
3159 872 3310 942 Age-

1757 953 1922 1006 silaus
1962 964 2206 1007 veterem
2239 952 2647 1024 simplicitatem
2683 953 2935 1007 moribus
2976 972 3092 1025 prae
3128 972 3184 1008 se
3226 955 3312 1009 fe-

1760 1057 1913 1107 rens;
1981 1040 2096 1111 ejus
2155 1038 2308 1107 filiae,
2363 1041 2564 1113 puellae
2621 1039 3043 1108 decentissimae,
3104 1060 3314 1096 nomen

1760 1126 2071 1199 ignoratur,
2096 1128 2256 1181 sicuti
2280 1128 2445 1180 etiam
2464 1144 2673 1180 nomen
2687 1128 2877 1180 matris
2892 1127 3308 1200 Epaminondae.

1759 1240 1838 1254 —·
1864 1213 1955 1268 Fr.
1986 1211 2055 1266 18
2085 1232 2098 1266 :
2127 1214 2418 1285 Philippus
2441 1223 2497 1267 et
2516 1214 2721 1267 Darius
2737 1212 3134 1268 Codomannus
3157 1230 3311 1268 com-

1759 1310 2051 1371 ponuntur
2070 1298 2213 1374 [Δικ.
2233 1298 2286 1353 ἐν
2301 1296 2460 1375 τρίτῳ
2480 1296 2600 1373 περὶ
2623 1301 2712 1352 τοῦ
2727 1299 2818 1365 τῆς
2844 1295 2998 1355 Ἑλλ.
3034 1296 3146 1373 βίου
3163 1296 3205 1374 ].
3224 1329 3305 1341 -

1761 1386 1854 1440 Fr.
1905 1404 1975 1459 ¹9
2024 1403 2039 1442 :
2083 1385 2403 1441 Alexander
2450 1385 2522 1440 ad
2566 1385 2789 1456 Trojam
2837 1382 3103 1439 sacrificia
3147 1403 3316 1459 agens

1761 1473 2004 1544 Bagoam
2050 1473 2370 1526 eunuchum
2418 1472 2772 1526 exosculatur
2810 1470 2967 1546 [Δικ.
3002 1473 3056 1528 ἐν
3082 1472 3157 1549 τῷ
3185 1469 3308 1548 περὶ

1762 1561 1853 1627 τῆς
1880 1558 1932 1614 ἂν
1958 1556 2102 1636 Ἰλίῳ
2125 1555 2302 1623 θυσίας
2323 1557 2364 1634 ].

2201 1805 2282 1878 (Ε
2317 1805 2539 1861 Lumo
2580 1805 2877 1879 ramo)

1842 1951 2192 2023 Porphyrius
2241 1952 2326 2006 De
2374 1951 2572 2005 abstin.
2629 1952 2724 2019 IV,
2765 1971 2815 2017 1,
2848 1971 2880 2004 2
2923 1951 3084 2008 εΤῶν
3142 1949 3309 2007 τοίνυν

1767 2036 2029 2111 συντόμως
2073 2057 2128 2092 τε
2165 2038 2294 2110 ὁμοῦ
2343 2036 2433 2092 καὶ
2477 2034 2704 2115 ἀκριὸῶς
2736 2034 2802 2092 τὰ
2835 2034 3121 2106 Ἑλληνικὰ
3162 2060 3314 2094 συνα-

1764 2122 2027 2199 γαγόντων
2057 2121 2167 2179 ἐστὶ
2191 2121 2279 2179 καὶ
2308 2125 2337 2179 ὃ
2358 2122 2760 2201 περιπατητικὸς
2782 2124 3095 2201 Δικαίαρχος
3112 2168 3127 2193 ,
3153 2122 3206 2190 ὃς
3225 2124 3310 2182 τὸν

1766 2214 1983 2289 ἀρχαῖον
2014 2209 2122 2287 βίον
2150 2212 2241 2279 τῆς
2268 2207 2522 2275 Ἑλλάδος
2552 2209 2902 2289 ἀφηγούμενος
2921 2212 3035 2277 τοὺς
3062 2210 3315 2278 παλαιοὺς

1765 2297 1857 2354 καὶ
1896 2296 2044 2375 ἐγγὺς
2074 2300 2199 2354 Θεῶν
2241 2319 2370 2377 φησι
2402 2298 2702 2374 γεγονότας,
2747 2296 3041 2376 βελτίστους
3075 2321 3129 2355 τε
3163 2299 3315 2365 ὄντας

1768 2382 1915 2458 φύσει
1943 2382 2033 2440 καὶ
2061 2382 2147 2440 τὸν
2179 2382 2388 2461 ἄριστον
2436 2382 2679 2454 ἐζηκότας
2707 2384 2840 2460 βίον,
2873 2388 2940 2450 ὡς
2981 2390 3203 2467 χρυσοῦν
3226 2383 3313 2459 γε’·

1765 2493 1847 2536 νος
1876 2469 2206 2545 νομίζεσθαι,
2234 2468 2729 2546 παραὸαλλομένους
2764 2470 2891 2548 πρὸς
2930 2470 3046 2536 τοὺς
3093 2477 3179 2526 νῦν
3230 2494 3311 2529 κι-

1766 2557 1959 2626 ὅδήλου
1987 2555 2076 2613 καὶ
2114 2556 2438 2629 φαυλοτάτης
2486 2556 2814 2634 ὑπάρχοντας
2845 2559 2995 2628 ὕλης,
3029 2557 3189 2633 μηδὲν
3226 2581 3316 2636 φο-

1765 2644 1923 2700 νεύειν
1959 2643 2211 2722 ἔμψυχον.
2292 2640 2367 2702 ⁶0
2389 2642 2452 2711 δὴ
2479 2641 2700 2708 καὶτοὺς
2723 2641 2939 2712 ποιητὰς
2958 2644 3312 2722 παριστάντας

1763 2734 1989 2809 χρυσοῦν
2013 2727 2106 2804 μὲν
2138 2728 2471 2807 ἐπονομάζειν
2500 2727 2672 2806 γένος,
2705 2755 2728 2781 ι
2746 2728 2948 2788 Ἐσθλὰ
2973 2728 3028 2786 δὲ
3063 2728 3257 2802 πάντα,
3287 2757 3311 2783 n

1763 2816 1950 2895 λέγειν,

1888 2957 2036 3002 τοῖσιν
2053 2953 2148 3010 ἔην·
2163 2953 2340 3013 καρπὸν
2356 2952 2398 3001 δ’
2414 2953 2565 3015 ἔφερεν
2579 2953 2792 3016 ζείδωρος
2814 2953 2987 3016 ἄρουρα

1885 3024 2126 3085 αὐτομάτη
2142 3058 2156 3083 ,
2174 3023 2343 3071 πολλόν
2357 3039 2408 3071 τε
2434 3024 2511 3070 καὶ
2535 3023 2754 3083 ἄφθονον·
2777 3026 2821 3071 οἱ
2841 3023 2881 3070 δ’
2904 3024 3113 3085 ἐθελημοὶ

1886 3096 2057 3156 ἥσυχοι
2077 3093 2170 3157 ἔργ’
2185 3093 2506 3156 ἰνέμοντοσὺν
2524 3093 2755 3141 ἐσθλοῖσιν
2778 3094 3040 3141 πολέεσσιν.

1763 3214 1823 3274 *A
1851 3215 1913 3285 δὴ
1958 3215 2048 3273 καὶ
2095 3213 2432 3292 ἐξηγούμενος
2457 3218 2485 3272 δ
2521 3213 2839 3293 Δικαίαρχος
2865 3212 2951 3271 τὸν
2981 3213 3067 3270 ἐπὶ
3115 3212 3312 3291 Κρόνου

1768 3302 1876 3381 βίον
1922 3307 2150 3360 τοιοῦτον
2197 3293 2328 3359 εἷναί
2362 3323 2520 3381 φησι,
2551 3305 2596 3359 εἰ
2639 3302 2719 3358 δεῖ
2743 3299 3033 3377 λαμόάνειν
3071 3298 3163 3375 μὲν
3213 3301 3312 3356 αὖ·

1764 3389 1850 3446 τὸν
1898 3393 1968 3453 ὡς
1995 3386 2237 3465 γεγονότα
2266 3387 2356 3445 καὶ
2399 3386 2474 3462 μὴ
2516 3386 2689 3463 μάτην
2720 3383 3226 3466 ἐπιπεφημισμένον,
3254 3384 3314 3443 τὸ

1766 3474 1820 3533 δὲ
1848 3475 1964 3533 λίαν
1996 3473 2206 3549 μυθικὸν
2237 3472 2456 3554 ἀφέντας
2489 3477 2556 3539 εἷς
2584 3473 2642 3531 τὸ
2679 3472 2764 3530 διὰ
2798 3479 2886 3531 τοῦ
2918 3472 3072 3548 λόγου
3098 3472 3312 3550 φυσικὸν

1765 3562 1996 3639 ἀνάγειν·
2028 3561 2295 3633 αὐτόματα
2324 3559 2419 3636 μὲν
2446 3558 2547 3639 γὰρ
2577 3560 2750 3617 πάντα
2779 3559 2958 3640 ἐφύετο
2981 3560 3219 3627 εἰκότως,
3253 3559 3312 3615 οὗ

1765 3647 1864 3727 γὰρ
1889 3647 2035 3707 αὐτοί
2064 3671 2124 3724 γε
2145 3645 2522 3714 κατεσκεύαζον
2561 3647 2705 3706 οὐθὲν
2735 3645 2821 3704 διὰ
2855 3645 2914 3703 τὸ
2942 3644 3074 3720 μήτε
3107 3646 3122 3723 (
3150 3644 3312 3719 μήπω

1765 3740 1892 3812 vg.)
1920 3735 2018 3805 τὴν
2044 3734 2303 3816 γεωργίαν
2326 3733 2464 3813 ἔχειν
2488 3756 2573 3791 πω
2601 3734 2808 3813 τέχνην,
2846 3732 2966 3809 μηθ’
2996 3730 3174 3810 ἑτέραν
3213 3740 3313 3805 μη·

1767 3822 1950 3899 δεμίαν
1981 3824 2182 3887 ἁπλῶς.
2263 3821 2342 3881 Τὸ
2376 3821 2421 3879 δ’
2453 3820 2580 3879 αὐτὸ
2606 3821 2696 3878 καὶ
2722 3826 2812 3878 τοῦ
2835 3819 3028 3899 σχολὴν
3062 3821 3204 3894 ἄγειν
3230 3818 3314 3875 αἴ-

1765 3933 1871 3968 τιον
1915 3908 2141 3989 ἐγίγνετο
2171 3912 2341 3975 αὐτοῖς
2369 3910 2459 3967 καὶ
2508 3914 2596 3966 τοῦ
2635 3908 2827 3985 διάγειν
2867 3908 2986 3964 ἄνευ
3015 3907 3183 3963 πόνων
3221 3906 3311 3963 καὶ

1767 3998 2052 4077 μερίμνης,
2084 3998 2128 4054 εἰ
2168 3996 2224 4054 δέ
2265 4019 2314 4053 τι
2359 4000 2460 4054 τῶν
2489 3994 2906 4073 γλαφυρωτάτων
2941 3995 3127 4070 ἰατρῶν
3177 3994 3316 4049 ἐπα-

1765 4087 2077 4156 κολουθῆσαι
2106 4087 2182 4142 δεῖ
2209 4083 2434 4161 διανοίᾳ,
2466 4083 2555 4141 καὶ
2580 4088 2672 4140 τοῦ
2717 4081 2791 4157 μὴ
2824 4088 2988 4138 νοσεῖν
3006 4102 3019 4115 ·
3046 4077 3189 4136 οὐθὲν
3212 4077 3315 4156 γὰρ

162 4169 315 4233 Elide.
343 4210 415 4221 —-
441 4182 535 4239 Fr.
574 4180 641 4237 15
677 4201 690 4239 :
741 4181 1093 4239 crotalon-um
1132 4181 1482 4251 aliorumque
1521 4178 1678 4232 simi-
1770 4175 1840 4239 εἷς
1887 4172 2083 4250 ὑγίειαν
2135 4173 2301 4229 αὐτῶν
2348 4170 2519 4245 μεῖζον
2554 4167 2904 4245 παράγγελμα
2949 4164 3085 4243 εῦροι
3107 4172 3201 4228 ’τις
3252 4162 3313 4220 ἂν

170 4280 3308 4309 ἏῊ--Μ

880 4368 927 4416 1.

648 4494 684 4541 Ε
718 4493 905 4541 Lissno
935 4494 1152 4541 ptime.

217 4584 280 4631 Ex
294 4584 345 4635 iis
364 4590 501 4649 igitur
531 4592 615 4653 qui
640 4592 848 4641 breviter
874 4592 1021 4642 simul
1047 4595 1098 4642 et
1129 4594 1351 4642 accurate
1373 4595 1566 4643 Graecas
1600 4606 1677 4643 res

167 4656 447 4723 collegerunt,
486 4668 790 4718 Dicaearchm
823 4669 1163 4741 peripateticus
1203 4672 1303 4727 est,
1342 4670 1427 4732 qui
1462 4672 1674 4719 veterem

168 4733 337 4821 Graeqiae
369 4739 511 4791 vitam
531 4756 770 4807 exponens
799 4748 980 4810 priscos
1001 4748 1138 4808 iilos,
1163 4738 1246 4809 qui
1278 4760 1431 4808 quum
1467 4746 1529 4796 ad
1561 4747 1675 4797 deos

116 4820 135 4841 ⁸
168 4818 357 4866 Pronum
388 4820 661 4872 accederent
704 4823 969 4885 optimique
1012 4826 1182 4872 natura
1227 4826 1413 4883 essent,
1463 4823 1675 4886 adeoque

169 4890 358 4939 anchin
374 4895 515 4946 vitam
533 4899 862 4962 traducerent,
878 4892 1095 4950 ut'aurea
1112 4914 1277 4950 eorum
1300 4905 1416 4950 aetas
1430 4901 1674 4951 existima·

170 4964 283 5011 retur
309 4980 403 5027 pree
420 4971 506 5020 hac
520 4980 679 5024 nostra
695 4975 963 5025 adulterina
985 4981 1032 5026 et
1052 4977 1327 5038 pravissima
1348 4977 1546 5027 materia
1565 4991 1673 5026 con·

171 5042 329 5103 mute,
361 5050 536 5101 nulium
560 5054 779 5104 occidere
812 5055 991 5104 animal
1027 5056 1326 5106 consuevisse
1360 5055 1585 5105 affirmat.
1618 5057 1672 5106 id

172 5117 284 5203 (iuml
316 5123 449 5172 etiam
482 5132 640 5187 poetas
672 5131 740 5179 ait
769 5133 1001 5191 attestari,
1023 5130 1139 5181 dum
1162 5145 1363 5182 aureum
1384 5131 1501 5182 iilud
1528 5146 1675 5194 genus

175 5187 391 5246 'mutinum
408 5204 639 5271 appeliant
662 5226 712 5253 :n
736 5210 861 5257 Boua
882 5208 1084 5269 (aiunt)
1108 5212 1280 5261 cuneta

1812 4356 1957 4421 ,ΗΠΒ
1972 4358 2123 4409 erant;
2145 4353 2433 4406 fructumque
2447 4351 2620 4396 ferebat
2640 4349 2787 4394 fertile
2806 4360 2971 4393 arvum

1868 4426 2025 4478 sponte
2043 4432 2125 4465 sua
2145 4422 2434 4476 multumque
2450 4422 2492 4463 et
2513 4420 2752 4474 copiosum
2769 4430 2782 4460 ι
2799 4418 2888 4471 ipsi
2908 4428 3017 4461 vero
3035 4416 3243 4461 iubentes

1866 4490 2010 4545 quieti
2031 4488 2243 4544 operibus
2260 4487 2529 4533 fruebantur
2540 4496 2648 4530 cum
2665 4485 2796 4528 bonis
2817 4485 2991 4528 multis.

2729 4551 2935 4607 (Hesiod.
2964 4552 3080 4608 Opp.
3104 4557 3178 4595 116
3195 4553 3314 4608 sqq.)

1764 4674 1884 4728 Quae
1906 4670 2100 4732 quidem
2139 4669 2398 4731 explanans
2433 4668 2739 4718 Dio‘earchus
2773 4666 3004 4727 ejusmodi
3034 4665 3184 4715 vitam
3222 4667 3310 4712 Sa·

1763 4747 1891 4796 turni
1912 4745 2206 4807 temporibus
2238 4745 2381 4794 fuisse
2404 4746 2503 4806 ait3
2529 4746 2568 4793 si
2590 4744 2732 4793 modo
2752 4757 2859 4793 eam
2881 4757 3045 4791 revera
3073 4741 3311 4791 exstitisse

1763 4827 1811 4872 et
1828 4837 1923 4872 non
1943 4823 2123 4871 frustra
2153 4822 2219 4871 ita
2247 4822 2391 4871 fuisse
2422 4822 2710 4871 celebratam
2734 4818 3084 4870 admittendum
3112 4816 3315 4866 omissis·

1762 4914 1857 4962 que
1885 4900 1967 4960 iis,
1994 4913 2104 4961 qum
2117 4902 2279 4961 aperte
2299 4899 2512 4948 fabulosa
2528 4900 2574 4947 in
2599 4898 2689 4947 hac
2708 4895 2980 4945 narratione
2996 4897 3135 4954 sunt,
3149 4906 3227 4942 res
3243 4897 3315 4941 est

1763 4978 1823 5026 ad
1851 4977 2116 5026 naturalem
2153 4975 2580 5025 considerationem
2606 4972 2899 5023 reducenda.
2980 4974 3158 5032 sponte
3185 4969 3311 5019 enim

1764 5054 1935 5103 mei-ito
1958 5055 2120 5104 omnia
2144 5054 2491 5103 nascebantur:
2517 5052 2632 5115 quia
2654 5051 2876 5113 videlicet
2898 5052 2986 5113 ipsi
3007 5050 3123 5099 nibil
3143 5063 3311 5110 opera-

1764 5133 1955 5193 bantur,
1993 5145 2145 5194 quum
2165 5130 2380 5180 nondum
2421 5143 2577 5191 neque
2611 5130 2707 5191 agri
2729 5128 2944 5186 colendi,
2984 5140 3141 5188 neque
3164 5126 3310 5175 ullam

1761 5211 1903 5263 aliam
1918 5214 2071 5260 artem
2096 5210 2401 5260 invenissent.
2428 5209 2478 5258 ici
2503 5208 2630 5271 quod
2664 5208 2711 5256 in
2741 5220 2880 5256 causa
2898 5218 3089 5267 quoque
3117 5206 3237 5264 erat,
3261 5207 3312 5250 nt
