3900 6042
1321 453 1419 514 DE
1464 452 1704 512 REBUS
1745 452 1841 512 PU
1853 451 2105 511 nucis.

3190 464 3301 511 20³.)

135 583 278 651 σιλδς
300 582 353 641 δὲ
383 581 627 663 νεώτερος
654 582 683 613 *
702 583 727 609 *
752 581 844 641 καὶ
866 581 1069 663 θρασύς.
1098 583 1296 642 Τοῦτον
1318 588 1664 662 τυραννοῦντα
1756 588 2292 648 studiosus;Thessalns
2304 590 2458 637 minor
2469 590 2583 638 natu
2601 590 2624 615 *
2641 590 2848 638 *aiidax.
2868 591 3007 638 llunc
3024 590 3306 653 (Hippiam)

136 672 201 747 μὴ
248 669 547 742 δυνηθέντες
585 672 785 728 ἀνελεῖν
806 714 822 741 ,
869 670 1172 748 Ἵππαρχον
1218 668 1526 729 ἀπέκτειναν
1580 671 1667 729 τὸν

135 757 338 840 ἀδελφὸν
365 760 547 817 αὐτοῦ.
574 757 785 824 Ἱππίας
808 757 861 816 δὲ
890 757 1191 838 πικρότερον
1225 757 1507 837 ἐτυράννει.

201 865 243 905 7.
288 845 605 917 Κλεισθένης
628 844 716 902 τὸν
738 844 856 923 περὶ
887 846 1239 922 ὀστρακισμοῦ
1267 844 1422 920 νόμον
1450 842 1669 921 εἰσηγή-

134 950 278 1005 σατο,
309 928 362 995 δς
389 929 543 1002 ἐτέθη
573 928 660 988 διὰ
691 928 808 995 τοὺς
844 931 1239 1009 τυραννιῶντας.
1282 927 1391 988 Καὶ
1428 928 1575 987 ἄλλοι
1612 950 1668 985 τε

134 1014 575 1093 ὦστρακίσθησαν,
599 1015 688 1073 καὶ
717 1015 1021 1080 Ξάνθιππος
1048 1014 1137 1073 καὶ
1159 1013 1487 1093 Ἀριστείδης.

200 1122 243 1160 a.
284 1100 574 1181 Ἐφιάλτης
595 1100 711 1168 τοὺς
747 1100 903 1167 ἰδίους
933 1101 1123 1179 ἀγροὺς
1145 1099 1419 1177 ὀπωρίζειν
1446 1098 1667 1178 παρεῖχε

135 1192 227 1254 τοῖς
255 1188 616 1267 βουλομένοις,
645 1188 697 1257 ἐξ
723 1179 795 1247 ὧν
819 1186 1038 1255 πολλοὺς
1063 1188 1330 1254 ἐδείπνιζε.

200 1296 244 1333 ε.
289 1275 470 1335 Κλέων
498 1274 827 1353 παραλαὸὼν
868 1272 1118 1352 διέφθειρε
1155 1271 1214 1330 τὸ
1251 1272 1544 1347 πολίτευμα
1576 1270 1666 1328 καὶ

137 1363 201 1421 ἔτι
224 1364 413 1439 μᾶλλον
440 1365 490 1419 οἰ
532 1365 651 1437 μετ’
690 1360 861 1432 αὐτὸν,
901 1359 952 1419 οἳ
977 1360 1177 1424 πάντας
1209 1357 1428 1433 ἀνομίας
1454 1356 1668 1430 ἐνέπλη-

136 1472 241 1520 σαν,
281 1448 368 1506 καὶ
407 1449 616 1506 ἀνεῖλον
647 1448 743 1505 οὔκ
783 1445 1028 1511 ἐλάσσους
1065 1445 1249 1524 χιλίων
1287 1440 1663 1503 πεντακοσίων.

134 1533 328 1594 Τούτων
377 1533 433 1591 δὲ
473 1531 896 1604 καταλυθέντων,
940 1530 1311 1610 Θρασύὸουλος
1349 1529 1439 1588 καὶ
1482 1528 1667 1589 Ῥίνων

136 1619 567 1699 προειστήκεισαν,
594 1619 646 1686 δς
672 1611 734 1690 ἦν
759 1618 890 1700 ἀνὴρ
917 1619 1074 1684 καλὸς
1096 1617 1338 1695 κάγαθός.

205 1728 266 1768 10.
305 1708 715 1785 [Θεμιστοκλῆς
732 1707 822 1764 καὶ
839 1704 1151 1786 Ἀριστείδης
1178 1704 1308 1784 καὶ]
1332 1710 1367 1776 ἡ
1397 1703 1448 1773 ἐξ
1473 1704 1666 1783 Ἀρείου

138 1794 289 1871 πάγου
324 1792 483 1872 βουλὴ
526 1792 705 1852 πολλὰ
748 1791 981 1851 ἐδύνατο.
1026 1790 1135 1852 Καὶ
1174 1795 1277 1849 τῶν
1320 1793 1453 1849 ὁδῶν
1492 1795 1667 1867 ἐπιμε-

138 1882 355 1957 λοῦνται,
384 1879 527 1947 Sume
573 1879 650 1954 μή
677 1902 811 1946 τινες
852 1878 1255 1955 ἄνοικοδομῶσιν
1286 1876 1446 1944 αὐτὰς
1480 1874 1514 1948 ἢ
1544 1879 1668 1958 δρυ-

142 1967 341 2048 edam<
364 1966 759 2045 ὑπερτείνωσιν.

212 2075 270 2113 ιι.
310 2052 542 2130 Ὁμοίως
600 2053 655 2111 δὲ
700 2056 974 2112 καθιστᾶσι
1015 2052 1106 2111 καὶ
1143 2051 1259 2120 τοὺς
1287 2051 1504 2129 ἕνδεκα,
1550 2051 1668 2118 τοὺς

144 2138 594 2216 ἐπιμελησομένους
610 2142 712 2197 τῶν
726 2141 780 2196 ἓν
805 2137 1166 2220 δεσμωτηρίῳ.
1186 2138 1310 2199 Εἰσὶ
1331 2138 1386 2197 δὲ
1406 2139 1495 2197 καὶ
1520 2137 1666 2197 ἐννέα

142 2228 357 2306 ἄρχοντες
392 2226 752 2303 θεσμοθετικοί
789 2224 841 2284 οἳ
879 2225 1275 2303 δοκιμασθέντες
1302 2227 1547 2301 ὀμνύουσι
1585 2227 1661 2284 δι·

1760 660 2065 721 tyrannidem
2092 660 2333 708 tenentem
2365 672 2516 721 quum
2553 660 2824 708 interimere
2856 672 2950 707 non
2970 665 3192 720 possent,
3215 662 3307 708 tra-

1759 732 1881 777 trem
1918 727 2022 788 eius
2061 727 2383 789 Hipparchum
2420 727 2773 776 interfecerunt.
2818 731 2926 785 Quo
2961 728 3086 775 sacto
3119 728 3310 790 Hippias

1761 795 1894 844 tanto
1915 794 2130 842 acerbior
2156 798 2387 857 tyrannus
2412 794 2616 844 exstitit.

1820 862 1866 908 7.
1900 860 2166 909 Clisthenes
2197 859 2259 909 de
2287 860 2567 909 ostracistm
2599 862 2748 922 legem
2791 862 3055 910 introduxit
3085 860 3312 909 adversus

1758 945 2061 1007 tyrannidem
2084 947 2387 997 affectantes.
2454 951 2522 996 Ac
2539 961 2691 1009 quum
2712 947 2791 997 alii
2813 948 2907 997 hac
2923 949 3188 998 ostracismi
3210 949 3310 1009 lege

1758 1032 1808 1080 in
1826 1033 2026 1082 exilium
2050 1033 2145 1082 acti
2163 1035 2277 1082 sunt
2295 1070 2309 1096 ‚
2335 1035 2442 1083 tum
2467 1047 2584 1084 vero
2606 1035 2912 1097 Xanthippus
2935 1038 2986 1085 et
3008 1036 3246 1086 Aristides.

1821 1113 1868 1181 β.
1884 1109 2351 1183 Ερίιίεῃεεωιήιοη)
2364 1123 2426 1159 ex
2441 1112 2565 1171 agris
2573 1111 2671 1183 suis
2685 1112 2867 1160 tructus
2877 1112 3127 1174 decerpere
3134 1114 3312 1162 volenti

1758 1182 1934 1278 {gtfflte
1962 1170 2142 1219 civium
2177 1170 2506 1232 permittebat3
2531 1173 2790 1233 multisque
2802 1186 2971 1222 eorum
2989 1186 3172 1223 coenam
3191 1187 3314 1235 proe·

1819 1298 1865 1340 9.
1894 1290 2043 1339 Cleon
2069 1293 2236 1340 nactus
2271 1293 2384 1353 reip.
2417 1292 2872 1342 administrationem
2899 1296 3147 1356 corrupit,
3186 1295 3312 1343 mul·

1756 1360 1903 1420 toque
1933 1359 2082 1419 magis
2110 1361 2195 1421 qui
2227 1370 2337 1409 eum
2370 1360 2522 1409 secuti
2561 1364 2688 1410 sunt.
2731 1365 2787 1411 lli
2829 1362 3055 1432 (triginta
3089 1364 3313 1425 tyranni)

1755 1442 1923 1479 omnes
1964 1430 2120 1491 legum
2158 1433 2436 1491 contemptu
2470 1432 2742 1494 replerunt,
2784 1434 3182 1495 sustuleruntque
3217 1447 3312 1481 non

1757 1500 2004 1560 pauciores
2046 1497 2179 1548 mille
2230 1500 2517 1561 quingentis.
2571 1504 2750 1550 Eversa
2798 1514 2968 1550 eorum
3031 1502 3312 1562 tyrannide,

1757 1566 2082 1629 'thrasybulus
2119 1571 2170 1618 et
2206 1568 2392 1618 Rhinon
2426 1568 2499 1617 vir
2552 1569 2707 1618 bonus
2743 1572 2792 1619 et
2831 1571 3007 1631 probus
3043 1571 3314 1632 reipublicae.

1756 1641 2064 1704 praefuerunt.

1822 1718 1895 1761 10.
1931 1713 2133 1762 Senatus
2155 1712 2506 1775 Areopagiticus
2537 1712 2799 1788 plurimum
2819 1712 2867 1762 in
2896 1713 3138 1775 republica
3175 1716 3313 1775 pote-

1758 1803 1849 1848 rat.
1886 1799 1991 1849 Viae
2017 1812 2211 1861 qnoque
2247 1799 2613 1849 Atheniensibus
2640 1812 2770 1848 curae
2802 1803 2972 1862 erant,
3007 1812 3068 1848 ne
3100 1800 3209 1863 quis
3231 1813 3312 1848 eas

1759 1884 2090 1935 inoedifimndo
2129 1885 2399 1935 obstrueret
2444 1885 2518 1935 vel
2560 1887 2794 1936 Maeniana
2831 1886 2971 1936 nimis
3003 1887 3050 1935 in
3090 1899 3172 1936 eas
3209 1900 3313 1948 pro·

1766 1971 1998 2024 ienderet.

1829 2064 1900 2113 11.
1938 2061 2059 2110 Item
2079 2062 2304 2110 crearunt
2322 2059 2668 2122 (Athenienses)
2689 2060 2914 2110 undecim
2932 2062 3085 2122 viros,
3103 2061 3187 2124 qui
3205 2074 3313 2110 car-

1764 2159 1874 2197 cere
1915 2147 2111 2197 Inclusis
2165 2149 2421 2210 praeerant.
2483 2148 2608 2197 Sunt
2651 2147 2796 2197 etiam
2845 2160 3020 2197 novem
3060 2148 3314 2198 archontes

1758 2234 2118 2296 thesmothetoe,
2159 2234 2243 2297 qui
2285 2234 2427 2283 sitnm
2457 2247 2516 2284 ac
2554 2234 2739 2297 probati
2783 2235 2913 2297 sint,
2951 2235 3145 2285 solenne
3179 2236 3316 2296 jnra-

146 2393 221 2442 hoc
242 2396 306 2444 est
326 2396 592 2456 oxytonon.
612 2397 677 2442 V.
699 2393 862 2455 steph.
886 2393 1348 2443 ‘rhea—Lacunam
1378 2391 1487 2454 post
1509 2392 1671 2439 νεώτε-
1760 2403 1888 2440 unus
1906 2394 1946 2440 x
1970 2392 2183 2441 virorum
2202 2426 2217 2452 ,
2237 2390 2318 2453 qni
2340 2392 2535 2453 triginta
2549 2393 2678 2440 viros
2694 2394 3002 2454 exceperunt.
3045 2394 3107 2441 V.
3128 2395 3315 2447 Isocra-

146 2479 206 2523 ρος
221 2465 389 2513 notavit
405 2462 1014 2524 Schneidewin.‚qumiam
1033 2474 1145 2526 qua>
1169 2464 1436 2524 sequuntur
1453 2462 1501 2510 in
1524 2462 1671 2511 Thes-

146 2532 290 2590 salum,
306 2532 363 2581 de
378 2546 475 2594 quo
492 2532 612 2581 vide
631 2531 823 2581 Diodor.
844 2534 903 2591 Χ,
931 2539 986 2581 16
1000 2566 1016 2590 ,
1044 2531 1171 2580 haud
1197 2531 1394 2580 cadunt.
1413 2549 1438 2573 κ
1468 2530 1541 2581 Ad
1555 2544 1663 2579 sen-

147 2602 316 2650 tentiam
340 2605 464 2651 recte
496 2605 655 2663 (nam
690 2601 799 2663 quis
821 2600 967 2649 verba
986 2600 1289 2663 proestabitt’)
1313 2603 1361 2650 J.
1386 2603 1453 2650 Μ.
1474 2600 1668 2650 Schult-

148 2671 234 2719 zius
247 2672 373 2720 stud.
400 2672 593 2734 philoll.
630 2671 911 2721 Kilonienss.
936 2682 987 2731 p.
1025 2675 1113 2719 160
1131 2671 1235 2718 haec
1269 2669 1338 2719 sic
1375 2670 1473 2720 l'ere
1497 2668 1669 2718 relicie-

148 2739 220 2789 hat
249 2761 261 2790 z
287 2743 516 2798 θέσσαλος
532 2742 593 2790 δὲ
629 2741 848 2802 νεώτερος
870 2738 1154 2802 [φιλόδημος
1179 2740 1259 2787 καὶ
1294 2743 1464 2802 πρᾶος,
1490 2738 1671 2795 Ἱππίας

149 2808 189 2855 δὲ
204 2810 372 2873 πικρὸς]
389 2813 467 2859 καὶ
487 2810 680 2873 θρασυς.
703 2812 845 2859 Certe
862 2808 901 2857 δ’
920 2810 947 2855 ὁ
961 2809 1175 2870 νεώτερος
1192 2807 1412 2857 debebat.
1429 2809 1503 2857 lta
1518 2810 1669 2857 Hem·

149 2877 271 2927 clides
295 2892 400 2928 cum
440 2877 729 2940 Thucydide
762 2876 1061 2936 conciliatur,
1101 2876 1163 2926 de
1196 2889 1296 2939 quo
1332 2890 1470 2926 secus
1498 2877 1672 2926 ‘statuit

151 2948 353 2997 Goellerus
375 2951 489 2998 tom.
517 2950 565 2997 u
585 2980 603 3006 ,
632 2952 805 3008 pallo
836 2958 910 3007 sq.
939 2945 1015 2994 ed.
1047 2945 1187 3007 prior.
1208 2964 1235 2989 ι
1272 2943 1579 2995 Schneidew.
1608 2969 1672 2981 —

153 3020 290 3065 τοῦτον
304 3019 377 3065 τὸν
395 3021 711 3080 τυραννοῦντα
740 3017 828 3065 BG
841 3030 857 3076 ;
881 3014 1129 3071 δυνηθέντα
1146 3017 1250 3070 Αο;
1278 3015 1537 3077 Ἵππαρχον
1561 3014 1671 3062 &rri-

153 3100 299 3134 κτεινεν
320 3088 463 3146 ABG,
485 3087 752 3147 Ἵππαρχος
791 3084 1031 3132 ἀπέκτεινε
1069 3083 1182 3146 ςίςς
1204 3085 1389 3140 Ἱππέας
1407 3096 1497 3146 αρ;
1516 3082 1672 3145 πικρό·

150 3170 248 3202 τατα
258 3158 389 3205 ΑΒΘ.
414 3184 478 3198 -
503 3160 552 3206 7.
577 3152 883 3216 Κλεισθένης]
904 3166 933 3203 e
948 3154 1074 3215 conj.
1095 3154 1438 3215 811118011ῖῆκαί
1457 3152 1585 3201 libri.
1606 3155 1669 3201 V.

154 3224 297 3273 AElian.
317 3228 374 3274 V.
396 3228 453 3275 Η.
480 3231 553 3286 la,
577 3227 640 3273 24
662 3242 675 3272 t
701 3223 976 3279 Κλεισθένης
993 3224 1043 3272 δὲ
1069 3225 1097 3271 ὁ
1128 3222 1356 3280 Ἀθηναῖος
1376 3225 1431 3272 τὸ
1468 3224 1559 3272 δεῖν
1585 3223 1674 3279 ἐξο-

155 3294 441 3355 σιρακίζεσθαι
456 3301 645 3358 πρῶτος
666 3292 1030 3355 εἰσηγησάμενος
1053 3293 1189 3349 αὐτὸς
1215 3294 1351 3356 ἔτυχε
1381 3298 1462 3351 τῆς
1485 3292 1669 3342 καταδί-

153 3377 222 3417 κης
238 3369 415 3424 πρῶτος.
433 3365 627 3421 Quibus
641 3365 750 3425 apte
778 3362 999 3423 subiungi
1016 3363 1228 3423 2possent
1245 3375 1355 3424 quae
1400 3364 1672 3424 sequuntur

153 3442 218 3491 ap.
236 3432 530 3483 Heraclidun.
569 3438 786 3494 Corayus
808 3435 857 3481 et
879 3431 1269 3481 Schneidewlnus
1295 3432 1552 3480 retinentes
1581 3444 1670 3479 vo-

155 3511 242 3547 cem
265 3502 337 3549 ιαὶ
368 3514 483 3550 mox
513 3499 739 3551 scribunt
773 3502 1082 3564 εἰσηγήσαντο
1108 3502 1209 3560 (sc.
1234 3500 1591 3562 Athenienses).
1611 3528 1674 3541 -

154 3572 194 3616 8.
207 3568 459 3633 Ἐφιάλτης]
482 3570 756 3633 Ephialtem
774 3568 1067 3633 excerptoris
1083 3568 1224 3633 culpa
1239 3582 1325 3632 pro
1341 3570 1539 3619 Cimone
1557 3570 1668 3632 poni

160 3640 299 3687 censet
321 3639 519 3689 Sintenis
546 3639 614 3689 ad
633 3640 874 3689 Plutarch.
898 3640 1071 3690 Pericl.
1097 3653 1142 3689 c.
1162 3645 1206 3689 9.
1232 3639 1304 3690 Λᾶ
1322 3652 1489 3689 vocem
1509 3641 1669 3701 βουλο·

158 3708 285 3765 μένας
300 3711 458 3770 sponte
484 3708 804 3771 subintelligis
830 3715 922 3759 τῶν
948 3710 1193 3767 Ἀθηναίων
1222 3710 1295 3758 vel
1329 3714 1422 3758 τῶν
1448 3711 1668 3759 πολιτῶν.

157 3777 216 3824 Gl’.
234 3778 549 3841 Theopompus
570 3777 632 3827 [ι’.
659 3782 719 3828 94
760 3797 772 3827 ε
794 3778 1020 3841 Κίμων.;.
1057 3780 1221 3828 οὐδένα
1238 3784 1321 3827 τοῦ
1342 3782 1524 3841 καρποῦ
1546 3779 1671 3828 καθί-

157 3859 232 3891 στα
250 3847 430 3908 φύλακα,
446 3848 575 3903 ὅπως
602 3850 646 3896 οἱ
671 3847 942 3910 βουλόμενοι
961 3853 1055 3897 τῶν
1069 3850 1271 3897 πολιτῶν
1293 3847 1517 3903 εἰσιόντες
1539 3848 1670 3897 ὀπω·

156 3915 385 3976 ριξωντοα...
403 3919 603 3967 Ἔπειτα
626 3922 708 3975 τήν
730 3917 885 3966 οἰκίαν
904 3924 1096 3982 παρεῖχε
1115 3923 1271 3979 κοινὴν
1290 3922 1459 3982 ἅπασι,
1482 3925 1561 3971 καὶ
1576 3923 1670 3971 δεῖ·

158 4000 253 4032 m
270 3987 333 4035 ἀεὶ
358 3988 530 4043 εὔτελες
570 3987 1002 4049 παρασκευάζεσθαι
1039 3991 1226 4047 πολλοῖς
1263 3992 1518 4054 ἀνθρώποις
1535 4027 1550 4051 ,
1588 3993 1669 4041 καὶ

157 4054 243 4108 wls
272 4055 454 4118 ἀπόρους
479 4057 755 4119 προσιόντας
788 4063 882 4106 τῶν
912 4057 1158 4116 Ἀθηναίων
1190 4060 1415 4117 εἰσιόντας
1455 4061 1668 4111 δειπνεῖν.

162 4123 467 4174 Bodemmodo
499 4126 749 4177 Plutarch.
775 4125 966 4177 Cimon.
993 4136 1048 4179 10
1067 4150 1079 4179 z
1100 4131 1192 4180 Καὶ
1219 4131 1398 4180 δεῖπνον
1421 4132 1542 4181 οἶκοι
1564 4132 1673 4195 παρ’

161 4191 268 4254 αὐτῷ
285 4194 400 4244 λιτὸν
426 4196 526 4257 μὲν,
548 4197 721 4259 ἀρκοῦν
752 4197 801 4245 δὲ
818 4198 1005 4253 πολλοῖς
1035 4199 1236 4249 ἐποιεῖτο
1266 4202 1370 4249 καθ’
1390 4202 1582 4263 ἡμέραν,
1602 4201 1670 4265 ἐφ’

159 4260 183 4307 ὃ
199 4267 278 4310 τῶν
295 4265 490 4323 πενήτων
518 4268 545 4315 ὁ
571 4264 846 4328 βουλόμενος
869 4267 1029 4329 εἰσῄει.
1051 4268 1138 4318 His
1155 4268 1353 4331 opponit
1386 4270 1673 4319 Plutarchus

162 4332 443 4383 Aristotelem
466 4335 563 4397 (l'r.
589 4336 650 4383 64
674 4335 714 4394 )‚
736 4335 821 4396 qui
839 4347 1027 4384 coenam
1067 4337 1253 4386 nonnisi
1282 4338 1494 4387 Laciadis
1515 4338 1671 4387 tribu·

162 4394 266 4447 libus
296 4403 501 4460 paratam
540 4415 646 4452 ease
683 4401 818 4451 dicit.
852 4403 1119 4454 Aristotelis
1151 4408 1316 4455 autem
1350 4406 1672 4456 narrationem

162 4465 283 4516 etiam
314 4471 568 4521 Heraclidis
610 4472 773 4520 verbis
808 4473 936 4522 male
958 4475 1196 4523 truncatis
1225 4475 1418 4525 subesse
1451 4476 1673 4538 opinatur

100 4573 107 4579 .
162 4535 529 4601 Schneidewinns,
547 4552 612 4590 ne
633 4541 869 4599 concidat,
892 4542 1078 4603 opinor,
1097 4544 1327 4594 sententia
1345 4544 1407 4594 de
1425 4545 1672 4596 Heraclide

163 4604 498 4658 Aristotelian-um
531 4613 777 4659 πολιτειῶν
798 4614 1093 4674 excerptore.
1130 4639 1194 4650 -
1219 4619 1269 4664 9.
1288 4614 1463 4672 πάντας
1482 4615 1501 4679 ]
1521 4616 1672 4665 πάντα

164 4673 347 4734 nquius
360 4691 433 4741 ap.
454 4680 714 4730 Koelerum.
737 4709 800 4722 —
830 4681 1115 4746 ἐνέπλησαν]
1138 4684 1297 4733 ἀνεπλ.
1318 4687 1557 4747 Comyua,
1577 4687 1673 4737 001-

164 4739 247 4791 lato
281 4746 468 4798 Platone
498 4749 550 4798 in
594 4749 792 4812 apolog.
828 4762 875 4812 p.
899 4756 980 4813 32,
1013 4752 1096 4801 ubi
1118 4752 1179 4802 de
1216 4752 1277 4804 30
1302 4754 1420 4804 viris
1456 4757 1671 4813 ιπολλοτς

164 4812 291 4861 πολλὰ,
323 4819 621 4878 προσέταττον
658 4818 927 4883 βουλόμενοι
951 4824 1015 4877 ὡς
1043 4822 1285 4878 πλείστους
1307 4822 1568 4881 ἀναπλῆσαι
1595 4826 1671 4874 αἰ·

164 4886 407 4936 πῶν-9.
431 4887 590 4949 χιλίων
626 4889 979 4953 πεντακοσίων]
1010 4892 1084 4940 ct.
1124 4891 1333 4941 AEschin.
1371 4895 1428 4942 ln
1458 4895 1668 4956 ctesiph.

165 4959 203 5007 1)-
219 4955 287 5011 87,
302 4959 352 5002 21
374 4959 443 5004 :ot
455 4957 697 5019 τριάκοντα
713 4959 896 5015 πλείους
910 4963 939 5019 ἢ
955 4960 1127 5023 χιλίους
1144 4963 1223 5009 καὶ
1237 4962 1564 5019 πεντακοσίους
1576 4969 1670 5012 τῶν

169 5020 335 5071 πολιτῶν
352 5025 556 5087 ἀκρίτους
576 5028 847 5078 ἀπέκτειναν
867 5032 972 5093 πρὶν
989 5030 1072 5085 τὰς
1090 5031 1241 5087 αἰτίας
1264 5031 1464 5080 ἀκοῦσαι
1501 5032 1568 5095 ἐφ’
1597 5033 1671 5089 αῐς

166 5086 653 5154 ἔμελλονᾶποθνήοκειν.
691 5098 821 5147 idem
858 5112 1085 5148 numerus
1108 5112 1187 5163 ap.
1229 5101 1437 5150 AEschin.
1466 5103 1537 5150 De
1563 5102 1667 5152 tals.

167 5153 240 5217 leg.
261 5171 304 5220 p.
329 5167 412 5223 as,
441 5168 494 5213 ιι
512 5166 905 5227 Reisk.‚1socrat.
931 5181 977 5230 p.
999 5175 1113 5230 15³,
1137 5183 1187 5231 p.
1211 5175 1298 5221 397
1327 5173 1382 5220 n.
1407 5196 1467 5205 —
1486 5170 1668 5236 ’1)ῐνων]

301 5255 573 5296 msc-ema
603 5262 770 5299 nisroa
825 5263 963 5299 cn.—
989 5269 1099 5305 νοῐ..
1121 5272 1169 5306 ιι.

1758 2462 1856 2509 tem
1876 2473 1923 2522 p.
1939 2462 2132 2510 372.ct'.
2155 2460 2384 2510 Meineke.
2405 2464 2486 2510 Fr.
2510 2463 2646 2510 com.
2667 2464 2708 2521 1,
2724 2474 2770 2522 p.
2786 2465 2891 2510 209.
2906 2461 3201 2522 Negligenter
3219 2462 3316 2524 egit

1756 2529 2022 2589 excerptor.
2050 2546 2074 2570 α
2096 2532 2376 2578 narraverat
2394 2531 2581 2590 auctor,
2604 2528 2994 2579 Schneidewinus
3009 2530 3095 2589 ait,
3113 2530 3314 2591 Thrasy-

1757 2594 1926 2644 bulum
1946 2595 2061 2645 msis
2082 2597 2231 2657 copiis
2253 2598 2446 2657 triginta
2463 2598 2676 2646 virorum
2694 2600 3023 2658 occupatoque
3037 2598 3218 2647 Piraeeo
3233 2611 3313 2660 po·

1758 2665 1973 2725 putarem
1990 2668 2169 2714 statum
2187 2665 2395 2715 civitatis
2423 2668 2736 2725 instaurasse,
2773 2663 2986 2715 Rhinoni
3018 2668 3179 2715 autern
3202 2680 3314 2717 cum

1756 2733 1947 2796 collegis
1976 2734 2077 2785 suis
2097 2735 2204 2796 post
2220 2735 2570 2803 abdicationem
2609 2735 2803 2798 triginta
2837 2735 3054 2784 virorum
3072 2735 3314 2786 civitaten·

1757 2804 2060 2855 commlssam
2084 2805 2243 2854 misse.
2269 2826 2294 2849 ι»
2324 2812 2484 2855 -10,
2508 2808 2622 2867 esp..
2641 2807 2720 2854 καὶ
2750 2805 2833 2868 Ἀρ.
2859 2804 2970 2868 καὶ]
2994 2805 3128 2855 uncis
3165 2806 3314 2856 inclu-

1756 2874 1818 2924 sit
1834 2873 2247 2934 Schneidewinus,
2275 2875 2546 2935 rectissime3
2567 2875 2725 2924 delata
2735 2875 2832 2924 huc
2849 2875 3070 2924 videntur
3082 2875 3157 2937 e§
3180 2880 3227 2925 7.
3250 2903 3315 2913 -

1757 2946 1836 2993 καὶ
1851 2947 1895 2992 οἰ
1910 2944 2137 3008 εξἉρεοπ.
2154 2947 2209 3005 Α;
2223 2944 2418 2995 deinde:
2435 2945 2622 2994 ἐδύνατο
2636 2947 2721 2994 ΑΒ
2728 2948 2897 3007 CPap,
2908 2945 3242 2997 ἑδύναντοοεὶί.
3253 2974 3315 2984 -

1758 3012 2106 3076 ἐπιμελοῦνται]
2131 3017 2240 3073 ΑΒ;
2264 3015 2567 3077 ἐπεμελοῦντο
2585 3014 2750 3064 ceteri.
2774 3014 2988 3075 Vulgatae
3010 3015 3314 3077 ἐπεμελοῦντο

1758 3084 2015 3133 innitentes
2030 3084 2378 3145 allegantesqne
2392 3084 2668 3134 AEschinem
2686 3086 2743 3133 c.
2761 3085 3019 3133 Timocrat.
3046 3097 3095 3146 p.
3129 3092 3204 3144 11,
3226 3088 3313 3137 viri

1758 3152 1887 3202 docti
1923 3155 2195 3203 statuerunt
2232 3166 2398 3202 curam
2434 3153 2748 3203 aedificiorum
2775 3160 3016 3215 Areopago
3057 3153 3199 3204 tuisse
3227 3157 3314 3205 de·

1759 3220 2033 3270 mandatam
2052 3224 2130 3282 (V.
2152 3222 2442 3273 schoemann
2473 3227 2545 3274 De
2569 3224 2779 3274 comitiis
2806 3237 2854 3286 p.
2883 3226 2992 3284 294,
3019 3223 3196 3273 Hister.
3215 3225 3311 3286 iur.

1759 3290 1890 3351 publ.
1908 3304 1957 3353 p.
1989 3297 2100 3344 300.
2131 3292 2383 3342 Schubert.
2424 3297 2495 3344 De
2532 3293 2663 3343 aedil.
2687 3308 2734 3357 p.
2756 3300 2816 3343 65
2834 3305 2935 3354 sq„
2968 3292 3052 3341 alii
3072 3294 3108 3353 ).
3135 3297 3315 3344 Contra

1760 3360 2159 3411 Schneidewinus
2181 3364 2345 3411 monet
2379 3362 2489 3412 loco
2529 3364 2764 3413 AEschinis
2780 3362 2897 3412 nihil
2939 3361 3159 3424 probari;
3187 3366 3313 3426 apud

1760 3429 2060 3479 Heraclidem
2078 3442 2193 3479 vero
2211 3432 2417 3492 optimos
2459 3431 2608 3481 libros
2635 3432 2849 3495 proebere
2889 3432 3140 3481 lectionem
3159 3433 3314 3496 ἐπιμε-

1758 3498 1961 3560 λοῦνται,
1979 3498 2110 3561 quod
2126 3498 2309 3548 dictum
2336 3499 2398 3549 sit
2414 3501 2554 3550 sicuti
2576 3500 2627 3550 id
2644 3501 2773 3564 quod
2803 3501 3018 3563 sequitur
3044 3520 3055 3549 ε
3077 3502 3247 3562 ὁμοίως
3265 3505 3314 3553 δὲ

1758 3570 2025 3629 καθιστᾶσι,
2047 3581 2115 3617 sc.
2143 3572 2187 3618 οἰ
2211 3568 2454 3633 Ἀθηναῖοι,
2472 3583 2532 3619 ex
2552 3584 2688 3621 more
2714 3570 3006 3634 excerptoris
3041 3573 3205 3621 nostri.
3245 3577 3316 3624 Dc

1758 3649 1811 3686 re
1833 3637 1894 3687 ss.
1922 3638 2114 3688 Aristot.
2139 3638 2240 3688 Pol.
2270 3640 2367 3699 vt,
2391 3646 2437 3701 5,
2465 3643 2514 3700 3,
2541 3644 2592 3690 et
2610 3640 2820 3690 AEschin.
2859 3642 2911 3689 ln
2936 3639 3145 3703 ctesiph.
3168 3640 3197 3703 §
3234 3649 3312 3702 2ο,

1758 3720 1804 3769 p.
1829 3710 1939 3767 419,
1967 3707 2048 3756 ubi
2071 3708 2277 3757 ὁδοποιοὶ
2297 3713 2643 3760 memorantur.
2675 3736 2739 3746 —
2773 3708 3049 3773 δρύφακτοι]
3071 3709 3119 3758 h.
3141 3711 3173 3760 Ι.
3203 3716 3316 3763 sunt

1757 3778 1817 3826 τὰ
1833 3783 1925 3827 τῶν
1942 3778 2330 3842 οἰκοδομημάτων
2373 3780 2590 3843 ἐξέχοντα
2626 3782 2736 3837 ξύλα
2773 3779 2960 3842 (schol.
2993 3779 3134 3829 Arist.
3165 3785 3311 3846 vesp.

1761 3852 1878 3908 385,
1918 3851 2004 3911 Eq,
2043 3850 2192 3911 672),
2231 3848 2379 3898 latine
2416 3851 2680 3900 Moeniana
2695 3888 2711 3912 ,
2748 3848 2885 3898 nobis
2907 3847 3131 3898 boleons.
3175 3853 3314 3913 Apud

1762 3916 2161 3968 Pseudo-Aristot.
2197 3919 2372 3967 OEcon.
2395 3921 2438 3967 ll
2460 3954 2474 3978 ,
2494 3931 2539 3967 c.
2568 3927 2596 3969 5
2625 3919 2818 3981 Hippias
2844 3920 3059 3976 πωλῆσαι
3080 3918 3232 3969 fertur
3253 3924 3313 3970 τὰ

1758 3987 2044 4050 ὑπερέχοντα
2067 3993 2159 4036 τῶν
2187 3989 2409 4051 ὑπερῴων
2423 3991 2486 4045 εἰς
2499 3990 2579 4045 τὰς
2598 3990 2821 4051 δημοσίας
2841 3988 2988 4041 ὁδούς.
3010 3990 3236 4038 Ceterum
3251 4004 3313 4040 ex

1759 4058 1996 4120 excerptis
2029 4058 2203 4123 nostris
2233 4060 2364 4120 patet
2401 4058 2698 4109 Heraclidem
2727 4058 2793 4106 ita
2821 4070 2921 4106 rem
2944 4056 3228 4120 instituisse,
3256 4064 3315 4108 ut

1758 4122 1968 4186 primum
1986 4126 2232 4189 historiam
2261 4128 2620 4179 Atheniensium
2648 4128 2766 4189 reip.
2788 4137 2945 4187 usque
2964 4124 3024 4174 ad
3052 4138 3139 4174 sua
3159 4127 3314 4188 ipsius

1756 4197 1975 4257 tempora
1995 4198 2240 4246 enarraret
2253 4234 2276 4259 ,,
2288 4211 2347 4246 ac
2364 4200 2471 4247 tum
2488 4197 2685 4248 demum
2701 4196 2761 4246 de
2777 4195 2971 4257 singulis
2991 4195 3107 4257 reip.
3124 4195 3311 4246 institn-

1757 4264 1819 4314 tis
1839 4266 2108 4316 accuratius
2129 4270 2405 4330 exponeret.
2422 4297 2484 4309 -
2511 4272 2584 4317 11.
2604 4272 2697 4316 τῶν
2716 4268 2763 4316 ἐν
2781 4271 2848 4327 τῷ
2866 4266 2999 4327 δεσμ-
3024 4265 3042 4329 ]
3066 4269 3242 4316 ΑΒσΡ
3260 4274 3312 4320 et

1759 4348 1906 4397 marg.
1920 4349 1958 4399 p
1973 4352 1987 4397 ς
2002 4342 2096 4386 τῶν
2114 4337 2441 4400 δεσμωτηρίων
2456 4336 2664 4390 abcefet
2679 4349 2764 4399 pr.
2781 4347 2847 4399 ρί
2866 4341 2958 4384 τῶν
2978 4338 3229 4398 δεσμωτῶν
3253 4341 3305 4388 d.

1757 4431 1820 4445 -
1854 4406 2168 4468 θεσμοθετικοί
2206 4405 2294 4470 οἳ]
2331 4405 2713 4467 Schneidewin.;
2759 4406 3071 4467 θεσμοθετικοί
3104 4406 3308 4469 (θεσμο·

1756 4476 1933 4531 τητικοί
1956 4476 2010 4524 C.
2029 4476 2048 4537 )
2070 4476 2149 4523 καί
2169 4478 2214 4524 οἰ
2239 4478 2339 4535 ΑΟ,
2362 4477 2629 4537 θεσμοθέται
2654 4476 2734 4523 καὶ
2753 4477 2797 4523 οἰ
2816 4475 3001 4535 reliqui.
3025 4476 3223 4537 Cragius
3248 4478 3313 4529 de

1757 4555 1846 4591 suo
1858 4541 2055 4592 dederat
2074 4544 2203 4592 ἐννέα
2224 4545 2440 4608 ἄρχοντες
2463 4545 2529 4593 ὧν
2547 4545 2847 4606 θεσμοθέται;
2877 4542 2989 4593 hinc
3007 4545 3072 4592 ὧν
3095 4545 3309 4607 θεσμοθέ·

1755 4628 1832 4662 ται
1852 4612 1933 4677 [ἐξ]
1953 4613 2084 4663 dedit
2122 4617 2362 4677 corayus,
2385 4616 2698 4678 proposuerat
2728 4614 2962 4664 Koelerus.
2990 4615 3309 4666 Thesmothe-

1756 4684 1917 4733 tarum
1948 4696 2124 4733 nomen
2171 4683 2253 4734 do·
2269 4684 2494 4734 omnihus
2522 4697 2697 4734 novem
2729 4683 3038 4733 archontibus
3067 4685 3308 4737 interdum

1758 4753 1975 4814 usurpari
1994 4753 2135 4803 docet
2153 4752 2312 4803 Meier.
2330 4754 2379 4803 in
2390 4753 2642 4814 Philoloy.
2665 4752 2917 4813 Bloetter(
2938 4756 3100 4815 1817),
3119 4754 3235 4806 fasc.
3263 4767 3304 4816 1,

1756 4834 1806 4885 p.
1836 4828 1941 4872 102.
1976 4825 2035 4873 V.
2061 4823 2213 4872 schol.
2246 4824 2390 4874 Arist.
2413 4825 2542 4874 Plut.
2565 4828 2674 4885 277,
2700 4825 2840 4884 vesp.
2868 4825 2975 4871 775.
3013 4823 3088 4873 cs.
3111 4826 3304 4877 Btrckh.

1757 4894 1814 4941 c.
1835 4895 1933 4953 1.1,
1953 4906 2000 4955 p.
2022 4896 2132 4955 440;
2154 4893 2314 4943 Meier.
2339 4896 2441 4944 Alc.
2468 4896 2677 4942 Prozess
2698 4904 2745 4955 p.
2778 4896 2836 4940 59
2858 4907 2872 4950 ;
2892 4891 3195 4941 Schoemann.
3219 4897 3308 4943 Jns

1756 4960 1890 5023 publ.
1910 4976 1961 5025 p.
1984 4965 2103 5022 2433
2139 4965 2399 5013 Hermann.
2434 4962 2682 5025 Λῆψις
2722 4964 2827 5021 138,
2864 4967 2937 5010 10.
2974 4964 3079 5022 134,
3120 4965 3168 5021 43
3194 4964 3308 5012 We-

1756 5035 2017 5082 stermann.
2041 5032 2104 5082 ad
2139 5032 2378 5083 Plutarch.
2406 5031 2570 5083 Solon.
2598 5038 2675 5093 25,
2704 5045 2803 5092 quo
2829 5030 2937 5078 loco
2972 5029 3034 5079 de
3055 5032 3156 5093 ipso
3182 5032 3307 5091 jura-

1757 5105 1920 5151 mento
1944 5109 2036 5152 τῶν
2063 5104 2350 5166 θεσμοθετῶν
2372 5116 2529 5152 sermo
2561 5106 2649 5151 est.
2689 5102 2762 5151 Cl'.
2786 5101 2982 5151 aristot.
3009 5102 3068 5149 tr.
3113 5106 3164 5151 13
3181 5138 3196 5162 ,
3222 5103 3306 5153 ubi

1757 5172 1974 5224 citandus
1990 5176 2095 5224 erat
2114 5173 2249 5225 locus
2284 5173 2490 5224 Pollucis
2511 5175 2647 5228 vm,
2689 5179 2748 5223 85
2777 5192 2787 5219 z
2810 5172 2991 5233 ὤμνυον
3025 5173 3070 5219 οἰ
3090 5172 3304 5234 ἄρχοντες

3100 5264 3144 5303 u
