3900 6042
1440 496 1924 558 FRAGMENTA.

812 617 867 673 5.
890 637 938 673 a.

179 738 364 794 Schol.
414 737 697 791 Theocrit.
741 739 812 810 V,
865 734 931 791 15
981 698 1000 790 Ξ
1055 731 1403 813 Νυμφόδωρος
1456 732 1511 791 δὲ
1558 733 1649 792 καὶ

3168 514 3278 562 377

2459 619 2559 695 (8.)

1814 738 1975 794 Idem
2000 739 2167 806 VIII,
2201 745 2233 803 l,
2269 758 2282 791 ε
2315 744 2390 793 Ae
2427 741 2850 813 Nymphodorus·
2875 743 3203 811 Syracusius
3225 752 3284 801 in

108 819 435 900 Θεόφραστός
485 842 609 899 φασι
659 825 749 878 τοῦ
788 820 1043 900 Κράθιδος
1090 819 1150 877 τὸ
1202 818 1339 899 ὕδωρ
1378 818 1646 888 ξανθίζειν.
1741 828 1880 882 libro
1918 829 2188 880 Asiatica.-
2227 830 2598 897 navigationis
2635 845 2746 881 non
2792 829 2867 882 ab
2913 828 3276 897 Athamante,

113 909 314 981 Supple
349 904 448 972 τὰς
479 906 674 984 τρίχας.
703 908 844 963 Vide
886 910 1118 964 Aristot.
1148 909 1276 966 Μὶν.
1325 927 1475 966 ausc.
1514 908 1652 978 183;

112 995 477 1067 Theophrast.
501 1012 591 1067 ap.
623 995 829 1049 AElian.
864 994 937 1054 N.
982 1000 1051 1052 A.
1082 994 1230 1063 XII,
1272 993 1381 1061 363
1411 995 1651 1069 Plinius,

118 1080 334 1150 XXXI,
370 1098 427 1134 a.

857 1187 912 1242 6.

182 1305 383 1360 AElian.
415 1305 488 1361 N.
525 1307 592 1359 A.
633 1304 794 1373 XVI,
834 1302 905 1369 34
940 1301 1337 1383 ;·Νυμφόδωρος
1374 1301 1514 1380 λέγει
1552 1301 1650 1374 τὴν

121 1388 297 1467 Σαρδὼ
335 1379 473 1446 εἶναι
505 1388 819 1467 θρεμμάτων
861 1388 1064 1468 μητέρα
1104 1389 1324 1467 ἀγαθήν.
1365 1389 1657 1466 Θαυμάσαι

121 1475 168 1534 ὀὶ
192 1475 325 1543 ἄξιον
342 1473 508 1533 τίκτει
534 1479 664 1554 ζῷον
686 1474 783 1541 τὰς
801 1465 952 1554 αἶγας
975 1476 1108 1546 αὕτη
1126 1499 1140 1512 ·
1162 1476 1256 1544 τὰς
1281 1475 1384 1555 γάρ
1408 1498 1487 1534 τοι
1506 1474 1657 1556 δορὸς

120 1571 212 1627 τοῖς
242 1560 538 1641 ἐπιχωρίοις
576 1561 733 1638 (τοὺς
767 1562 1076 1640 ἐπιχωρίως
1103 1563 1337 1642 Ebert.)
1365 1566 1654 1640 ἠσθῆτθαι,

121 1649 199 1706 καὶ
220 1640 345 1708 εἶναι
368 1653 539 1705 ταῦτα
578 1647 778 1717 σκέπην
795 1671 810 1684 ·
841 1649 933 1706 καὶ
956 1648 1039 1707 διὰ
1065 1653 1322 1728 χειμῶνος
1351 1650 1446 1725 μὲν
1475 1650 1658 1708 ἀλεαί-

122 1758 233 1810 νειν,
269 1733 455 1815 ψύχειν
500 1733 555 1793 δὲ
591 1738 644 1793 ἰν
686 1738 763 1815 τῷ
805 1735 974 1815 θέρει,
1017 1736 1169 1816 φύσει
1207 1737 1307 1795 τινὶ
1349 1735 1656 1817 ἀπορρήτῳ.

126 1821 514 1901 Συμπεφυκέγαι
555 1821 612 1878 δὲ
658 1821 761 1899 ἄρα
804 1826 917 1888 ταῖς
945 1823 1119 1901 δοραῖς
1163 1822 1255 1881 καὶ
1303 1824 1515 1902 πήχεως
1562 1822 1657 1893 τὴν

123 1907 288 1986 τρίχα·
314 1914 403 1966 τοῦ
431 1907 734 1987 φορήματος
762 1906 817 1966 δὲ
850 1908 952 1988 ἄρα
982 1908 1166 1967 τούτου
1197 1906 1331 1967 ἔοικε
1358 1914 1550 1988 χρῆναι
1572 1907 1657 1966 διὰ

130 1993 213 2069 μὲν
236 1999 323 2053 τοῦ
350 2000 551 2073 κρυμοῦ
582 1994 674 2060 τὰς
696 1994 877 2073 τρίχας
900 1996 951 2061 ἰς
978 1994 1065 2053 τὸν
1093 1999 1272 2075 χρῶτα
1299 1994 1656 2076 ἀποστρέφειν,

127 2081 203 2139 διὰ
227 2088 310 2139 τοῦ
339 2081 512 2160 θέρους
536 2080 591 2140 δὲ
618 2080 747 2158 ἔξω,
785 2087 832 2140 εἰ
869 2082 1048 2159 με’λλοι
1072 2086 1099 2140 ὁ
1125 2082 1414 2160 ἡσθημίνρς
1443 2080 1528 2140 διὰ
1562 2082 1656 2166 μὲν

130 2173 211 2225 τοῦ
248 2174 442 2248 κρυμοῦ
489 2167 814 2245 θάλπεσθαι,
842 2165 936 2226 ’διὰ
980 2168 1035 2226 δὲ
1075 2172 1167 2226 τοῦ
1202 2168 1376 2249 θέρους
1412 2167 1486 2245 μὴ
1528 2169 1659 2226 ἀπο·

132 2253 396 2329 πνίγεσθαι.

195 2345 273 2397 De
294 2342 607 2399 Sardorum
645 2345 935 2399 mastrucis
954 2345 1028 2402 cs.
1056 2345 1387 2418 wesseling.
1414 2341 1487 2397 ad
1512 2343 1655 2397 Dio-

133 2427 243 2484 dor.
272 2432 334 2497 V,
358 2429 447 2486 15.
470 2431 721 2485 Miinter.
751 2430 923 2488 Sara.
948 2431 1110 2486 Idole
1133 2448 1193 2503 p.
1227 2448 1299 2485 22
1320 2447 1430 2502 sq„
1455 2429 1660 2484 citante

132 2515 338 2574 Eberto.

840 2600 939 2680 (7·)

201 2722 365 2778 Natal.
397 2723 559 2778 Com.
606 2723 843 2796 Mythol.
884 2725 1001 2794 lx,
1046 2742 1081 2778 2
1123 2743 1138 2779 :
1186 2725 1439 2779 Narrant
1480 2722 1662 2777 Oresti

136 2820 247 2878 post
272 2811 423 2864 illam
445 2811 659 2865 caedem
692 2811 841 2865 diem
868 2811 1074 2865 dictam
1091 2808 1277 2880 fuisse
1310 2810 1466 2883 apud
1487 2812 1659 2863 Areo·

133 2898 359 2964 pagitas,
402 2908 464 2950 ut
491 2901 667 2951 sensit
702 2896 1147 2969 Nymphodorus,
1198 2897 1273 2951 ab
1308 2895 1646 2967 Erinnyhus,

141 2981 389 3038 ultricibus
410 2985 706 3049 scelerum,
743 2994 803 3035 ut
826 2999 961 3037 vero
994 2984 1399 3054 Dionysiocles,
1437 2999 1476 3035 a
1514 2982 1657 3053 Tyn-

143 3066 291 3133 daro,
330 3081 493 3141 patre
546 3069 1009 3140 Clytaemnes-tras,
1065 3081 1129 3123 at
1174 3087 1309 3124 vero
1366 3072 1662 3138 Amor-gius

141 3151 443 3224 Simonides,
489 3157 567 3211 ab
591 3157 856 3227 Erigone,
890 3155 1129 3231 AE'gisthi
1149 3167 1208 3211 et
1228 3156 1663 3228 Cirtcemnestroe

132 3237 264 3309 filia.
305 3241 455 3296 Idem
492 3243 573 3298 ib.
612 3261 628 3300 ε
672 3244 795 3297 Alii
834 3244 985 3297 istud
1021 3248 1198 3316 ipsum
1250 3240 1363 3317 (sc.
1410 3243 1661 3296 Orestem

141 3327 334 3382 sanitati
369 3332 691 3384 restitutum
734 3331 893 3405 esse)
933 3334 1106 3400 juxta
1150 3328 1421 3399 Gytheum
1459 3345 1658 3381 sarum

148 3417 408 3487 contigisse
433 3428 767 3483 memorant,
817 3417 966 3489 quod
1006 3416 1251 3470 Otiosum
1273 3414 1352 3490 (i.
1392 3433 1443 3472 e.
1481 3411 1658 3491 Ἀργὸν

148 3491 281 3550 Λίθον
303 3499 319 3571 )
358 3513 632 3555 vocarunt
643 3520 665 3567 ,-
693 3520 861 3575 super
888 3521 994 3576 quo
1028 3503 1122 3556 ubi
1157 3503 1381 3556 sedisset
1408 3501 1649 3569 Orestes,

137 3578 242 3647 fuit
279 3586 349 3639 ab
391 3592 613 3642 insania
655 3589 934 3656 liberatus,
995 3601 1060 3644 ut
1106 3595 1192 3644 ait
1236 3587 1660 3661 Nymphodorus

143 3668 437 3738 Syracusius
460 3680 518 3729 in
544 3671 854 3752 Περίπλῳ
878 3679 990 3729 sive
1012 3676 1384 3746 Navigatione
1402 3714 1418 3742 ,
1441 3685 1497 3727 et
1515 3673 1664 3727 Pau-

145 3762 321 3811 sanias
354 3764 410 3814 in
435 3764 728 3817 Laconicis
754 3759 773 3835 (
802 3763 922 3831 111,
953 3779 1056 3829 aa,
1094 3780 1146 3835 1,
1177 3761 1275 3815 ubi
1309 3778 1364 3813 v.
1399 3759 1659 3828 Siebelis3

148 3840 207 3897 cf.
231 3843 296 3901 Ο.
321 3847 537 3903 Miiller.
569 3849 805 3903 Eumen.
834 3866 896 3922 p.
941 3854 1050 3921 149
1072 3847 1111 3922 ).
1138 3849 1272 3918 Quae
1298 3847 1492 3920 priore
1530 3845 1659 3900 loco

146 3926 330 3986 Natalis
353 3933 540 4004 affert,
572 3934 772 3989 eadem
798 3935 1063 4008 leguntur
1088 3952 1178 4006 ap.
1210 3935 1389 3990 Tzetz.
1420 3931 1493 3987 ad
1519 3934 1656 4006 Lyc.

148 4030 199 4083 p-
233 4015 366 4086 1374
397 4018 488 4093 (p.
522 4020 673 4076 1016
702 4020 777 4075 ed
801 4021 961 4076 Milli.
982 4020 1033 4094 )‚
1064 4039 1183 4075 non
1209 4019 1445 4074 laudatis
1478 4030 1662 4073 tamen

152 4104 473 4173 auctoribus,
513 4125 659 4180 quos
692 4116 891 4180 suopte
929 4108 1154 4181 ingenio
1191 4116 1431 4179 nugator
1470 4116 1662 4160 noster

151 4185 422 4246 addiderit.
438 4193 636 4266 Neque
673 4194 849 4248 altero
877 4193 1006 4247 loco
1031 4191 1425 4266 Nymphodori
1450 4192 1662 4246 mentio

149 4275 365 4342 genuina
401 4295 512 4333 esse
538 4279 676 4333 mihi
702 4278 927 4334 videtur
953 4280 1011 4334 in
1040 4278 1157 4334 dies
1183 4279 1357 4353 magis
1385 4278 1663 4333 dubitanti

154 4373 273 4495 Eum
305 4379 530 4434 usquam
576 4365 775 4420 Comes
817 4365 998 4420 fontes
1026 4365 1257 4433 adierit,
1291 4365 1388 4437 qui
1418 4382 1520 4418 nos
1546 4362 1663 4434 jam

199 4453 346 4503 [eant.

154 4606 689 4732 ζῑζθᾘιοάφὴευυε
717 4611 841 4661 AEoli
860 4615 1083 4675 nepotem
1104 4626 1205 4663 esse
1221 4614 1272 4663 et
1303 4612 1442 4674 Mylis
1463 4611 1663 4661 heroum

834 4777 944 4828 58.

208 4862 547 4926 Nymphodorus
566 4874 614 4921 et
628 4873 980 4935 Theophrastus
996 4872 1233 4922 Crathidis
1252 4885 1424 4936 aquam
1444 4872 1567 4921 ssavo
1580 4885 1664 4922 oo·

160 4932 245 4983 ⁸⁰‘0
262 4938 277 4998 (
287 4946 463 5004 eom-⁸)
482 4945 658 5009 unm
675 4952 887 4998 narrant.

872 5047 923 5095 6.

214 5137 455 5192 Sardiniam
473 5147 705 5207 pecudum
724 5150 957 5212 optimam
973 5163 1074 5200 esse
1095 5155 1339 5213 parentem
1363 5151 1666 5213 ΝἴωΡίὶθῦῡ·

1735 919 1840 972 sed
1854 914 2125 988 asur-iata
2140 919 2247 971 Ino
2263 919 2506 970 saevitum
2524 933 2642 971 esse
2660 921 2876 989 scripsit
2887 918 3109 989 infilios
3118 960 3133 986 ,
3161 938 3288 993 quoe

1738 1017 1795 1059 et
1822 1004 2127 1058 Learclmm
2163 1014 2219 1058 et
2235 1004 2584 1058 Melicertam
2613 1005 2987 1075 trucidaverit,
3009 1025 3078 1059 ac
3084 1019 3289 1079 postea

1737 1093 2117 1165 desperatione
2147 1102 2318 1165 capta
2355 1095 2412 1144 in
2451 1109 2606 1146 mare
2634 1092 2886 1146 insilierit
2914 1094 2984 1147 ob
3006 1099 3289 1167 impatien-

1742 1184 1879 1233 tiam
1916 1180 2155 1244 doloris,
2187 1189 2246 1231 ut
2272 1177 2348 1231 ibi
2379 1174 2764 1247 suffocaretur.
2801 1181 2932 1233 Haec
2961 1179 3216 1236 Natalem
3258 1201 3291 1237 e

1739 1266 1914 1323 schol.
1952 1267 2145 1336 Eurip.
2191 1263 2343 1320 Med.
2382 1282 2528 1333 127²
2560 1282 2684 1336 sqq.
2715 1267 3023 1336 consuisse,
3055 1280 3288 1323 consuta

1741 1350 1958 1406 dedisse
2005 1350 2450 1425 Nymphodoro,
2506 1360 2658 1406 recte
2708 1353 2826 1406 sine
2875 1351 3052 1407 dubio
3101 1356 3291 1409 statuit

1747 1438 1934 1496 Eheu-t.

2489 1567 2544 1622 9.

1820 1674 2013 1747 Steph.
2043 1675 2172 1746 Byz.
2200 1690 2214 1730 t
2247 1669 2496 1750 Ἀθύρας,
2523 1669 2742 1730 ἐπίνειον
2781 1671 2871 1730 καὶ
2896 1673 3133 1752 ποταμὸς
3167 1677 3290 1756 περὶ

1740 1757 1803 1816 τὸ
1828 1757 2130 1842 Βυζάντιον.
2159 1755 2317 1834 Ἔστι
2340 1756 2394 1814 δὲ
2428 1757 2518 1815 καὶ
2547 1758 2772 1824 Σκυθίας
2800 1759 3033 1834 ποταμὸς
3058 1759 3287 1843 Ἀθύρας,

1740 1848 1811 1911 ὡς
1846 1845 2220 1923 Νυμφόδωρος.
2256 1878 2334 1888 ——
2373 1848 2458 1902 De
2497 1847 2711 1921 Athyra
2742 1849 2989 1904 Thraciae
3024 1848 3200 1906 fluvio
3231 1871 3287 1910 ν.

1743 1933 1887 1987 Plin.
1920 1933 2016 2000 IV,
2059 1951 2157 2000 ¹13
2184 1930 2425 1988 Ptolem.
2453 1933 2571 2006 111,
2604 1950 2702 1999 ¹13
2740 1934 2802 1987 P.
2834 1935 2977 1989 Mela
3012 1937 3100 2003 11,
3128 1955 3190 2006 a,
3220 1939 3287 2007 63

1743 2019 2004 2093 Agathias
2023 2019 2168 2091 Imp.
2189 2019 2388 2075 Justin.
2413 2021 2476 2086 V,
2503 2037 2561 2092 p.
2596 2017 2724 2088 158,
2752 2020 2825 2093 C;
2850 2022 3096 2076 Eustath.
3118 2023 3190 2078 ad
3218 2023 3288 2079 ll.

1746 2106 1815 2175 Κ,
1838 2124 1895 2179 p.
1931 2104 2042 2168 804
2061 2145 2078 2173 ,
2117 2104 2186 2159 32
2205 2146 2220 2172 ,
2244 2104 2354 2162 Od.
2388 2093 2439 2178 1⁵,
2473 2124 2531 2177 p.
2571 2105 2735 2176 1627,
2763 2104 2818 2162 5.
2848 2131 2873 2156 «ι
2898 2108 3294 2182 Nymphodori

1744 2193 1997 2265 Athyran
2041 2209 2243 2247 vereor
2285 2210 2355 2247 ne
2400 2192 2651 2247 invenire
2696 2211 2815 2248 non
2850 2196 3082 2267 possim.
3129 2198 3293 2253 Putet

1745 2280 1946 2351 aliquis
1993 2278 2210 2332 nullum
2260 2287 2462 2351 praeter
2506 2277 2803 2333 Thracium
2853 2279 2966 2335 dici
3006 2282 3291 2356 Athym,

1745 2384 1920 2438 quum
1942 2365 2423 2438 septemtrionales
2448 2375 2503 2419 et
2529 2365 2669 2420 Asiae
2715 2375 2771 2420 et
2810 2368 3051 2440 Europa
3092 2374 3293 2444 populi

1744 2470 1885 2525 sape
1936 2452 2221 2508 communi
2270 2451 2600 2523 Scytharum
2643 2453 2872 2507 nomine
2914 2456 3287 2526 appellentur.

1742 2540 1873 2594 Non
1899 2538 2139 2594 deerunt
2160 2539 2326 2592 etiam
2358 2539 2455 2610 qui
2483 2537 2557 2592 de
2593 2534 2769 2613 Τύρας
2801 2540 3080 2612 cogitent,
3119 2560 3290 2614 quem

1744 2623 2189 2698 Nymphodorus
2225 2632 2322 2678 aut
2347 2624 2542 2678 inscite
2581 2623 2902 2679 confuderit
2926 2644 3054 2680 cum
3079 2623 3291 2707 Ἀθύρᾳ,

1745 2723 1843 2767 aut
1867 2711 2034 2766 docte
2067 2711 2145 2766 ita
2168 2711 2525 2783 nuncuparit.
2556 2710 2755 2766 Suidas
2773 2711 2835 2765 in
2865 2710 3129 2788 Μοργούς·
3157 2711 3294 2772 οὕτω

1745 2797 1963 2854 καλοῦσι
1985 2794 2102 2861 τοὺς
2133 2793 2418 2873 ἄμοργοὺς,
2443 2792 2504 2852 τὸ
2542 2817 2577 2851 α
2604 2796 2967 2874 ἀφαιροῦντες,
2994 2794 3172 2878 ὥσπερ
3202 2800 3293 2860 καὶ

1747 2882 1828 2939 ἔπ’
1856 2879 2055 2940 dums-
2100 2886 2296 2961 μα’ὗρον
2330 2881 2431 2961 γὰρ
2458 2879 2519 2940 τὸ
2555 2881 2809 2961 ἀμαυρὸν,
2835 2881 2925 2940 καὶ
2950 2883 3197 2963 σφόδελον
3233 2885 3294 2945 τὸ

1747 2967 2027 3046 ἀσφόδελον
2068 2970 2335 3027 καλοῦσιν.
2377 2973 2595 3027 Horum
2646 2972 2899 3026 omnium
2945 2973 3086 3028 nihil
3135 2974 3297 3033 facile

1744 3061 1990 3133 placeat;
2011 3060 2072 3113 in
2099 3076 2215 3131 quo
2247 3059 2385 3113 mihi
2422 3069 2573 3115 certe
2597 3060 2858 3114 solatium
2877 3059 3030 3117 haud
3056 3080 3294 3135 parvum

1746 3145 2087 3201 haesitantem
2129 3146 2297 3199 etiam
2333 3146 2535 3201 vidisse
2573 3146 2981 3203 Casaubonum.
3019 3148 3295 3206 Videlicet

1746 3233 2069 3287 Holstenius
2108 3231 2181 3287 ad
2218 3232 2369 3287 hunc
2408 3234 2679 3306 Stephani
2713 3235 2902 3288 locum
2938 3253 3046 3310 pro
3072 3234 3298 3300 Σκυθίας

1746 3320 2136 3376 Casanbonum
2182 3317 2421 3373 affirmat
2460 3318 2652 3393 legisse
2684 3316 2925 3383 Σικελίας
2962 3338 2977 3377 :
3018 3339 3141 3393 quae
3176 3320 3295 3376 dno

1746 3408 1976 3461 nomina
2014 3423 2144 3461 sane
2178 3406 2484 3479 permutari
2517 3415 2774 3479 potuere.
2809 3409 3017 3463 Verum
3057 3408 3298 3480 Athyras

1747 3494 1966 3550 Siculus
1988 3504 2084 3547 aut
2107 3493 2380 3547 rarissime
2399 3502 2494 3546 aut
2519 3509 2790 3564 nusquam
2819 3495 3066 3549 occurrit
3097 3513 3112 3547 ε
3141 3497 3293 3549 teeti-

1745 3579 1852 3635 bus
1877 3579 2156 3652 Hesychio
2178 3597 2235 3636 v.
2257 3575 2458 3656 Τηρίας
2474 3622 2492 3650 ,
2514 3578 2755 3634 Diodor.
2776 3580 2927 3650 xlv,
2955 3587 3021 3646 14
3044 3621 3059 3650 ,
3088 3581 3295 3650 XXII,

1750 3684 1806 3734 a,
1837 3667 2019 3721 Plinio
2048 3667 2132 3721 111
2149 3707 2166 3735 ,
2199 3664 2255 3735 8,
2282 3666 2340 3720 in
2368 3665 2553 3721 Sicilia
2578 3677 2699 3720 erat
2721 3664 2925 3721 fluvius
2945 3663 3168 3742 Τηρίας,
3198 3670 3297 3742 qui

1751 3754 1886 3809 olim
1912 3754 2059 3809 male
2087 3753 2137 3810 T
2140 3738 2281 3831 υρίας
2318 3753 2626 3826 appellatus
2652 3764 2752 3808 ost.
2789 3754 3067 3824 Quocirca
3095 3756 3139 3810 si
3169 3774 3296 3810 cnm

1749 3842 1887 3896 alius
1899 3841 2127 3895 homine
2150 3839 2339 3894 farinae
2351 3840 2442 3894 hic
2465 3857 2716 3914 agerem,
2740 3840 2892 3895 haud
2914 3841 3298 3897 erubescerem

1750 3928 1970 3997 dicere,
2002 3938 2190 3983 natam
2231 3945 2353 3983 eam
2380 3927 2760 3999 conjecturam
2790 3946 2904 3983 esse
2940 3945 2972 3984 e
2998 3947 3297 4002 perperam

1750 4017 2045 4071 intellectis
2066 4016 2331 4088 Procopii
2357 4014 2545 4069 verbis
2566 4017 2651 4069 De
2677 4013 2824 4072 aedis.
2854 4015 3054 4069 Justin.
3085 4015 3181 4082 IV,
3214 4014 3248 4070 8
3277 4034 3292 4069 τ

1748 4105 1836 4156 τοῦ
1863 4097 1917 4157 δὲ
1937 4097 2046 4168 Ῥη
2061 4097 2124 4176 γί
2133 4122 2202 4158 ου
2230 4097 2466 4156 ἐπέκεινα
2485 4098 2634 4164 πόλις
2655 4097 2765 4155 lor(
2783 4119 2881 4154 που
2903 4096 3113 4176 Ἀθύρας
3134 4096 3296 4173 ὄνομα

1750 4187 1893 4256 mk,
1941 4188 2042 4242 ubi
2085 4187 2378 4243 manifesto
2420 4186 2628 4241 dicitur
2659 4186 2937 4260 Rhegium
2983 4187 3298 4242 Constanti-

1750 4275 1946 4348 nopoli
1971 4275 2217 4328 vicinum
2241 4297 2265 4321 ιο
2287 4275 2504 4328 Enitar.
2525 4272 2609 4330 cf.
2632 4271 2905 4328 Mannert.
2932 4273 3139 4347 Geogr.
3161 4275 3290 4343 VII,

1749 4379 1808 4434 p.
1854 4379 1982 4430 172.

1829 4447 1916 4501 De
1944 4447 2045 4501 Cio
2071 4445 2215 4500 urbe
2238 4463 2270 4500 a
2292 4444 2638 4517 Polyphemo
2674 4444 2901 4500 condita
2933 4445 3063 4501 vide
3094 4446 3292 4520 fragm.

1749 4606 1985 4657 stimentis
2001 4605 2230 4668 indigena!
2242 4607 2441 4654 utantur
2456 4622 2471 4665 ;
2490 4608 2685 4668 tamque
2702 4606 2900 4656 mirifica
2917 4609 3100 4657 natum
3114 4607 3161 4656 vi
3179 4621 3299 4670 esse,

1750 4686 1806 4732 ut
1824 4683 2021 4732 hiberno
2049 4685 2263 4744 tempore
2283 4681 2591 4743 calefaciant,
2625 4684 2792 4733 aestivo
2812 4685 3112 4746 refriget-eun
3132 4686 3297 4734 simul-

1751 4773 1846 4823 que
1869 4760 1917 4810 in
1961 4760 2018 4809 iis
2052 4760 2165 4822 ipds
2190 4759 2391 4821 pellibus
2415 4760 2563 4808 cubiti
2600 4761 2891 4822 longitudine
2923 4762 3040 4823 pilon
3079 4763 3256 4811 innasci
3285 4782 3296 4810 :

1751 4840 1895 4899 atque
1912 4837 1955 4885 ei
1970 4836 2053 4897 qui
2067 4836 2124 4885 iis
2137 4835 2331 4884 indutus
2340 4835 2500 4897 suerit,
2519 4836 2559 4885 si
2573 4836 2879 4886 commodum
2893 4836 3129 4900 videatur,
3147 4851 3298 4901 quum

1752 4916 1823 4962 est
1846 4912 2011 4974 frigida
2032 4914 2311 4974 tempestas,
2335 4911 2456 4974 pilos
2476 4911 2539 4961 ad
2562 4926 2736 4975 corpus
2771 4914 3034 4974 convertit,
3065 4917 3119 4963 ut
3152 4915 3215 4964 ab
3242 4916 3301 4964 iis

1754 4990 1957 5038 calescat
1972 5005 1988 5049 ;
2007 5001 2157 5051 quum
2172 4991 2334 5037 autem
2352 4990 2424 5037 ent
2436 4991 2593 5051 aestas,
2608 4989 2818 5049 invertit,
2837 5002 2898 5039 ne
2908 4990 3066 5038 calore
3079 4994 3296 5041 vexetur.

1818 5152 2021 5213 Athyras
2035 5188 2051 5213 ,
2069 5151 2238 5201 navale
2254 5156 2303 5200 et
2323 5151 2496 5202 tluvius
2511 5153 2572 5201 ad
2592 5153 2887 5214 Byzantium.
2927 5157 3004 5203 Est
3023 5154 3165 5204 etiam
3189 5159 3294 5218 Scy-

164 5219 237 5260 rus
254 5214 431 5277 scribit,
452 5234 699 5290 capraupw
721 5239 997 5287 procreare,
1021 5239 1224 5288 quarum
1250 5226 1448 5288 pellibus
1474 5240 1559 5289 pro
1586 5242 1665 5282 w-
1757 5228 1870 5278 tliiae
1894 5232 1953 5289 (ἒ)
1979 5229 2153 5278 navius
2178 5230 2408 5291 Athyras,
2434 5234 2486 5279 ut
2507 5230 2883 5292 Nymphodorus.
