3900 6042
1558 429 2064 492 FRAGMENTA.

184 577 295 630 quo
324 559 609 630 Syncellm
632 558 904 629 loquitur,
936 555 1088 612 haud
1124 558 1296 632 magis
1324 547 1396 614 ad
1428 558 1723 616 Manetho-

181 663 305 699 nem
324 656 579 698 nostrum
597 646 880 717 pertinere
900 663 1068 716 quam
1088 648 1334 702 carmina
1349 643 1722 721 Ἀποτελεσμα-

180 729 319 802 τικὰ,
341 749 465 803 quae
484 732 611 785 item
635 748 703 785 ex
728 733 1056 785 Hermeticis
1077 734 1224 786 stelis
1241 731 1459 788 fluxisse
1480 736 1723 807 itemque

180 819 475 872 Ptolemaeo
526 818 926 890 (Philadelpho
947 815 965 892 )
1012 837 1043 873 a
1090 819 1423 875 Manethone
1470 820 1723 875 dedicata

179 922 287 959 esse
312 904 570 959 feruntur
596 903 685 978 (Ἴ.
715 896 1150 977 V.‘Apotelesm.
1179 906 1283 963 lib.
1313 908 1501 963 Vinit.
1540 926 1552 959 :

254 1027 343 1095 Ἐξ
368 1027 567 1086 ἀδύτων
594 1030 746 1107 ἱερῶν
776 1028 989 1106 βίὸλων,
1022 1030 1234 1105 βασιλεῦ
1268 1033 1562 1105 Πτολεμαῖε
1581 1076 1595 1101 ,

251 1115 339 1173 καὶ
364 1114 634 1192 κρυφίμων
662 1117 883 1187 στηλῶν,
914 1114 970 1180 ἃς
1001 1106 1185 1193 εὕρατο
1212 1116 1471 1195 πάνσοφος
1493 1115 1715 1196 Ἑρμῆς.

252 1206 511 1262 Ceterum
540 1207 612 1261 ad
650 1206 889 1261 Sotheos
926 1206 1132 1260 librum
1169 1207 1539 1278 probabiliter
1578 1208 1720 1262 refe-

176 1291 345 1347 renda
387 1304 517 1347 sunt
553 1312 674 1365 quae
715 1291 1052 1346 lamblichus
1096 1290 1211 1367 (De
1252 1295 1416 1364 Myst.
1448 1295 1606 1364 vm,
1654 1294 1716 1368 1)

178 1379 247 1433 de
279 1397 467 1434 rerum
496 1380 667 1433 initiis
692 1379 961 1433 disserens
982 1378 1146 1433 affert
1169 1380 1284 1432 haec
1320 1398 1331 1431 :
1365 1375 1478 1441 Τὰς
1508 1375 1601 1447 μὲν
1633 1369 1719 1435 οὖν

175 1461 293 1530 ὅλας
316 1466 418 1538 (sc.
441 1461 606 1542 ἀρχὰς
632 1461 854 1540 Ἑρμῆς)
888 1466 940 1520 ἐν
963 1462 1073 1527 ταῖς
1089 1462 1377 1540 δισμυρίαις
1406 1462 1624 1540 βίὸλοις,
1653 1469 1721 1531 ὡς

177 1550 425 1616 Σέλευκος
469 1550 817 1630 ἀνεγράψατο,
853 1547 888 1619 ἢ
929 1552 983 1608 ἰν
1024 1550 1136 1609 ταῖς
1175 1550 1498 1628 τρισμυρίαις
1532 1574 1589 1607 τε
1632 1552 1719 1609 καὶ

175 1636 380 1715 ἰξακισχ
382 1637 484 1695 ιλία
494 1661 535 1703 ις
551 1636 640 1695 καὶ
658 1635 1016 1700 πεντακοσίαις
1033 1636 1123 1695 καὶ
1137 1638 1304 1694 εἴκοσι
1323 1632 1477 1694 πέντε
1498 1638 1719 1713 (36525

171 1726 380 1796 =25><
395 1745 416 1779 1
432 1726 537 1790 461
564 1727 581 1800 )
602 1767 618 1794 ,
643 1726 712 1789 ὣς
734 1726 986 1788 Μανεθῶς
1002 1724 1215 1801 ἱστορεῖ,
1236 1721 1423 1788 τελέως
1448 1722 1715 1790 ἀνέδειξεν.

173 1812 255 1868 cf.
298 1813 531 1870 Boeckh.
574 1831 636 1885 p.
686 1813 773 1869 16.
815 1814 925 1866 Tot
959 1813 1131 1883 igitur
1164 1812 1451 1866 volumina
1489 1814 1721 1869 Hermes

174 1899 387 1972 scripsit
401 1924 429 1971 ‚·
441 1910 585 1970 quot
609 1917 786 1953 annos
802 1894 1029 1971 periodi
1052 1896 1321 1953 Sothiacae
1338 1898 1536 1972 viginti
1558 1902 1720 1971 quin-

175 2002 281 2056 que
315 1987 609 2040 continent
626 2028 643 2057 ‚
679 1997 846 2057 atque
883 2001 1059 2059 regno
1091 1984 1489 2059 AEgyptiorum
1526 1985 1722 2041 tribuit

173 2082 363 2136 auctor
383 2072 649 2127 Chronici
666 2073 897 2127 Veteris.

249 2161 369 2214 Jam
396 2177 537 2214 vero
573 2160 859 2232 Syncellus
885 2167 1183 2231 postquam
1207 2159 1459 2232 apposita
1486 2159 1719 2232 epistola

179 2264 277 2301 nos
312 2246 383 2301 de
417 2258 750 2320 argumento
789 2246 1025 2301 Sotheos
1066 2246 1197 2300 libri
1237 2242 1497 2313 edocuit,
1535 2249 1718 2320 pergit

171 2330 313 2387 hunc
341 2333 399 2387 in
419 2332 660 2387 modum
685 2349 699 2389 ε
736 2328 886 2390 Μετὰ
909 2330 964 2387 δὲ
984 2335 1146 2387 ταῦτα
1170 2328 1260 2387 καὶ
1288 2328 1407 2406 περὶ
1434 2332 1536 2386 τῶν
1561 2332 1715 2387 ἐθνῶν

169 2418 536 2492 Αἰγυπτιακῶν
563 2415 715 2474 πέντε
739 2419 791 2474 ἐν
816 2414 1092 2493 τριάκοντα
1128 2414 1451 2481 δυναστείαις
1486 2414 1713 2493 ἱστορεῖ,

168 2504 264 2559 τῶν
292 2502 582 2580 λεγομένων
608 2502 733 2581 παρ’
761 2505 937 2567 αὐτοῖς
965 2505 1091 2560 θεῶν
1119 2499 1209 2560 καὶ
1243 2500 1468 2576 ἡμιθέων
1504 2501 1594 2558 καὶ
1629 2523 1708 2559 νε·

170 2586 298 2647 κῦων
338 2591 428 2649 καὶ
455 2593 676 2661 θνητῶν.
758 2591 1080 2647 Secundum
1108 2593 1225 2646 haec
1256 2593 1428 2666 igitur
1465 2590 1712 2647 Pseudo·

170 2678 424 2735 Manetho
459 2697 584 2733 non
624 2679 800 2733 modo
830 2677 949 2755 περὶ
972 2680 1073 2734 τῶν
1108 2676 1399 2752 μελλόντων
1427 2678 1503 2756 τῷ
1530 2673 1713 2754 κόσμῳ

168 2764 420 2839 γίγνεσθαι
445 2767 739 2839 exposuit,
767 2766 865 2821 sed
897 2767 1063 2821 etiam
1090 2784 1280 2821 rerum
1302 2766 1710 2839 praeteritarum

172 2854 428 2909 rationem
456 2853 658 2908 habuit
679 2863 847 2925 atque
878 2864 1163 2925 tempora,
1189 2870 1292 2926 per
1329 2870 1449 2925 quae
1477 2870 1711 2927 regnum

168 2938 554 3014 AEgyptiorum
568 2942 801 3013 steterit,
813 2940 1130 3013 singillatim
1149 2941 1443 2995 recensuit.
1463 2941 1712 3012 Eamque

169 3026 321 3082 finisse
344 3027 589 3100 Syncelli
606 3027 935 3080 sententiam
955 3027 1043 3081 vel
1060 3024 1193 3081 inde
1211 3025 1531 3095 concludas,
1554 3026 1710 3099 quod

166 3114 237 3168 sic
253 3112 471 3168 demum
492 3113 850 3185 perspicitur,
879 3128 980 3166 cur
1003 3114 1236 3168 omnino
1257 3124 1456 3167 auctor
1480 3112 1551 3167 de
1578 3124 1723 3192 tem·-

165 3199 388 3271 poribus
411 3198 803 3274 AEgyptiorum
833 3197 1238 3272 disputaturus,
1269 3199 1359 3266 τῆς
1387 3195 1590 3263 Σώθεος
1626 3201 1709 3275 βί-

168 3282 284 3342 6λου
309 3289 656 3343 mentionem
691 3286 903 3340 fecerit.
989 3290 1061 3341 At
1086 3304 1222 3340 num
1248 3304 1381 3341 vere
1406 3305 1496 3341 res
1534 3288 1611 3340 ita
1650 3307 1707 3342 se

165 3370 383 3448 babeat,
408 3393 480 3429 an
499 3373 819 3445 Syncellus‚
844 3372 909 3426 iis
932 3390 1055 3445 quae
1086 3374 1145 3427 in
1173 3372 1333 3428 sonte
1354 3392 1456 3428 sno
1483 3371 1579 3445 (in
1603 3373 1700 3429 Pa-

168 3459 383 3516 nodoro
401 3502 418 3529 ‚
449 3461 621 3536 puta)
652 3461 890 3532 reperit,
921 3478 1219 3533 perperam
1247 3461 1567 3528 intellectis,
1612 3461 1705 3514 di-

165 3564 312 3605 versa
339 3565 572 3622 prorsus
606 3565 807 3619 opera,
846 3545 1462 3602 Pseudo-Manethonis
1499 3548 1706 3601 scilicet

165 3630 233 3686 de
263 3633 493 3689 Sothide
530 3633 737 3687 librum
779 3643 947 3705 atque
992 3633 1344 3688 Manethonis
1380 3630 1555 3686 libros
1595 3644 1701 3687 tres

164 3716 545 3791 Αἰγυπτιακῶν,
572 3719 632 3774 in
653 3737 827 3773 unum
865 3730 1073 3773 temere
1097 3717 1485 3790 conjunxerit,
1519 3737 1550 3773 a
1576 3719 1700 3791 ple-

164 3804 340 3877 risque
387 3804 707 3861 dubitatum
752 3814 849 3861 est.
891 3805 1011 3879 Ego
1052 3822 1153 3859 cur
1202 3804 1311 3858 hoc
1351 3804 1481 3857 loco
1532 3802 1701 3859 fidem

163 3887 395 3960 syncelli
447 3902 506 3945 et
547 3888 825 3961 judicium
874 3901 1280 3962 suspectemus,
1328 3890 1468 3943 nihil
1513 3884 1698 3946 videO.

162 4047 238 4109 qui
272 4061 434 4101 sensus
465 4062 634 4099 earum
670 4048 796 4099 notis
825 4049 974 4100 literis
1001 4050 1362 4113 hiemglypliicis
1397 4051 1698 4112 exprimeret.

164 4121 278 4168 Fuse
314 4133 372 4168 ac
411 4119 687 4169 doctissime
720 4119 781 4168 de
812 4120 886 4169 his
919 4120 1144 4169 disseruit
1178 4124 1375 4169 Movers.
1422 4125 1437 4180 (
1466 4124 1697 4171 Untersu·

161 4186 385 4250 chunqen
402 4190 531 4238 iiber·
557 4188 639 4237 dte
659 4190 886 4249 Reliqion
904 4201 957 4237 ιι.
981 4187 1032 4237 d.
1066 4188 1350 4238 Gomzeilen
1369 4188 1461 4238 der
1485 4189 1699 4239 Phoeni-

162 4260 264 4305 zier-
284 4262 383 4308 mic
402 4257 677 4308 lim-lutek!
696 4256 802 4318 aus
812 4259 894 4306 die
918 4257 1250 4306 ver-wandten
1291 4259 1436 4307 Culte
1456 4257 1548 4307 der
1574 4261 1702 4307 Car·

163 4325 351 4388 maycr,
370 4330 640 4390 Δωρίαν,
664 4330 756 4376 etc.
778 4330 931 4377 Bonn.
962 4330 1095 4387 1841,
1115 4339 1164 4388 p.
1194 4334 1279 4375 105
1291 4340 1394 4389 sqq.
1413 4330 1461 4376 et
1474 4328 1645 4388 passim
1663 4329 1696 4387 ).

159 4395 408 4446 cnldeler.
433 4396 738 4459 Hermapion.
762 4396 979 4458 Append.
1002 4409 1049 4457 p.
1077 4402 1131 4454 ὃς
1148 4396 1341 4446 Boeckh.
1364 4395 1396 4444 l.
1422 4397 1454 4444 l.
1477 4410 1524 4458 p.
1552 4403 1621 4446 17.
1639 4426 1698 4437 .-

160 4466 374 4515 Ceterum
392 4466 499 4516 haec
516 4465 557 4516 si
570 4466 670 4515 sola
687 4468 957 4526 exstarent,
979 4465 1218 4527 juniorem
1239 4467 1415 4522 Σώθεος
1432 4467 1592 4528 βίδλου
1610 4469 1700 4515 ori·

159 4533 471 4595 ginemhsud
506 4534 788 4597 probarent,
818 4547 968 4596 quum
1004 4547 1172 4595 parum
1205 4533 1414 4595 liqueat,
1453 4547 1702 4596 quousque

161 4603 395 4652 Ptolemaei
422 4607 466 4654 11
493 4606 635 4653 aetate
652 4604 776 4652 docti
797 4605 1001 4664 theologi
1030 4603 1079 4651 in
1100 4603 1439 4664 conjungendis
1458 4604 1696 4653 variarum

159 4673 360 4733 gentium
391 4672 825 4736 mythologumenis
846 4673 1076 4736 progressi
1103 4672 1212 4721 sint.
1278 4673 1368 4721 cui
1398 4671 1591 4734 quidem
1628 4674 1698 4722 u-

160 4740 372 4790 hularum
393 4743 611 4792 mixtioni
629 4740 740 4792 inde
757 4743 818 4792 ab
837 4741 1092 4793 Alexandri
1114 4742 1410 4803 temporibus
1428 4745 1531 4790 tum
1554 4743 1702 4792 totius

159 4810 283 4859 orbis
302 4814 541 4860 terrarum
574 4811 782 4860 conditio
798 4848 813 4873 ,
846 4814 951 4861 tum
986 4811 1202 4873 inprimis
1225 4810 1385 4860 studia
1415 4810 1694 4861 Ptolemaio-

160 4891 263 4927 rnm
284 4892 566 4942 magnopere
583 4881 822 4930 favebant.

216 4948 281 5009 (¹¹)
303 4952 373 4997 De
383 4949 831 4999 auctoribuseorum
846 4950 1027 5011 (neque
1043 4949 1171 4997 enim
1188 4948 1251 4997 ab
1271 4962 1365 4997 una
1377 4962 1521 4997 manu
1540 4950 1700 4998 omnia

158 5014 363 5075 profecta
397 5018 542 5079 sunt)
596 5031 644 5067 r.
685 5021 796 5067 Axt.
840 5020 889 5067 et
935 5018 1109 5080 Rigler.
1146 5020 1197 5067 in
1235 5018 1347 5066 edit.
1397 5018 1694 5081 Ἀποτελεσμ.

160 5084 399 5140 (coloniae
418 5093 535 5136 18³2
552 5088 569 5148 )
585 5100 634 5149 p.
654 5090 867 5137 xxxiv.
890 5089 966 5137 cf.
992 5087 1361 5149 Hengstenberg.
1392 5091 1478 5137 Die
1502 5088 1699 5138 Bucher

158 5155 310 5202 Moses
332 5155 445 5203 und
464 5157 733 5218 AEyypten,
754 5171 799 5218 p.
827 5161 933 5205 219.

433 5243 711 5280 nse-asra
734 5245 852 5280 uusr.
873 5246 953 5280 mi.
986 5260 1036 5267 —
1069 5240 1243 5282 ιοι..ἰι.

3245 457 3353 506 513

1816 565 1999 620 Facile
2040 568 2302 640 equidem
2341 572 2595 627 concedo
2629 574 2727 628 tibi
2766 572 3012 632 Sothidis
3047 581 3192 635 libro
3233 601 3358 635 cum

1814 650 2164 708 Manethonis
2199 674 2372 728 opere
2405 657 2672 713 historico
2715 661 2850 714 nihil
2883 681 2994 718 esse
3035 684 3358 737 commune,

1817 756 2154 812 quamquam
2181 744 2299 815 ipse
2326 746 2491 799 etiam
2513 748 2778 800 Manetho
2808 750 2864 802 in
2888 751 3130 810 historiis
3154 760 3263 812 suis
3290 760 3361 814 de

1814 827 2056 896 periodo
2082 830 2336 884 Sothiaca
2357 871 2374 901 ,
2402 831 2560 903 cujus
2577 853 2693 888 non
2715 846 2935 906 poterat
2953 858 3071 895 non
3088 845 3359 900 rationem

1816 912 2050 981 habere,
2094 919 2429 988 exposuerit.
2511 920 2661 988 Quid
2707 940 2839 976 vero
2878 928 3061 997 cogit,
3103 942 3167 984 ut
3210 936 3360 1005 apud

1816 997 2135 1069 Syncellum
2158 1002 2198 1058 1.
2227 1003 2266 1058 l.
2294 1002 2365 1057 de
2389 1005 2744 1062 Manethonis
2766 1006 3139 1080 Αἰγυπτιακοῖς
3160 1015 3364 1085 cogite·

1816 1087 1973 1139 mus?
1995 1089 2197 1144 Nonne
2225 1091 2541 1162 complures
2569 1092 2947 1165 dynastiarum
2972 1096 3226 1154 laterculi
3258 1103 3360 1156 sub

1816 1172 2164 1229 Manethonis
2184 1178 2414 1231 nomine
2437 1179 3006 1236 circumferebantur?
3029 1186 3246 1240 Horum
3268 1189 3364 1261 igi·

1819 1267 1908 1310 tur
1930 1277 2075 1314 unus
2106 1263 2270 1316 etiam
2302 1264 2538 1318 Sotheos
2561 1266 2711 1321 libro
2738 1270 2825 1322 vel
2857 1270 3092 1326 insertus
3135 1274 3223 1326 vel
3257 1276 3355 1328 ad-

1809 1342 1988 1412 jectus
2014 1346 2207 1415 fuerit,
2235 1367 2305 1403 eo
2333 1350 2486 1404 haud
2513 1350 2684 1406 dubie
2710 1356 2940 1408 consilio
2965 1397 2981 1423 ,
3006 1368 3069 1411 ut
3097 1360 3356 1415 ostende-

1813 1439 1902 1483 ret
1942 1443 2159 1501 auctor,
2195 1452 2494 1507 quamnam
2521 1440 2634 1491 vim
2664 1441 2932 1511 periodus
2964 1443 3054 1497 illa
3097 1444 3353 1502 So‘thiaca

1814 1516 1874 1568 in
1934 1522 2322 1575 conversiones
2377 1540 2568 1577 rerum
2626 1525 2998 1581 humanarum
3053 1544 3356 1590 exerceret.

1814 1601 1981 1656 Unde
1996 1608 2356 1679 consequitur
2368 1620 2620 1682 tempora
2641 1613 3035 1685 AEgyptiorum
3053 1618 3112 1669 in
3131 1635 3198 1671 eo
3211 1618 3359 1672 libro

1813 1688 1889 1743 ita
1916 1687 2078 1746 fuisse
2101 1692 2370 1749 adornata
2389 1736 2405 1765 ,
2436 1705 2500 1749 ut
2538 1709 2751 1751 certum
2786 1701 3068 1770 quendam
3095 1705 3358 1775 periodo·

1813 1794 1939 1829 rum
1976 1797 2272 1837 numerum
2296 1783 2585 1855 explerent
2620 1782 2708 1860 (Ἴ.
2740 1788 2824 1840 Ex
2853 1787 2955 1841 hac
2985 1789 3157 1859 igitur
3203 1804 3359 1864 parte

1813 1863 2136 1920 Chronicon
2154 1868 2906 1927 Pseudo-Manethonianum
2931 1894 3271 1948 componere
3293 1880 3355 1932 li·

1813 1960 1900 2003 cet
1938 1970 2067 2006 cum
2104 1954 2387 2010 Chronico
2426 1960 2654 2028 Vetere,
2693 1963 2752 2013 in
2778 1979 2892 2033 quo
2921 1980 3092 2035 regna
3123 1964 3358 2020 deorum

1812 2046 1867 2090 et
1882 2041 2205 2097 mortalium
2231 2043 2786 2115 comprehenduntur
2822 2047 3084 2119 dynastiis
3105 2052 3328 2123 triginta
3344 2097 3358 2120 ‚

1811 2127 1967 2181 annis
1984 2145 2120 2182 vero
2153 2128 2340 2184 36525
2364 2131 2477 2184 sive
2511 2128 2843 2196 254-1461.
2928 2136 3286 2208 Quapropter
3314 2142 3357 2192 si

1810 2210 2100 2282 Syncellus
2119 2233 2180 2287 p.
2216 2211 2280 2269 51
2318 2214 2389 2271 de
2412 2218 2608 2272 Vetere
2633 2218 2744 2272 hoc
2767 2219 3047 2275 Chronico
3072 2223 3241 2277 verba
3272 2223 3356 2278 sa-

1810 2298 1960 2352 ciens
1979 2299 2115 2355 dicit
2148 2321 2163 2355 ε
2191 2299 2424 2378 Φέρεται
2444 2301 2569 2379 παρ’
2593 2303 2896 2378 Αἰγυπτίοις
2915 2307 3138 2363 παλαιόν
3166 2331 3215 2364 τι
3233 2330 3356 2386 χρο·

1808 2391 2111 2461 νογραφεῖον
2137 2384 2188 2452 ἐξ
2207 2378 2265 2442 οὗ
2288 2387 2377 2443 καὶ
2398 2385 2483 2443 τὸν
2506 2390 2730 2446 Μανεθῶ
2752 2392 3113 2459 πεπλανῆσθαι
3132 2399 3355 2470 νομίζω,

1809 2480 1865 2523 et
1885 2473 2078 2543 paullo
2113 2486 2241 2546 post
2278 2494 2291 2529 ε
2324 2471 2393 2533 ‘O
2424 2472 2523 2552 γὰρ
2551 2474 2676 2553 παρ’
2705 2478 3075 2553 Αἰγυπτιακοῖς
3103 2482 3358 2555 ἐπισημό-

1806 2578 1961 2623 τατος
1988 2561 2213 2617 Μανεθῶ
2239 2560 2358 2639 περὶ
2382 2564 2485 2618 τῶν
2513 2564 2682 2621 αὐτῶν
2709 2563 2755 2621 λ’
2785 2567 3093 2624 δυναστειῶν
3129 2569 3353 2647 γράψας,

1808 2644 1866 2701 ἐκ
1882 2643 2077 2702 τούτων
2106 2646 2304 2718 δηλαδὴ
2327 2646 2504 2706 λαὸὼν
2525 2648 2618 2715 τὰς
2639 2650 2873 2730 ἀφορμὰς
2888 2696 2904 2724 ,
2928 2653 3065 2710 κατὰ
3088 2654 3217 2712 πολὺ
3243 2657 3348 2713 δια·

1806 2740 1964 2809 φωνεῖ
2003 2734 2121 2810 περὶ
2149 2733 2265 2801 τοὺς
2289 2735 2503 2813 χρόνους
2533 2737 2654 2817 περὶ
2689 2745 2854 2796 ταῦτα
2893 2760 2907 2798 :
2938 2743 3110 2798 facilis
3150 2745 3349 2816 conje-

1806 2831 1962 2876 ctura
1974 2833 2054 2876 est
2064 2824 2357 2880 referenda
2371 2827 2491 2882 haec
2502 2845 2612 2883 esse
2625 2827 2695 2882 ad
2709 2829 3353 2899 Pseudo-Manethonem,

1803 2909 1895 2977 τῆς
1925 2906 2125 2974 Σώθεος
2152 2908 2331 2986 βίὸλου
2352 2925 2659 2972 auctorem.
2747 2915 2928 2989 quue
2945 2918 3031 2972 vel
3052 2937 3120 2973 eo
3141 2918 3352 2974 confir-

1803 3007 2006 3066 matur,
2031 2997 2188 3070 quod
2216 2999 2728 3057 Pseudo-Manetho
2743 3042 2762 3068 ,
2797 3003 2998 3058 eodem
3031 3006 3207 3061 modo
3236 3025 3351 3079 quo

1805 3084 1970 3138 Vetus
2008 3084 2329 3140 Chronicon
2349 3127 2365 3155 ,
2401 3088 2625 3161 triginta
2663 3089 2925 3162 dynastiis
2954 3102 3009 3145 et
3035 3095 3350 3149 mortalium

1803 3180 1859 3223 et
1908 3172 2311 3227 immortalium
2354 3192 2528 3247 regna
2577 3177 3061 3249 comprehendisse
3114 3179 3349 3253 dicitur,

1802 3258 1938 3312 dum
1960 3259 2080 3313 veri
2109 3261 2459 3316 Manethonis
2487 3263 2712 3336 triginta
2742 3264 3003 3335 dynastiae
3030 3270 3248 3326 nonnisi
3278 3268 3350 3323 ad

1802 3346 2062 3400 mortales
2080 3348 2381 3419 pertinent.
2460 3350 2639 3404 Porro
2665 3352 2810 3403 utin
2839 3354 3034 3407 Vetere
3067 3354 3350 3409 Chronico

1800 3442 2158 3486 recensentur
2207 3435 2525 3488 mortalium
2572 3447 2627 3490 et
2678 3437 3074 3493 immortalium
3122 3457 3348 3512 genera·
3423 3426 3436 3439 “

1802 3519 1979 3572 tiones
2033 3538 2054 3572 1
2073 3519 2171 3587 13,
2219 3522 2295 3575 sic
2336 3522 2499 3575 etiam
2539 3523 3057 3579 Pseudo-Manetho
3117 3525 3346 3580 totidem

1795 3608 2181 3679 generationes
2235 3627 2549 3665 numerasse
2608 3611 2846 3678 dicitur,
2891 3622 3025 3677 teste
3086 3612 3346 3685 Syncello

1798 3693 1832 3748 l.
1851 3694 1890 3746 l.
1912 3695 2161 3749 Ulterius
2177 3696 2293 3750 haec
2315 3696 2509 3767 paullo
2534 3697 2675 3752 infra
2699 3717 3122 3770 prosequemur.
3182 3702 3344 3755 Nunc

1801 3779 1909 3833 hoc
1957 3798 2134 3837 unum
2185 3784 2463 3837 monuisse
2505 3784 2781 3840 referebat
2800 3830 2814 3853 ,
2861 3784 3098 3841 Sotheos
3140 3787 3347 3842 librum

1794 3866 2067 3936 sequioris
2094 3885 2208 3921 esse
2232 3870 2433 3941 aetatis,
2455 3887 2638 3941 neque
2662 3871 2779 3924 ullo
2803 3872 2977 3926 modo
2997 3892 3124 3927 cum
3151 3875 3344 3927 Mane·

1762 4022 1767 4027 Ι
1794 3951 1978 4005 thonis
2005 3952 2159 4008 libris
2183 3954 2358 4009 tribus
2382 3955 2751 4028 Αἰγυπτιακῶν
2788 3958 3259 4031 conjungendum.

1872 4039 2129 4094 Ceterum
2156 4044 2201 4095 si
2233 4044 2471 4096 Sotheos
2498 4043 2624 4096 libri
2650 4054 2938 4097 auctorem
2964 4045 3342 4101 Pseudo—Ma·

1791 4126 2094 4182 nethonem
2147 4129 2321 4184 modo
2364 4130 2665 4202 appellavi,
2711 4148 2828 4183 non
2880 4131 2954 4184 ita
2996 4142 3178 4185 tamen
3228 4133 3340 4188 hoc

1792 4211 2096 4286 intelligas,
2147 4216 2299 4286 quasi
2342 4217 2557 4286 reliqua
2594 4233 2714 4285 quae
2745 4234 2815 4270 ex
2849 4217 3185 4272 Manethone
3220 4230 3337 4274 tra-

1793 4297 2023 4369 duntur,
2062 4302 2248 4354 omnia
2286 4319 2415 4356 vere
2452 4302 2882 4357 Manethoniana
2928 4315 3122 4361 essent.
3159 4294 3358 4361 Immo·
3425 4308 3442 4322 ⁶

1794 4403 1916 4457 quae
1955 4405 2024 4442 ex
2059 4388 2426 4461 Αἰγυπτιακῶν
2457 4390 2612 4443 libris
2638 4390 2790 4462 apud
2828 4392 3163 4463 Josephum,
3189 4394 3331 4448 Afri-

1790 4491 2023 4543 canum,
2063 4474 2362 4530 Eusebium
2380 4516 2395 4543 ,
2425 4476 2741 4549 Syncellum
2766 4478 3025 4546 citantur,
3048 4489 3340 4553 tantopere

1791 4560 1935 4615 inter
1972 4578 2030 4615 se
2054 4560 2351 4633 differunt,
2383 4573 2448 4617 ut
2485 4582 2654 4618 nemo
2681 4582 2801 4618 non
2840 4564 3025 4620 videat
3054 4565 3338 4638 dynastia-

1790 4664 1913 4701 rum
1954 4649 2380 4703 adornationem
2418 4638 2792 4722 numerosque
2819 4670 3124 4725 regnorum
3161 4672 3335 4708 anno·

1853 4809 1916 4869 θ’)
1942 4811 2018 4859 Cf.
2044 4810 2265 4872 Scaliger.
2287 4810 2347 4859 ad
2372 4812 2543 4861 huseb.
2570 4825 2617 4873 p.
2639 4817 2730 4861 408
2753 4826 2764 4855 ε
2798 4832 2819 4855 «-
2853 4812 3090 4862 videntur
3123 4816 3326 4876 AEgyptii

1788 4892 2024 4928 annorum
2056 4892 2251 4929 suorum
2272 4881 2502 4942 epocham
2537 4881 2851 4930 certissimam
2876 4883 2969 4931 ἀπὸ
2991 4890 3070 4941 τῆς
3099 4887 3334 4942 Σωθιακῆς

1786 4949 2000 5013 περιόδου
2032 4948 2328 5011 repetivisse,
2366 4955 2421 5000 ut
2452 4951 2699 5001 manifesto
2731 4951 2968 5014 colligitur
2997 4966 3059 5003 ex
3089 4954 3335 5004 clemente

1789 5020 1922 5068 Alex.
1948 5022 2158 5078 (strom.
2182 5023 2228 5081 1,
2248 5033 2299 5082 p.
2326 5027 2416 5070 ³55
2431 5023 2448 5081 )
2464 5058 2478 5082 ,
2507 5034 2664 5083 neque
2684 5021 2852 5071 dubito
2869 5024 2951 5081 τὴν
2976 5025 3153 5081 Σώθεος
3177 5024 3334 5086 βίὸλον

1785 5094 1867 5137 τοῦ
1889 5091 2085 5138 Μανεθῶ
2107 5089 2168 5138 ab
2186 5089 2352 5138 eodem
2373 5089 2508 5139 initio
2525 5102 2689 5152 regum
2711 5103 2907 5140 suorum
2926 5091 3164 5153 dynastias
3180 5092 3333 5141 dedu·

1789 5169 1925 5206 xime.
1952 5178 1974 5201 υ

2989 5290 3039 5327 33
