3900 6042
390 426 397 431 ’
499 441 610 491 5⁴⁸

363 1737 393 1757 Q

1597 429 2095 491 MANETHONIS
2134 429 2608 512 SEBssNNYTAE

485 563 699 628 cheres,
751 566 849 635 qui
888 560 1178 616 manifesto
1211 559 1553 634 respondent
1580 561 2031 619 Eratosthenicis.
2121 580 2298 617 unum
2319 581 2390 617 ex
2415 561 2754 618 Soserteseni
2786 560 3118 631 maja-ibus,
3145 576 3391 631 eumque
3411 560 3581 614 simul
3603 560 3692 615 al·-

484 651 704 706 Nomen
751 651 990 703 Rasesur
1023 647 1363 720 insculptum
1403 658 1484 701 est
1512 648 1794 720 lapidibus
1838 649 2036 705 mediae

484 736 841 810 pyramidum
870 754 1091 802 earum,
1122 753 1245 807 quae
1271 744 1397 788 sunt
1436 734 1509 789 ad
1533 736 1738 790 Abusir
1764 738 2033 807 (Bunsen.

486 843 545 896 p.
566 825 642 897 98
663 825 701 896 ).
735 824 821 878 lbi
845 824 1015 897 igitur
1043 824 1187 895 regis
1206 822 1542 895 sepulcrum.
1574 823 1734 878 Idem
1753 842 1962 879 nomen
1980 826 2037 878 in

488 929 686 984 campo
726 911 1019 983 sepulcrali
1047 927 1230 982 prope
1263 909 1583 981 pyramides
1606 911 1928 966 Gizeliinnas
1948 914 2037 967 le-

487 1001 640 1073 gitur
682 1000 759 1053 sic
812 1018 825 1052 :
871 999 1298 1052 RA-N—SESE
1316 999 1389 1054 R.
1434 999 1693 1071 Denique
1731 1001 2038 1055 Eumenius

489 1084 861 1159 fragmentum
904 1084 1150 1157 possidet
1193 1085 1335 1157 signi
1381 1084 1539 1155 quod
1581 1087 1899 1141 Sosertesen
1938 1104 2039 1141 rex

2125 659 2248 704 tero
2275 652 2501 705 nomine
2527 650 2720 704 vocari
2746 667 2850 715 m,
2883 646 3043 721 quod
3067 665 3281 702 nomen
3306 648 3576 719 quintum
3610 659 3692 702 est

2124 738 2183 790 in
2208 738 2348 791 serie
2389 737 2746 795 Carnaciana.
2787 767 2864 779 —
2891 737 3111 809 Regnat
3135 736 3359 790 Rasosis
3383 754 3497 793 sec.
3529 736 3688 790 Erat.

2126 824 2281 877 annis
2309 822 2409 892 ¹33
2437 842 2548 877 sec.
2580 825 2731 878 Man.
2755 823 2912 877 annis
2940 821 3034 878 25.
3058 822 3384 894 Duplicasse
3407 824 3694 877 sincerum

2126 927 2422 966 numerum
2454 910 2848 967 Manethonem
2872 909 3179 963 Bunsenius
3198 909 3393 963 statuit
3419 905 3533 978 (25
3553 931 3637 956 =
3654 926 3691 960 2

2141 1005 2191 1056 ><
2215 1015 2280 1050 ι2
2309 1015 2397 1052 an.
2426 1007 2482 1050 et
2505 994 2531 1019 *
2547 1014 2748 1052 menss.
2769 998 2822 1070 >3
2849 994 3114 1068 idemque
3141 995 3329 1050 valere
3360 994 3434 1049 de
3461 1005 3692 1068 tempo-

2127 1083 2283 1137 ribus
2309 1084 2455 1157 regis
2478 1085 2790 1155 sequentis,
2822 1083 2913 1137 cui
2935 1082 3330 1137 Eratosthenes
3365 1081 3574 1136 tribuit
3597 1100 3691 1136 an.

491 1169 665 1246 (dyn.
692 1171 839 1243 ΧΠ)
869 1169 1149 1225 dedicavit
1154 1176 1344 1243 patri,
1372 1172 1455 1224 uti
1484 1173 1772 1243 inscriptio
1796 1171 1914 1243 ejus
1930 1172 2029 1227 do·
2138 1187 2237 1237 10,
2267 1170 2532 1225 Manetho
2556 1188 2647 1224 an.
2677 1188 2773 1227 22.
2801 1171 3153 1242 Quamquam
3180 1187 3405 1224 causam
3423 1167 3696 1223 idoneam

490 1269 600 1315 cet.
622 1260 839 1313 Nomen
857 1275 993 1311 vero
1013 1261 1195 1330 patris
1222 1258 1283 1310 in
1306 1275 1423 1311 uno
1450 1258 1592 1331 signi
1620 1258 1793 1313 latere
1822 1268 1903 1313 est
1925 1263 2037 1328 An,
2132 1255 2295 1327 hujus
2317 1256 2711 1329 duplicationis
2729 1257 2790 1312 h.
2816 1257 2857 1310 l.
2886 1255 3168 1316 desidero,

490 1347 550 1398 in
563 1345 739 1399 altero
759 1346 1141 1399 Κώεω-ηψπ.
1165 1344 1468 1415 Quomodo
1490 1344 1561 1398 de
1584 1345 1669 1399 his
1685 1346 2042 1401 statuendum

2210 1344 2316 1400 IX.
2350 1346 2544 1400 Nonus
2569 1361 2697 1411 rex,
2717 1346 2915 1415 Bessrtes
2940 1361 3047 1399 sec.
3074 1343 3228 1398 Erat.
3245 1385 3263 1413 ,
3289 1343 3560 1398 Biz-heris
3581 1361 3696 1397 sec.

489 1433 592 1499 sit,
639 1430 795 1486 haud
836 1442 1022 1504 patet,
1070 1450 1247 1503 quum
1285 1433 1438 1486 varia
1469 1433 1775 1505 excogitari
1806 1435 2038 1504 possint.
2132 1430 2282 1487 Man.
2317 1428 2442 1501 (IV,
2475 1429 2564 1501 6).
2586 1431 2737 1485 Alibi
2766 1447 3040 1502 nusquam
3062 1432 3328 1485 occurrit.

492 1513 648 1565 Inter
674 1527 738 1565 ea
768 1510 1074 1566 Bunsenius
1104 1508 1200 1585 (p.
1234 1508 1341 1584 70)
1368 1511 1534 1563 etiam
1553 1510 1665 1564 hoc
1690 1512 1878 1583 posuit
1905 1531 1919 1564 ε
1948 1514 2040 1566 in-

2210 1517 2389 1588 Igitur
2414 1516 2663 1589 dynastia
2684 1519 2845 1571 tertia
2864 1518 3025 1588 juxta
3048 1517 3361 1589 dynastiam
3379 1516 3699 1572 secundnm

492 1596 857 1671 telligendum
883 1595 1117 1652 sortasse
1145 1614 1258 1651 esse
1286 1605 1539 1650 nostrum
1568 1614 1756 1670 regem
1784 1599 2033 1666 Rasa-ur,
2129 1619 2368 1675 regnans
2395 1621 2462 1659 ex
2487 1605 2748 1659 Bunsenii
2771 1605 3083 1659 rationibus
3104 1605 3181 1659 ita
3205 1622 3265 1659 se
3290 1603 3468 1659 habet
3501 1622 3518 1658 ε

712 1882 907 1921 nuum
913 1882 1001 1921 ms.
1284 1878 1291 1883 '
1308 1883 1373 1920 ΒΕ
1380 1881 1718 1920 ΔΤΟΒΤΗΕΝΕΒ.

513 1935 517 1988 Ι

513 1989 520 2160 ι
547 2117 579 2148 ι.
601 2106 861 2147 Senoteherls
880 2107 909 2144 Ι.

515 2163 520 2276 ἔ

516 2287 520 2328 1

543 2374 579 2407 2.
602 2367 825 2406 Telchares
845 2367 902 2405 nl.
1154 2374 1179 2405 ο
1206 2366 1532 2406 molchos-Ares.

544 2462 580 2492 ⁸.
603 2457 825 2495 Sewl'loe'u
845 2456 875 2493 Ι.

1137 2795 1184 2825 ιο
1217 2787 1478 2833 Ani-sonum.

586 3494 812 3549 Summa
838 3484 1238 3566 annorum'ap.
1269 3493 1664 3549 Manethohem
1704 3495 1952 3551 Africani
1980 3509 2060 3553 est

505 3579 641 3638 283.
667 3581 768 3634 His
781 3580 825 3634 si
838 3578 1168 3634 subduxeris
1186 3598 1361 3634 annos
1381 3581 1453 3635 28
1470 3582 1867 3651 Necberocbis,
1890 3585 2059 3658 quip-

503 3682 577 3741 pe
601 3665 756 3736 cujus
777 3667 909 3721 anni
929 3667 989 3719 in
1014 3677 1344 3739 computum
1367 3685 1436 3721 ex
1458 3667 1718 3724 Bunsenii
1748 3671 2061 3727 rationibus

502 3753 695 3809 venire
722 3770 840 3806 non
866 3762 1124 3825 possunt,
1155 3762 1365 3808 restant
1390 3755 1523 3807 anni
1554 3751 1691 3810 255.
1718 3757 1884 3810 Hunc
1920 3775 2058 3812 vero

504 3858 803 3897 numerum
848 3851 1131 3912 tamquam
1167 3858 1438 3895 summam
1479 3859 1760 3896 annorum
1798 3842 2060 3915 dynastiae
2097 3871 2105 3889 ·

503 3931 687 3985 tertiae
732 3928 1003 4000 reperisse
1066 3927 1369 3982 Eusebium
1446 3929 1709 4001 opinatur
1758 3930 2061 3987 Bunsenius

502 4035 563 4089 p.
604 4036 625 4070 1
643 4033 710 4070 12
738 4033 825 4088 sq.
860 4011 1083 4070 Scilicet
1109 4033 1285 4070 annos
1315 4015 1454 4088 198,
1480 4033 1603 4088 quae
1628 4015 1731 4070 sub
1754 4014 1924 4071 finem
1954 4018 2061 4091 dy-

504 4105 691 4159 nastiae
731 4103 895 4176 ponit
937 4096 1234 4171 Eusebius,
1282 4104 1505 4158 nonnisi
1544 4121 1641 4158 sex
1682 4106 2059 4176 posteriorum

504 4208 703 4265 reg-um
731 4208 844 4246 esse
865 4190 1084 4258 statuit3
1106 4190 1396 4267 prioribus
1422 4200 1609 4244 autem
1640 4189 1864 4245 duobus
1887 4192 2061 4248 Euse-

503 4276 663 4332 bium
699 4277 859 4330 sicuti
881 4274 1206 4330 Africanum
1234 4293 1488 4349 expresse
1509 4277 1763 4333 tribuere
1785 4288 1961 4335 annos
1984 4281 2058 4335 28

505 4374 561 4415 et
585 4360 839 4435 29:57,
866 4361 963 4432 qui
987 4379 1115 4414 cum
1131 4380 1222 4415 an.
1249 4362 1358 4434 198
1375 4380 1647 4433 summam
1666 4361 1910 4421 efficiant
1929 4383 2057 4421 ann.

508 4445 645 4506 255.
674 4451 744 4503 At
779 4448 895 4501 haec
924 4446 1218 4502 arbitraria
1249 4459 1396 4506 sunt.
1422 4450 1563 4504 Nam
1588 4451 1859 4525 Eusebius
1884 4470 2061 4508 annos

502 4535 672 4607 primi
702 4544 757 4588 et
782 4534 1009 4589 secundi
1032 4535 1178 4608 regis
1204 4535 1433 4591 minime
1462 4538 1775 4605 annotavit,
1803 4547 1867 4591 ut
1900 4540 2058 4593 Bun-

505 4621 687 4675 senius
710 4620 961 4694 putabat.
985 4622 1168 4691 Quare
1186 4620 1327 4675 nihil
1346 4631 1455 4689 est,
1486 4624 1625 4695 quin
1643 4641 1771 4677 cum
1798 4624 2057 4696 Syncello

506 4724 681 4762 annos
721 4726 828 4780 ¹97
864 4708 1033 4762 totius
1071 4706 1335 4780 dynastiae
1365 4726 1480 4763 esse
1504 4726 1835 4765 censeamus.
1874 4712 2057 4766 Porro

506 4793 814 4849 Bunsenius
842 4793 901 4847 in
929 4811 1031 4848 suo
1060 4792 1331 4849 laterculo
1362 4796 1481 4869 regi
1507 4806 1709 4866 quarto
1734 4814 1841 4869 pro
1869 4815 1959 4852 an.
1987 4816 2056 4867 17

504 4880 705 4935 tribuit
729 4898 822 4938 an.
858 4898 930 4950 27
961 4880 1059 4953 (ut
1091 4881 1328 4955 propius
1350 4881 1423 4936 ad
1450 4883 1829 4938 Eratosthenis
1853 4901 2056 4938 nume·

502 4983 634 5020 rum
677 4962 905 5021 accedat
936 4962 1072 5042 am).
1100 4970 1309 5023 Verum
1330 4968 1440 5022 hot:
1461 4969 1507 5023 si
1528 4969 1801 5040 admittis,
1844 4989 2058 5026 summa

505 5070 782 5108 annorum
815 5070 933 5108 non
959 5065 1040 5110 est
1069 5052 1213 5123 255,
1242 5055 1342 5111 sed
1372 5053 1485 5111 265
1524 5059 1779 5125 (Erravit
1813 5060 2056 5117 Bunsen.

504 5156 562 5211 p.
600 5150 1076 5213 112,computans
1095 5142 1173 5197 sie
1206 5162 1220 5198 ι
1260 5149 1558 5210 214-1-41
1586 5166 1652 5198 =.·
1682 5143 1793 5212 245
1816 5146 2057 5221 ).Igitur

2067 1886 2330 1926 ummo.

1131 2112 1176 2144 n
1204 2104 1751 2154 Sewrehelrlfflomctielrll.
1772 2114 1817 2146 n
1844 2107 2058 2146 senochrls
2080 2109 2151 2156 (ΙΙ,
2170 2111 2209 2157 ο)
2225 2118 2270 2150 υ

1845 2194 2052 2234 euenere·
2079 2196 2145 2247 (ιι,
2166 2199 2206 2243 ο)
2226 2116 2304 2243 w}
2309 2181 2467 2196 “““““
2522 2166 2567 2197 ⁷⁸

1848 2282 2120 2322 meeber-ochi·
2140 2286 2226 2331 (ΙΙΙ,
2246 2295 2262 2325 ¹
2275 2286 2303 2333 »-

1794 2374 1819 2405 ο
1846 2370 2026 2415 Tychre·
2048 2370 2137 2417 (ΙΙΙ.
2154 2373 2205 2419 a).

1134 2457 1180 2493 ω
1207 2455 1431 2494 sesni-tous
1445 2455 1721 2503 [Gosormlesl.
1776 2464 1820 2495 so
1848 2459 2071 2496 semi-tants
2089 2459 2178 2506 (111.
2197 2461 2248 2505 a).

3214 1936 3584 1977 nummoms.

1779 2796 1825 2829 ω
1852 2789 2030 2835 scyphus
2050 2790 2148 2837 (m.
2166 2793 2218 2835 ι).

2146 3520 2269 3574 quae
2293 3503 2378 3558 his
2417 3506 2658 3561 innitens
2681 3506 2927 3580 probare
2953 3507 3142 3564 studet
3171 3526 3234 3583 p.
3283 3528 3309 3563 1
3325 3508 3397 3565 13
3417 3551 3438 3580 ,
3475 3528 3544 3568 ea
3567 3530 3707 3568 van

2144 3600 2290 3646 sunt.

2551 3724 2856 3795 QUARTA
2895 3724 3286 3784 DYNASTIA.

2877 3900 2901 3935 1
2912 3888 2943 3947 4
2954 3924 2966 3936 .

2595 4033 2742 4090 SEC.
2787 4033 3243 4093 AFRICANUM.

2224 4187 2547 4260 Syncell.p.
2576 4186 2742 4260 56‚D
2766 4209 2780 4245 t
2808 4185 3106 4266 Τετάρτῃ
3135 4189 3524 4256 δυναστεία.
3541 4197 3701 4271 Hep-

2146 4274 2342 4352 φιτῶν
2375 4273 2753 4348 συγγενείας
2777 4272 2997 4353 ἑτέρας
3022 4276 3316 4353 βασιλεῖς
3341 4277 3422 4350 η’.

2225 4358 2275 4415 α’
2318 4360 2526 4436 Σῶρις
2551 4359 2641 4430 ἔτη
2669 4359 2766 4419 κθ’.

2226 4444 2275 4524 β’
2299 4445 2532 4523 Σοῢφις
2546 4443 2635 4518 ἔτη
2652 4445 2747 4524 ξγ’·
2767 4446 2820 4513 ὃς
2839 4446 2935 4517 τὴν
2951 4448 3400 4532 μεγίστηνῆγειρα
3417 4454 3696 4533 πυραμίδα,

2145 4530 2208 4602 ἥν
2236 4554 2388 4612 φησιν
2417 4530 2690 4611 Ἡρόδοτος
2718 4535 2810 4610 (11
2828 4578 2844 4605 ,
2882 4544 2989 4602 124
3012 4534 3030 4613 )
3058 4536 3159 4595 ὑπὸ
3182 4538 3397 4606 Χέοπος
3421 4542 3692 4619 γεγονέναι.

2146 4609 2312 4684 Οὗτος
2335 4615 2389 4676 δὲ
2416 4618 2506 4676 καὶ
2534 4618 2824 4699 ὑπερόπτης
2846 4622 2916 4687 εἰς
2941 4620 3083 4689 θεοὺς
3105 4623 3316 4699 ἐγένετο
3334 4628 3429 4684 καὶ
3449 4628 3546 4697 τὴν
3566 4625 3693 4707 ἱερὸν

2146 4704 2433 4784 συνέγραψε
2454 4704 2657 4783 βίὸλον,
2681 4706 2746 4779 ἣν
2775 4710 2846 4773 ὥς
2878 4708 3016 4788 μέγα
3041 4715 3232 4790 χρῆμα
3256 4716 3312 4773 ἐν
3345 4714 3600 4795 Αἰγύπτῳ
3623 4736 3693 4790 γυ

2143 4791 2349 4870 νόμινος
2375 4792 2695 4869 ἐκτησάμην.

2223 4878 2272 4954 γ’
2304 4881 2555 4958 Σοῦφις
2581 4880 2671 4952 ἔτη
2702 4880 2802 4949 ἕσς’.

2222 4963 2268 5022 δ’
2309 4965 2649 5045 Μενχέρης
2673 4968 2762 5041 ἔτη
2791 4968 2886 5045 ξγῑ.

2223 5050 2264 5109 ε’
2306 5050 2651 5126 ‘Petreio-nc
2675 5055 2766 5128 lm
2792 5057 2890 5118 κε’.

2223 5144 2275 5211 τ’
2316 5146 2575 5227 Βίχιρις
2598 5148 2686 5222 ἔτη
2715 5149 2819 5213 κδ’.
