3900 6042
501 508 618 559 ⁴90

1627 478 2010 541 luomssNm
2073 472 2554 537 LAMPSACEM

492 624 610 677 nias
630 619 892 688 Lesbius,
919 615 1015 687 qui
1044 623 1098 667 et
1120 613 1237 685 ipse
1281 609 1489 663 librum
1510 606 1727 679 scripsit
1751 599 1884 678 Περὶ
1929 601 2048 660 Σω-
2148 599 2248 672 qui
2285 597 2378 652 vel
2413 594 2650 671 fugitivo
2690 591 2857 646 oculo
2904 589 3214 662 frag-menta
3255 586 3712 658 perlustraverit.

496 707 754 784 κρατικῶν
790 702 985 781 (Diog.
1027 702 1096 755 L.
1144 699 1247 765 VI,
1280 691 1367 769 8),
1409 693 1508 748 sed
1554 704 1620 747 ut
1652 703 1708 746 et
1736 692 1960 746 Solonis
1994 699 2050 743 et

495 791 876 850 Themistoclis
902 788 1243 842 mentionem
1268 783 1463 837 fecerit
1492 778 1574 851 (v,
1620 777 1692 833 ad
1734 779 1877 834 Plut.
1905 777 2048 831 The-

2217 687 2488 740 Praeterea
2516 680 2853 736 Idomeneus
2865 677 3084 748 scripsit
3107 674 3559 729 Samotkmcica.
3585 674 3714 728 Sui·

2139 772 2237 827 das
2263 789 2278 828 t
2313 760 2921 841 Ἰδομενεὺς,ἱστορικός·
2950 759 3141 837 ἔγραψε
3171 757 3409 834 ἱστορίαν
3439 756 3536 825 τὴν
3576 756 3717 813 κατὰ

496 883 641 935 mist.
674 898 733 952 p.
771 878 802 933 5
832 895 914 948 sq.
932 876 972 950 ).
992 876 1133 929 Item
1158 870 1473 927 Demetrius
1492 867 1788 922 Phalereus
1810 867 1867 918 in
1900 864 2049 918 libro
2141 851 2507 933 Σαμοθρᾴκην.
2535 854 2686 909 Nihil
2715 870 2785 905 ex
2807 869 2875 904 eo
2894 850 3043 903 libro
3067 854 3379 948 superstes,
3420 847 3532 900 nisi
3568 846 3720 949 sorte

499 986 668 1039 quem
714 960 997 1038 Σωκράτης
1038 960 1389 1029 inscripserat
1439 955 1611 1026 (Plut.
1650 954 1816 1009 Arist.
1857 970 1906 1008 1.
1963 946 2047 1024 18)
2139 946 2250 999 huc
2267 944 2510 1017 pertinet
2545 941 2746 1013 fragm.
2783 937 3014 1008 183ubi
3052 946 3255 990 citatur
3283 932 3349 989 Ἰ.
3383 933 3450 987 ἐν
3482 954 3720 1008 πρωτῳ

500 1052 755 1109 Aristidis
771 1050 1053 1115 meminit,
1074 1064 1256 1117 neque
1275 1046 1350 1097 ita
1367 1053 1431 1096 ut
1453 1040 1906 1095 commemorarit
1931 1048 2054 1092 tan·

2142 1031 2448 1106 Τρωικῶν
2488 1027 2560 1081 de
2604 1024 3124 1099 genealogia,·quae
3175 1024 3232 1074 in
3266 1020 3720 1076 Samothracicis

501 1153 619 1195 tum
635 1181 649 1207 ,
681 1138 778 1194 sed
796 1146 861 1192 ut
882 1137 1008 1191 satis
1033 1141 1289 1188 accurate
1311 1147 1434 1201 quae
1472 1127 1545 1182 ad
1579 1128 1747 1181 vitam
1779 1127 2053 1198 privatam
2142 1118 2351 1192 pariter
2375 1112 2518 1171 acin
2544 1113 2758 1168 Troicis
2784 1111 2974 1164 locum
2991 1110 3198 1163 habere
3223 1109 3442 1180 potuit.

503 1227 814 1282 attinebant
838 1222 1096 1277 videatur
1117 1226 1440 1291 persecutus
1467 1232 1601 1271 esse.
1623 1214 1880 1284 Denique
1904 1211 2054 1265 idem

505 1322 719 1369 constat
738 1312 810 1366 de
835 1309 1058 1365 Panaetii
1085 1306 1235 1360 libro
1268 1300 1403 1378 Περὶ
1431 1298 1739 1377 Σωκράτους
1775 1303 1856 1372 (ν.
1902 1299 2053 1354 Plut.

503 1400 732 1457 Aristid.
764 1393 895 1473 26).
950 1420 974 1445 n
1033 1396 1241 1451 Contra
1276 1393 1352 1445 ita
1395 1391 1521 1446 Car.
1563 1390 1658 1445 Fr.
1705 1386 2059 1442 Hermannus

505 1487 710 1565 (Index
737 1487 891 1541 lectt.
931 1482 1088 1540 uniir.
1112 1479 1403 1552 Marburg.
1434 1486 1545 1534 aest.
1578 1474 1746 1543 1836,
1783 1492 1842 1546 p.
1874 1470 2007 1546 vn)
2041 1487 2056 1528 ε

513 1612 537 1634 σι
579 1584 755 1641 Nobis
780 1581 962 1636 multo
1002 1574 1353 1633 verisimilius
1377 1583 1482 1643 est,
1539 1571 1697 1643 quod
1731 1588 1849 1624 non
1884 1567 2060 1623 modo

506 1673 537 1725 J
543 1672 701 1726 onsio
727 1670 864 1744 (Ser.
889 1668 1028 1722 Hist.
1049 1665 1145 1737 ph.
1167 1682 1229 1735 p.
1260 1682 1283 1716 1
1301 1660 1370 1715 18
1386 1658 1426 1734 )‚
1440 1676 1638 1713 verum
1657 1658 1819 1712 etiam
1840 1657 2061 1711 Luzaco

510 1759 719 1832 (Lectt.
757 1760 875 1811 Att.
913 1772 977 1827 p.
1019 1750 1125 1807 113
1155 1747 1278 1825 sq.)
1303 1747 1572 1822 placuisse
1604 1744 1885 1812 videmus,
1917 1742 2068 1817 Ido-

506 1862 765 1900 meneum
794 1841 1025 1916 Epicuri
1051 1848 1410 1901 sectatorem,
1450 1845 1515 1888 ut
1538 1833 1888 1905 voluptatem
1910 1848 2067 1885 suam

506 1948 842 2005 magnorum
881 1929 1135 1981 virorum
1161 1922 1431 1992 exemplis
1452 1918 1779 1974 defenderet
1817 1936 1881 1972 ac
1908 1936 2064 1971 com·

509 2014 801 2071 mendaret
817 2055 833 2081 ,
852 2013 1065 2086 pariter
1090 2020 1156 2063 ut
1176 2008 1523 2079 Aristippum
1544 2004 1621 2062 Πε
1629 2001 1677 2080 pi
1696 2004 1924 2066 παλαιᾶς
1942 2022 2066 2080 τρυ-

511 2104 611 2178 φῆς
638 2101 912 2173 scripsisse
954 2105 1202 2163 constat,
1241 2095 1411 2147 alium
1436 2102 1706 2165 praeterea
1746 2091 1954 2144 librum
1996 2088 2068 2144 de

510 2189 807 2242 illustrium
836 2184 1132 2239 hominum
1162 2181 1383 2235 luxurie
1418 2179 1737 2249 reliquisse,
1782 2190 1952 2248 quem
1985 2174 2072 2230 sa-

512 2275 630 2329 cilis
674 2272 997 2343 conjectura
1041 2279 1123 2323 est
1160 2265 1463 2321 mendaciis
1512 2265 2069 2336 obtrectatorumque

514 2360 801 2415 calumniis
824 2357 1236 2413 refertissimum
1266 2354 1428 2409 fuisse
1461 2350 1548 2429 (²).
1573 2376 1598 2403 n

592 2450 728 2519 Quae
761 2447 861 2503 etsi
904 2446 1145 2523 speciem
1170 2440 1666 2498 verisimilitudinis
1690 2458 1804 2513 prae
1832 2457 1888 2494 se
1923 2438 2070 2492 serre
2097 2425 2107 2435 ’

514 2537 797 2604 videntur,
826 2535 984 2588 nullo
1028 2542 1216 2586 tamen
1244 2530 1448 2584 veteris
1483 2528 1825 2583 auctoritatis
1860 2525 2070 2581 indicio

516 2618 943 2678 confirmantur.
976 2621 1170 2693 Neque
1201 2636 1338 2673 vero
1363 2617 1516 2672 deest
1538 2617 1597 2670 in
1623 2614 1943 2688 fragmentis
1969 2630 2072 2666 ve-

518 2711 648 2764 teris
671 2710 814 2763 tituli
838 2707 1145 2780 vestigium.
1170 2699 1386 2760 Etenim
1401 2703 1468 2758 fr.
1497 2721 1519 2756 1
1535 2722 1565 2773 7
1581 2703 1785 2776 legitur
1807 2695 2071 2771 Ἰδομένης

516 2794 641 2872 φησὶ
673 2790 1014 2868 δημαγωγόνς
1043 2791 1201 2865 quod
1227 2810 1403 2863 quum
1437 2807 1654 2845 sensum
1696 2805 1816 2842 non
1843 2784 2069 2856 fundat,

516 2884 784 2956 sagaciter
817 2879 1092 2952 Sauppius
1106 2880 1349 2933 restituit
1368 2872 1651 2946 Ἰδομενεύς
1672 2895 1798 2949 φησι
1829 2872 1963 2949 Περὶ
1983 2872 2072 2942 δη·

519 2969 799 3042 μαγωγῶν,
863 2966 934 3021 ad
979 2983 1222 3037 eumque
1276 2965 1483 3018 librum
1539 2961 1835 3018 reserenda
1890 2972 2075 3016 censet

519 3048 725 3119 omnia,
769 3072 893 3125 quae
932 3053 1092 3106 alteri
1134 3053 1218 3106 De
1266 3051 1565 3105 Socraticis
1603 3051 1766 3122 operi
1813 3049 2075 3120 assignari

521 3149 826 3212 nequeant.
867 3138 1049 3209 quue
1080 3137 1410 3204 rectissime,
1447 3145 1513 3190 ut
1552 3135 1813 3208 equidem
1850 3134 2069 3205 judico.

517 3229 661 3284 Sunt
681 3244 811 3281 sane
829 3267 845 3293 ‚
868 3244 989 3298 quae
1007 3242 1126 3277 non
1155 3223 1415 3295 proxime
1438 3221 1510 3276 ad
1540 3221 1877 3294 demagogos
1894 3224 2074 3293 perti-

520 3326 714 3383 neant;
742 3312 839 3368 sed
873 3312 1206 3366 Idomeneus
1229 3310 1429 3367 eodem
1454 3308 1629 3365 modo
1649 3327 1766 3364 rem
1790 3310 2075 3365 instituere

518 3403 733 3476 potuit,
764 3419 879 3472 quo
906 3400 1303 3470 Theopompus
1332 3396 1463 3452 fecit
1494 3398 1553 3452 in
1589 3415 1691 3452 suo
1735 3394 1868 3474 Περὶ
1900 3396 2076 3469 δημα-

518 3489 703 3564 γωγῶν
718 3487 864 3542 libro
881 3486 1104 3559 (histor.
1123 3485 1267 3542 Phil.
1286 3482 1381 3559 X),
1405 3485 1503 3538 ubi
1521 3496 1734 3540 tantum
1750 3503 1866 3538 non
1886 3500 2080 3539 omnes

520 3578 672 3631 viros
706 3576 801 3647 qui
824 3572 953 3628 inde
994 3590 1026 3628 a
1052 3573 1282 3627 Persicis
1306 3572 2077 3645 temporibusAtheniensium

520 3663 927 3736 rempublicam
948 3659 1496 3728 administraverant,
1513 3659 1887 3749 percensuisse
1913 3659 2079 3714 vide-

524 3761 635 3807 tur.
666 3780 741 3790 -—
766 3749 1027 3804 Ceterum
1051 3746 1207 3820 quod
1240 3747 1311 3801 de
1337 3748 1480 3802 mala
1502 3745 1614 3801 fide
1637 3748 1879 3801 auctoris
1904 3747 2077 3801 nostri

522 3834 697 3904 modo
719 3835 934 3890 dictum
957 3845 1069 3904 est,
1102 3833 1164 3888 id
1187 3835 1424 3906 quisque
1448 3833 1791 3888 verissimum
1820 3832 2077 3901 habebit,

582 3988 643 4048 (*)
664 3984 799 4037 conf.
841 3992 895 4037 Α.
925 3991 985 4037 G.
1018 3986 1213 4037 Beckeri
1239 3987 1516 4037 Analecten
1542 3999 1607 4035 zu
1635 3985 1686 4035 d.
1737 3985 2078 4046 qriechischen

526 4058 757 4125 {tednern
785 4058 897 4105 fasc.
920 4061 957 4115 1,
979 4071 1024 4118 p.
1062 4060 1120 4106 24
1135 4070 1239 4119 sqq.
1263 4056 1607 4117 (Quedlinburg
1652 4056 1819 4116 1835).
1857 4059 2076 4105 wester-

523 4140 668 4176 mann
690 4125 750 4175 ad
782 4129 915 4175 Voss.
956 4126 1078 4175 nist.
1104 4128 1191 4175 Gr.
1224 4140 1273 4187 p.
1301 4133 1413 4183 105,
1448 4126 1529 4174 ubi
1551 4126 1700 4174 fusius
1733 4125 1795 4173 de
1832 4126 1922 4175 hac
1950 4125 2080 4175 real)

523 4200 627 4259 ipso
649 4195 831 4244 dictum
855 4208 957 4246 esse
979 4195 1049 4245 ait
1066 4197 1115 4244 in
1145 4199 1326 4254 Quoest.
1354 4196 1599 4245 Demosth.
1623 4198 1674 4244 P.
1708 4197 1789 4256 lv,
1817 4208 1866 4257 p.
1893 4202 1953 4246 29
1970 4209 2075 4258 sqq.

997 4344 1100 4403 DE
1143 4344 1592 4405 SOCRATIClS.

592 4528 704 4574 Erat
722 4529 940 4575 Socrates
957 4527 1101 4576 etiam
1120 4526 1168 4575 in
1191 4527 1397 4575 oratoria
1410 4560 1423 4586 ‚
1443 4526 1566 4576 sicut
1584 4526 1868 4577 Idomeneus
1889 4540 2084 4591 quoque

528 4605 697 4665 refert,
726 4610 973 4667 promptus
1001 4610 1145 4667 atque
1164 4618 1273 4655 acer
1293 4625 1305 4655 ε
1325 4606 1409 4655 sed
1433 4618 1544 4655 eum
1572 4607 1870 4668 Trigintaviri
1897 4606 2084 4657 dicendi

527 4686 707 4743 artem,
751 4686 808 4732 ut
849 4685 917 4732 ait
958 4684 1218 4746 Xenophon
1234 4721 1248 4744 ,
1286 4684 1459 4735 docere
1493 4689 1764 4735 vetuerunt.
1808 4688 2084 4749 Exagitatur

526 4759 671 4814 etiam
691 4761 754 4809 ab
776 4758 1102 4825 Aristophane,
1117 4766 1171 4812 ut
1186 4762 1270 4825 qui
1288 4763 1569 4813 deteriorem
1581 4774 1772 4812 causam
1793 4766 2082 4825 superiorem

529 4837 719 4895 faceret.
745 4838 932 4887 Primus
959 4840 1132 4902 quippe
1150 4844 1206 4888 ut
1239 4840 1499 4889 Favorinus
1525 4840 1571 4889 in
1607 4841 1872 4903 omnigena
1888 4842 2084 4892 historia

527 4914 708 4974 scribit,
736 4928 848 4964 cum
880 4918 1101 4966 AEschine
1135 4916 1366 4980 discipulo
1395 4922 1548 4967 artem
1584 4918 1771 4967 dicendi
1811 4918 1976 4969 docuit
1987 4937 2002 4982 ;
2034 4920 2083 4969 id

527 4993 658 5054 quod
679 4992 957 5045 idomeneus
974 5008 1164 5057 quoque
1185 4998 1328 5045 refert
1344 4994 1395 5045 in
1417 4996 1549 5047 libris
1565 4999 1635 5047 De
1651 4996 1915 5047 Socraticis.

1278 5080 1329 5128 ⁸2.

532 5172 539 5179 ·
594 5159 848 5205 sermones
869 5166 991 5218 quos
1007 5159 1251 5209 Critonem
1272 5159 1406 5208 Plato
1432 5159 1546 5209 fecit
1574 5160 1625 5208 in
1650 5172 1840 5210 carcere
1877 5160 2081 5223 loquen-

531 5232 630 5291 tem
645 5266 658 5290 ‚
683 5244 835 5291 quum
858 5233 1038 5283 Socrati
1065 5237 1223 5296 sugam
1245 5234 1467 5285 suaderet
1515 5235 1748 5287 AEschinis
1770 5237 1912 5288 fuisse
1938 5236 2085 5287 tradit

2453 1251 2632 1310 nem
2681 1247 2838 1307 ΤΩΝ
2883 1209 3403 1305 respuistis]

2902 1406 2952 1444 1.

2229 1535 2397 1609 Diog.
2424 1534 2491 1593 L.
2514 1532 2590 1600 11,
2635 1546 2705 1602 19
2737 1548 2752 1583 :
2776 1515 2882 1584 ’Ἦν
2905 1521 3009 1602 γὰρ
3035 1523 3382 1601 (Σωκράτης)
3417 1523 3516 1581 καὶ
3543 1525 3599 1581 ἐν
3625 1532 3728 1589 τοῖς

2153 1620 2436 1703 ῥητορικοῖς
2462 1614 2641 1686 δεινὸς,
2666 1611 2736 1679 ὥς
2769 1634 2897 1692 φησι
2917 1610 3006 1670 καὶ
3029 1608 3345 1684 Ἰδομενεύς·
3378 1610 3529 1668 ἀλλὰ
3557 1611 3651 1668 καὶ
3679 1614 3729 1671 οἱ

2151 1710 2428 1788 τριάκοντα
2480 1703 2632 1761 αὐτὸν
2674 1699 2943 1759 ἐκώλυσαν
2983 1697 3169 1775 τέχνας
3209 1698 3488 1755 διδάσκειν
3531 1700 3725 1775 λόγων,

2152 1796 2223 1865 ὥς
2261 1818 2390 1877 φησι
2434 1793 2702 1872 Ξενοφῶν.
2735 1786 2842 1848 Καὶ
2877 1784 3247 1866 Ἀριστοφάνης
3287 1786 3454 1845 αὐτὸν
3483 1789 3732 1868 κωμῳδεῖ

2153 1889 2223 1953 ὣς
2243 1884 2332 1944 τὸν
2351 1881 2495 1953 ἥττω
2521 1879 2674 1954 λόγον
2708 1874 2925 1955 κρείττω
2942 1878 3210 1933 ποιοῦντα.
3247 1873 3359 1933 Καὶ
3381 1876 3496 1952 γὰρ
3526 1876 3730 1954 πρῶτος

2158 1970 2252 2049 (ὥς
2275 1994 2402 2051 φησι
2431 1965 2742 2043 Φαὸωρῖνος
2768 1964 2822 2019 ἐν
2858 1963 3180 2037 Παντοδαπῇ
3199 1960 3410 2040 ἱστορίᾳ
3424 1962 3612 2038 hiet&
3641 1968 3728 2021 τοῦ

2158 2063 2390 2136 μαθητοῦ
2417 2052 2666 2131 Αἰσχίνου
2699 2047 2992 2131 ῥητορεύειν
3013 2047 3233 2113 ἐδίδαξε.
3278 2046 3449 2125 Λέγει
3487 2050 3549 2108 δὲ
3582 2055 3734 2108 τοῦτο

2158 2147 2247 2208 καὶ
2275 2139 2561 2222 Ἰδομενεὺς
2583 2141 2636 2199 ἐν
2655 2138 2759 2205 τοῖς
2788 2136 2920 2217 [Ιερὶ
2942 2138 3045 2194 τῶν
3074 2137 3459 2214 Σωκρατικῶν.

2908 2292 2964 2332 2.

2237 2407 2405 2477 Diog.
2435 2406 2504 2460 L.
2547 2406 2660 2472 111,
2694 2404 2769 2459 36
2806 2400 2981 2468 εΤοὺς
3027 2400 3081 2458 δὲ
3117 2400 3327 2476 λόγους,
3357 2399 3449 2465 οὓς
3499 2400 3734 2479 Κρίτωνι

2159 2490 2504 2569 περιτέθεικεν
2550 2488 2861 2568 (Πλάτων),
2893 2490 2946 2546 ἐν
2985 2491 3062 2567 τῷ
3098 2488 3452 2566 δεσμωτηρίῳ
3497 2490 3623 2565 περὶ
3649 2495 3733 2557 τῖς

2160 2580 2324 2655 φυγῆς
2352 2575 2772 2651 συμὸουλεύοντι,
2801 2575 2957 2656 φησὶν
2980 2575 3266 2650 Ἰδομενεὺς
3284 2566 3424 2631 εἶναι
3453 2575 3732 2653 Αἰσχίνου·

2160 2662 2246 2721 τὸν
2264 2662 2306 2719 δ’
2324 2663 2501 2742 ἐκείνῳ
2528 2664 2809 2742 περιθεῖναι
2827 2662 2914 2720 διὰ
2934 2661 3026 2732 τὴν
3046 2662 3172 2739 πρὸς
3189 2667 3373 2720 τοῦτον
3393 2663 3734 2737 δυσμένειαν.

2239 2753 2407 2825 Diog.
2435 2755 2502 2808 L.
2533 2755 2617 2822 11,
2659 2753 2736 2808 60
2762 2772 2777 2811 ι
2805 2754 3004 2810 Τοῦτον
3036 2750 3358 2828 (Αἰσχίνην)
3391 2751 3498 2830 ἔφη
3527 2751 3736 2825 Ἰδομε-

2157 2834 2275 2907 νεὺς
2306 2840 2357 2894 ἐν
2383 2841 2459 2916 τῷ
2492 2838 2831 2918 δεσμωτηρίῳ
2873 2837 3270 2913 συμὸουλεῧσα,
3290 2837 3415 2916 περὶ
3444 2842 3551 2905 τῆς
3577 2842 3736 2918 φυγῆς

2163 2922 2459 3001 Σωκράτει,
2483 2925 2573 2981 καὶ
2595 2927 2654 2983 οὗ
2692 2925 2954 3002 Κρίτωναι
2986 2924 3253 2984 Πλάτωνα
3278 2924 3365 2994 δὲ,
3384 2921 3471 2980 ὅτι
3500 2917 3570 2995 ἦν
3602 2926 3735 3002 Ἀρι-

2164 3010 2373 3089 στίππῳ
2403 3013 2600 3086 μᾶλλον
2623 3011 2795 3092 φίλος,
2824 3011 3049 3091 Κρίτωνι
3076 3016 3360 3089 περιθεῖναι
3375 3010 3504 3076 τοὺς
3534 3011 3733 3087 λόγοις.

2162 3130 2241 3140 -
2266 3101 2489 3175 Pergit:
2515 3096 2833 3156 Διεὸάλλετο
2848 3100 2892 3156 δ’
2934 3102 2962 3155 ὁ
2987 3097 3240 3177 Αἰσχίνης
3272 3095 3368 3155 καὶ
3390 3098 3620 3172 μάλισθ’
3642 3098 3738 3157 ὑπὸ

2166 3184 2475 3259 Μενεδήμου
2502 3190 2592 3243 τοῦ
2628 3184 2932 3265 Ἐρετριέως
2950 3230 2968 3261 ,
2996 3187 3067 3250 ὥς
3099 3183 3216 3250 τοὺς
3241 3184 3530 3251 πλείστους
3561 3184 3737 3244 διαλό-

2163 3293 2301 3345 γους,
2318 3271 2470 3337 ὅντας
2494 3272 2802 3351 Σωκράτους
2818 3315 2833 3342 ,
2859 3271 3237 3341 ὑποὸάλλοιτο,
3261 3267 3570 3345 λ’ᾰμὸάνων
3596 3275 3738 3353 παρὰ

2165 3358 2494 3430 Ξανθίππης.
2519 3362 2652 3417 Haee
2667 3380 2897 3437 quoque
2917 3363 3258 3418 Idomeneus
3281 3360 3554 3421 tradidit.

2914 3516 2972 3575 3.

2241 3663 2538 3718 Athenaeus
2575 3664 2742 3731 XIII,
2771 3662 2838 3716 61
2857 3682 2906 3730 1,
2932 3664 3000 3717 Ι).
3021 3663 3067 3716 Ε
3093 3681 3108 3717 z
3134 3658 3231 3723 Τίς
3247 3656 3349 3736 γὰρ
3374 3656 3618 3728 ἤλπισεν
3641 3662 3732 3718 Ai-

2164 3744 2347 3823 σχίνην
2375 3745 2462 3803 τὸν
2491 3745 2828 3824 Σωκρατικὸν
2859 3752 3086 3804 τοιοῦτον
3126 3748 3433 3822 γεγενῆσθαι
3459 3745 3593 3813 τοὺς
3632 3746 3735 3823 τρὸ

2162 3854 2288 3896 πους
2306 3876 2322 3907 ,
2349 3831 2523 3890 ὁποῖόν
2556 3855 2685 3911 φησι
2708 3832 2906 3899 Λυσίας
2933 3836 2960 3888 ὁ
2989 3832 3162 3913 ῥήτωρ
3192 3835 3244 3889 ἐν
3264 3832 3368 3897 τοῖς
3395 3834 3510 3888 τῶν
3533 3833 3733 3908 cup&-

2162 3918 2324 4005 λαίων
2348 3918 2546 3996 λόγοις;
2576 3918 2631 3979 ὃν
2656 3922 2714 3977 ἐκ
2744 3923 2844 3977 τῶν
2875 3918 3167 3998 φερομένων
3192 3923 3258 3986 ὡς
3282 3921 3443 3977 αὐτοῦ
3469 3920 3733 3995 διαλόγων

2165 4006 2493 4082 θαυμάζομεν
2536 4009 2605 4074 ὡς
2639 4009 2842 4077 ἐπιεικῆ
2879 4007 2969 4065 καὶ
3016 4004 3240 4084 μέτριον,
3267 4004 3407 4076 πλὴν
3447 4008 3497 4063 εἷ
3550 4008 3631 4083 μὴ
3666 4009 3731 4071 ὣς

2168 4096 2370 4164 ἀληθῶς
2395 4100 2483 4152 τοῦ
2514 4100 2668 4173 σοφοῦ
2695 4094 3000 4172 Σωκράτους
3029 4094 3140 4152 ἐστὶ
3165 4093 3587 4170 συγγράμματα,
3609 4098 3728 4173 ἔχε·

2170 4180 2316 4260 ρίσθη
2348 4180 2400 4238 δὲ
2422 4183 2562 4259 αὗτῷ
2587 4181 2684 4238 ὑπὸ
2707 4180 3016 4250 Ξανθίππης
3033 4226 3048 4251 ,
3074 4185 3165 4250 τῆς
3193 4180 3512 4257 Σωκράτους
3552 4203 3730 4258 γυναι·

2180 4345 2465 4396 idomeneus
2507 4366 2520 4395 :
2560 4346 2630 4397 illi
2662 4360 2778 4396 vero
2815 4360 2845 4394 a
2879 4346 3081 4396 Platone
3112 4345 3256 4407 hujus
3283 4344 3394 4394 odio
3435 4342 3730 4397 ruisseaiui·

2172 4424 2329 4474 butos.

2235 4502 2501 4551 AEscliinem
2539 4501 2820 4552 Idomeneus
2845 4500 2993 4551 tradit
3021 4500 3072 4550 in
3107 4514 3294 4550 carcere
3333 4500 3501 4563 fugam
3543 4502 3726 4551 socrati

2172 4580 2372 4629 suadere
2405 4582 2636 4638 tentasse.
2671 4594 2768 4630 non
2790 4581 3033 4629 Critonem
3061 4595 3074 4627 :
3103 4592 3270 4628 venun
3307 4579 3588 4638 Platonem,
3613 4578 3726 4640 quin

2173 4657 2417 4707 AEschines
2457 4658 2742 4719 Aristippum
2779 4657 2928 4719 magis
2969 4657 3352 4718 amplecteretur,
3383 4656 3576 4705 crinem
3621 4654 3726 4703 mm

2172 4746 2413 4784 sermonoe
2437 4735 2724 4784 attribuisse.
2754 4734 3125 4784 lusimulahatur
3152 4733 3418 4793 AEscliines,
3449 4733 3668 4794 sapiunt·
3695 4744 3722 4778 ι

2174 4813 2452 4862 Menedemo
2486 4813 2765 4874 Eretriensi,
2798 4813 2928 4876 quod
2962 4814 3170 4862 Socratis
3209 4812 3420 4874 dialogos
3453 4812 3724 4876 mmm

2173 4900 2259 4953 pro
2284 4891 2383 4940 suis
2400 4889 2740 4951 venditaverit,
2760 4902 2881 4952 quos
2897 4902 2928 4938 a
2949 4890 3218 4953 Xanthippe
3235 4890 3486 4952 aoeepent.

2235 5083 2354 5140 Quis
2371 5085 2581 5145 putasset
2606 5081 2876 5133 AEsehinrm
2897 5082 3076 5131 talibus
3094 5082 3239 5131 fuisse
3266 5080 3504 5141 mortim,
3526 5081 3714 5143 qma·

2173 5159 2334 5221 Lysias
2353 5159 2470 5208 dicit
2488 5161 2536 5209 in
2555 5159 2850 5209 orationibus
2863 5160 3297 5210 nemun-actibus?
3308 5172 3450 5222 quern
3468 5174 3496 5210 e
3510 5159 3715 5221 manusb

2172 5238 2255 5301 qui
2272 5237 2363 5288 sub
2380 5238 2525 5302 ipsius
2554 5239 2747 5289 nomine
2770 5240 3002 5301 feruntur,
3029 5243 3084 5290 ut
3106 5252 3299 5303 aequum
3333 5242 3382 5289 et
3413 5239 3711 5288 moda-mn
