3900 6042
784 439 1726 575 DIONYSIUS.
1826 439 2621 581 HERMlAs.
2712 445 3549 590 ATHANAS.

1589 695 2563 870 TIMONIDES.

896 1217 1304 1280 DIONYSIUS
1344 1217 1604 1279 TYRAN
1614 1219 1664 1279 N
1669 1219 1779 1279 US.

638 1350 837 1406 Suidas
888 1371 903 1406 :
945 1348 1209 1415 Διονύσιος
1248 1347 1518 1428 (senior),
1563 1347 1809 1426 Σικελίας
1848 1347 2114 1429 τύραννος,

559 1436 753 1515 ἔγραψε
783 1436 1071 1517 τραγῳδίας
1100 1435 1193 1494 καὶ
1223 1437 1503 1517 κωμῳδίας
1529 1436 1618 1494 καὶ
1652 1437 1953 1516 ἱστορικά
1998 1436 2117 1516 (καὶ

559 1520 900 1602 μισθοφορικὰ
927 1522 1016 1580 καὶ
1049 1521 1199 1602 ἔτερα
1241 1525 1372 1580 cod.
1417 1526 1661 1581 Bruxell.
1682 1521 1718 1600 ).
1762 1528 1846 1581 De
1876 1537 2114 1598 tyranno

556 1613 827 1667 historico
848 1613 1075 1667 aliunde
1098 1633 1215 1667 non
1234 1623 1470 1667 constat.
1493 1615 1708 1668 Vereor
1723 1632 1794 1668 ne
1814 1632 1975 1667 error
1993 1612 2119 1667 sub·

555 1701 643 1754 sit.
688 1700 987 1772 Dionysius
1015 1699 1247 1772 quidam
1285 1701 1503 1755 Siculus
1552 1697 1761 1778 (modo
1801 1712 1955 1755 recte
1997 1700 2116 1753 haec

556 1787 784 1842 nomina
817 1805 874 1841 se
918 1786 1187 1861 habeant)
1231 1788 1694 1842 historiunculam
1728 1786 2009 1860 quandam
2046 1805 2117 1840 ex

557 1872 849 1932 Σικελικοῖς
874 1872 1130 1927 Aristidis
1160 1874 1357 1928 Milesii
1386 1873 1486 1945 (fr.
1522 1873 1644 1954 20)
1661 1875 1881 1947 petiisse
1906 1873 2115 1929 dicitur

557 1977 647 2032 ap.
677 1957 962 2016 Plutarch.
991 1960 1119 2016 Par.
1143 1961 1283 2018 min.
1310 1979 1363 2015 c.
1405 1979 1455 2014 1.

843 2180 1191 2240 HERMIAS
1234 2181 1822 2242 METHYMNAEUS.

637 2311 923 2366 Diodorus
951 2314 1074 2383 XV,
1091 2313 1200 2383 37,
1225 2313 1282 2383 3,
1304 2314 1379 2368 ad
1405 2332 1613 2369 annum
1636 2315 1995 2372 Charisandri
2023 2335 2119 2391 ar-

554 2398 793 2465 chonans,
815 2399 1042 2473 Olymp.
1077 2417 1208 2469 τοι,
1239 2418 1289 2469 1,
1316 2419 1366 2457 a.
1393 2398 1459 2456 C.
1491 2399 1603 2472 376
1627 2422 1642 2456 ε
1667 2403 1792 2460 Τῶν
1812 2399 1865 2458 δὲ
1885 2422 2115 2479 συγγρα·

555 2481 691 2562 τρέων
722 2481 1023 2562 Ἑρμείας
1049 2488 1078 2542 ὁ
1105 2479 1539 2560 Μηθυμναῖος
1565 2485 1659 2557 τὴν
1695 2490 1821 2546 Τῶν
1851 2490 2116 2548 Σικελι-

555 2574 642 2628 a&
656 2595 683 2627 ν
708 2570 945 2639 σύνταξιν
967 2574 1040 2638 εἰς
1062 2577 1241 2631 τοῦτον
1259 2571 1347 2631 τὸν
1368 2576 1600 2632 ἐνιαυτὸν
1622 2574 1939 2657 κατέστροφε
1953 2620 1969 2647 ,
1993 2575 2119 2657 γρᾴ-

551 2661 654 2737 ψας
678 2657 886 2737 βίόλους
910 2657 1035 2718 δέκα
1050 2704 1067 2732 ,
1093 2662 1165 2726 ὡς
1188 2659 1244 2718 δέ
1263 2684 1392 2728 τινες
1412 2662 1668 2742 διαιροῦσι
1683 2706 1698 2734 ,
1714 2661 1934 2722 δώδεκα.
1970 2668 2111 2721 For·

554 2758 691 2801 tasse
722 2749 980 2804 Hermias
1001 2759 1193 2803 noster
1216 2762 1490 2824 cognatus
1521 2762 1642 2807 crat
1669 2754 1912 2806 Hermiae
1941 2757 2115 2808 Atar-

554 2835 806 2888 nensium
834 2836 1126 2910 principis,
1157 2838 1404 2893 Platonis
1445 2839 1728 2913 discipuli,
1762 2842 2115 2896 Aristotelis-

552 2938 687 2991 que,
716 2919 802 2976 uti
828 2933 1069 2994 constat,
1093 2923 1399 2980 familiaris.

1057 3176 1614 3255 ΣΙΚΕΛΙΚΑ.

1013 3329 1060 3384 Ε
1099 3330 1326 3386 LIBRO
1366 3331 1659 3386 TERTIO.

629 3441 925 3496 Athenaeus
942 3442 1019 3510 X,
1039 3461 1101 3516 p.
1125 3441 1259 3512 438,
1281 3440 1326 3497 C
1346 3461 1363 3501 ε
1380 3439 1633 3521 Ἑρμείας
1652 3442 1699 3499 δ’
1721 3445 1750 3500 ὅ
1769 3444 2114 3522 Μηθυμναῖος

550 3526 602 3583 ἐν
623 3525 771 3604 τρίτῃ
802 3527 1092 3586 Σικελικῶν
1121 3528 1406 3608 φιλοπότην
1433 3531 1561 3609 φησὶ
1588 3528 1823 3607 γενέσθαι
1851 3531 2109 3605 Νικοτέλη

547 3612 635 3670 τὸν
665 3611 956 3692 Κορίνθιον.

624 3705 674 3758 Ν
679 3704 905 3758 icoteles
943 3705 1265 3760 Corinthius
1293 3705 1412 3760 dux
1452 3707 1558 3762 fuit
1601 3708 2075 3780 Syracusanorum
2089 3751 2106 3780 ,

547 3808 719 3862 quem
745 3792 958 3846 Aristus
980 3792 1331 3848 dominatum
1360 3795 1614 3867 Dionysii
1641 3797 1876 3850 senioris
1899 3795 2109 3851 confir-

545 3878 737 3933 mandi
758 3896 919 3934 causa
937 3879 1229 3953 Syracusas
1246 3898 1279 3934 a
1302 3882 1741 3936 Lacedaemoniis
1752 3884 1945 3937 missus
1958 3925 1974 3952 ‚
1996 3902 2108 3939 una

545 3983 677 4019 cum
688 3965 808 4020 aliis
828 3965 1163 4038 quibusdam
1178 3969 1401 4038 tyranni
1413 3967 1744 4023 adversariis
1767 3968 2104 4025 interficien-

1106 4137 1532 4331 SlctliLA.

999 4373 1046 4427 E
1082 4374 1314 4429 LIBRO⁴
1341 4377 1633 4431 TERTIO.

603 4487 820 4536 flermias
845 4487 1197 4548 Methymnaeus
1215 4488 1490 4539 Siculorum
1521 4489 1645 4539 libro
1669 4490 1813 4539 tertio
1839 4490 2102 4541 Nicotelem

541 4566 843 4615 corinthium
866 4568 1135 4628 potatorem
1155 4567 1300 4617 ruisse
1318 4566 1455 4617 dicit.

1292 4669 1347 4719 2.

845 4769 950 4828 DE
999 4729 1390 4830 Aro‘LLiNE
1435 4768 1787 4833 GRYNEO.

969 4886 1016 4939 E
1049 4885 1265 4941 LIBRO
1302 4885 1652 4942 SECUNDO.

602 4978 740 5040 Apud
767 4980 1091 5040 Naucratitas,
1120 4982 1176 5029 ut
1192 4980 1358 5030 scribit
1380 4981 1598 5030 Hermias
1633 4981 1754 5030 libro
1784 4984 1996 5032 secundo
2032 4987 2102 5035 De

537 5057 732 5116 Gryneo
755 5055 999 5126 Apolline,
1023 5058 1214 5107 ooenant
1238 5057 1290 5105 in
1317 5059 1551 5118 Prytaneo
1575 5059 1799 5108 natalitiis
1815 5064 1974 5111 Vestae
1994 5075 2099 5125 pry-

540 5131 718 5180 tanidis
735 5135 785 5181 et
803 5132 932 5182 festis
950 5133 1327 5183 Bacchanalibus
1357 5133 1570 5195 itemque
1599 5134 1648 5183 in
1680 5137 1846 5198 pagani
1876 5139 1988 5200 (vel
2013 5153 2097 5189 oo-

540 5208 846 5269 measatoiis)
867 5208 1096 5270 Apollinis
1117 5210 1431 5271 solennitateg
1457 5210 1775 5272 ingredientes
1796 5226 1964 5265 omnes
1981 5230 2097 5267 can·

2207 1221 2343 1277 dum
2363 1225 2595 1304 *curavit
2636 1221 2896 1300 (Olymp.
2928 1233 3089 1299 94²¹,
3139 1246 3188 1284 a.
3216 1230 3281 1285 C.
3316 1236 3428 1298 404
3448 1233 3490 1306 ).
3522 1235 3776 1291 Diodor.

2202 1311 2358 1377 XIV,
2392 1310 2545 1379 10‚3.
2572 1313 2704 1367 Haec
2725 1312 2898 1386 igitur
2920 1317 3189 1386 quoniam
3204 1317 3357 1372 libro
3380 1323 3549 1375 tertio
3573 1341 3781 1378 narra-

2203 1397 2286 1450 vit
2307 1399 2599 1466 Hermeas,
2626 1400 2764 1452 nihil
2790 1401 2893 1455 nisi
2918 1401 3175 1475 Dionysii
3194 1405 3486 1462 historiam
3508 1420 3779 1466 tractasse

2203 1483 2446 1540 videtur.
2469 1487 2647 1555 Quam
2670 1495 2856 1540 tamen
2875 1486 2949 1541 ad
2974 1485 3147 1543 finem
3170 1509 3288 1545 non
3310 1494 3620 1566 ρει-ἀεικὴς
3645 1516 3777 1552 nam

2204 1572 2457 1643 regnavit
2494 1582 2763 1644 tyrannus
2787 1572 2921 1628 inde
2948 1574 3022 1629 ab
3049 1593 3198 1630 anno
3240 1578 3354 1641 406
3396 1580 3470 1636 ad
3497 1600 3597 1637 an.
3636 1582 3774 1655 367.

2202 1657 2501 1729 Reliquam
2524 1669 2742 1730 partem
2771 1659 2909 1713 alius
2935 1660 3266 1732 absolverit,
3305 1666 3469 1720 sicuti
3511 1668 3777 1741 Dionysii

2196 1741 2438 1813 junioris
2457 1745 2747 1800 historiam
2771 1764 2803 1801 a
2820 1746 3050 1802 Philisto
3076 1750 3394 1807 inchoatam
3417 1756 3783 1811 continuavit

2202 1830 2464 1887 Athenas.
2492 1834 2639 1887 Hinc
2664 1832 2872 1887 factum
2891 1845 3002 1903 est,
3025 1848 3190 1908 put0,
3214 1849 3280 1892 ut
3304 1839 3397 1894 alii
3420 1839 3627 1895 decem
3642 1883 3659 1910 ,
3687 1844 3780 1898 alii

2205 1914 2508 1973 duodecim
2532 1920 2722 1992 operis
2743 1919 2919 1974 libros
2944 1939 3058 1976 esse
3082 1922 3354 1979 dicerent.

2955 2079 3012 2117 2.

2324 2197 2508 2256 ΠΕΡΙ
2549 2197 2706 2256 ΤΟΥ
2749 2198 3122 2260 ΓΡΥΝΕΙΟΥ
3155 2203 3655 2267 ΑΠΟΛΛΩΝΟΣ.

2639 2364 2685 2419 Ε
2725 2362 2945 2422 LIBRO
2986 2362 3345 2424 SECUNDO.

2282 2493 2584 2548 Athenaeus
2596 2496 2692 2564 IV,
2716 2513 2779 2568 p.
2816 2502 2954 2569 149,
2973 2498 3027 2552 D
3055 2515 3069 2551 ι
3098 2493 3261 2573 Παρὰ
3280 2494 3335 2554 δὲ
3355 2499 3775 2578 Ναυκρατίταις,

2202 2573 2273 2642 ὥς
2294 2598 2448 2657 φησιν
2468 2574 2717 2657 Ἑρμείας
2736 2578 2789 2635 ἐν
2810 2581 2884 2658 τῷ
2907 2577 3131 2660 δευτέρῳ
3145 2583 3249 2639 τῶν
3266 2581 3401 2663 Περὶ
3415 2590 3505 2642 τοῦ
3518 2587 3775 2667 Γρυνείου

2204 2662 2526 2730 Ἀπόλλωνος
2542 2707 2561 2740 ,
2585 2665 2638 2722 ἐν
2661 2667 2738 2745 τῷ
2765 2669 3059 2746 πρυτανείῳ
3086 2668 3348 2728 δειπνοῦσι
3370 2672 3654 2747 γενεθλίοις
3676 2673 3772 2734 Ἕ-

2204 2748 2350 2816 στίας
2377 2750 2736 2828 πρυτανίτιδος
2761 2752 2854 2811 καὶ
2879 2752 3198 2832 Διονυσίοις,
3228 2754 3306 2814 ἔτι
3339 2755 3396 2814 δὲ
3433 2762 3501 2837 τῇ
3538 2765 3640 2819 τοῦ
3668 2783 3771 2819 κω·

2205 2836 2362 2913 μαίου
2384 2835 2706 2905 Ἀπόλλωνος
2732 2837 3051 2919 πανηγύρει,
3079 2841 3321 2910 εἰσιόντες
3347 2843 3539 2911 πάντες
3565 2848 3624 2905 ἐν
3648 2870 3770 2906 στο-
3886 2863 3887 2874 ’

2202 2925 2318 2990 λαῖς
2352 2924 2591 3003 λευκαῖς,
2629 2925 2688 2993 ἃς
2719 2925 2877 3007 μέχρι
2917 2927 3009 2986 καὶ
3049 2933 3138 2987 νῦν
3180 2932 3402 2990 καλοῦσι
3442 2934 3772 3014 πρυτανικὰς

2202 3013 2439 3082 ἐσθῆτας.
2464 3012 2575 3071 Καὶ
2604 3012 2999 3082 κατακλιθέντες
3024 3016 3397 3078 ἐπανίστανται
3430 3026 3506 3087 εἰς
3531 3023 3738 3100 γόνατα
3753 3068 3770 3094 ,

2202 3103 2296 3157 τοῦ
2322 3098 2656 3180 ἱεροκήρυκος
2680 3099 2775 3168 τὰς
2800 3102 3046 3182 πατρίους
3072 3104 3233 3184 εὐχὰς
3255 3107 3639 3187 καταλέγοντος
3670 3133 3771 3170 συ-

2203 3187 2522 3256 σπένδοντες.
2545 3189 2699 3249 Μετὰ
2719 3188 2773 3249 δὲ
2799 3196 2966 3250 ταῦτα
2988 3194 3386 3262 κατακλιθέντες
3401 3196 3768 3274 λαμὸάνουσιν

2201 3272 2417 3342 ἕκαστος
2443 3275 2580 3334 οἴνου
2595 3277 2813 3344 κοτύλας
2830 3277 2949 3351 δύο,
2969 3278 3110 3352 πλὴν
3128 3284 3233 3339 τῶν
3254 3282 3435 3361 ἱερέων
3455 3289 3550 3343 τοῦ
3573 3310 3638 3345 τε
3656 3290 3769 3347 Πυ-

2200 3361 2311 3420 θίου
2336 3361 2656 3430 Ἀπόλλωνος
2679 3364 2769 3422 καὶ
2792 3370 2886 3425 τοῦ
2904 3367 3174 3427 Διονύσου·
3193 3368 3389 3428 τούτων
3409 3370 3512 3452 γὰρ
3526 3375 3768 3455 ἐκατέρῳ

2200 3450 2410 3516 διπλοῦς
2436 3453 2465 3507 ὃ
2498 3440 2629 3517 οἶνος
2658 3451 2792 3527 μετὰ
2817 3452 2909 3510 καὶ
2933 3457 3038 3512 τῶν
3076 3455 3251 3515 ἄλλων
3285 3459 3510 3538 μερίδων
3537 3460 3764 3521 δίδοται.

2199 3533 2432 3596 Ἔπειτα
2461 3538 2667 3617 ἑκάστῳ
2696 3540 3040 3619 παρατίθεται
3067 3540 3222 3624 ἄρτος
3248 3545 3500 3627 καθαρὸς,
3529 3549 3605 3615 εἰς
3625 3549 3761 3608 πλά-

2197 3644 2282 3688 τος
2305 3622 2683 3697 πεποιημένος,
2705 3626 2784 3705 ἐφ’
2805 3616 2849 3706 ᾧ
2872 3625 3130 3687 ἐπίκειται
3156 3629 3307 3710 ἄρτος
3337 3629 3531 3713 ἕτερος,
3550 3633 3614 3692 ὃν
3636 3659 3757 3716 κρι-

2199 3706 2415 3781 6ανίτην
2441 3712 2690 3784 καλοῦσι,
2717 3712 2810 3771 καὶ
2832 3712 2993 3793 κρέας·
3013 3713 3150 3775 ὕειον
3176 3717 3268 3776 καὶ
3295 3719 3535 3800 λεκάριον
3557 3721 3761 3781 vened-

2197 3816 2286 3865 νης
2316 3793 2351 3866 ἢ
2380 3797 2612 3875 λαχάνου
2651 3804 2742 3857 τοῦ
2771 3798 2910 3857 κατὰ
2937 3801 3116 3880 καιρὸν
3146 3801 3445 3882 γινομένου,
3469 3806 3550 3887 ῷά
3576 3831 3641 3867 τε
3674 3809 3761 3867 δύο

2196 3881 2286 3939 καὶ
2311 3888 2467 3963 τυροῦ
2495 3885 2742 3964 τροφαλὶς
2765 3886 2901 3944 σῦκά
2922 3910 2979 3945 τε
3006 3888 3138 3970 ξηρὰ
3160 3890 3250 3948 καὶ
3275 3893 3509 3961 πλακοῦς
3525 3894 3622 3954 καὶ
3642 3897 3758 3956 στέ-

2196 3990 2373 4049 φανος.
2396 3969 2504 4029 Καὶ
2522 3970 2576 4038 ὃς
2594 3970 2657 4029 ἂν
2673 3970 2772 4040 ἔξω
2793 3996 2845 4031 τι
2872 3973 3068 4034 τούτων
3095 3978 3346 4058 ἱεροποιὸς
3375 3985 3760 4065 παρασκευάσῃ

2190 4142 2314 4192 didis
2338 4143 2490 4194 induti
2514 4146 2674 4209 stoIiS,
2693 4161 2816 4211 quas
2835 4150 3100 4201 etiamnum
3121 4153 3394 4215 prytanicas
3411 4158 3569 4208 vestes
3588 4161 3759 4224 appel-

2190 4218 2308 4269 lant.
2332 4223 2393 4269 Et
2412 4225 2667 4284 postqum
2691 4225 3050 4290 accubuerunt,
3078 4234 3325 4292 surgentes
3349 4245 3516 4282 rursus
3532 4234 3583 4284 in
3600 4249 3759 4298 genua

2189 4297 2537 4357 procumbunt,
2553 4312 2648 4348 una
2666 4313 2780 4350 cum
2794 4315 2932 4352 sacro
2946 4317 3167 4366 praecone
3181 4306 3384 4357 libantes
3395 4311 3575 4371 patrus
3591 4325 3761 4375 preces

2189 4375 2453 4434 praeeunte.
2477 4375 2601 4424 Dein
2636 4381 2890 4440 postquam
2913 4379 3089 4431 iterum
3125 4383 3483 4446 accubuerunt,
3512 4389 3759 4453 accipiunt

2189 4451 2392 4513 quisque
2413 4452 2513 4501 vini
2530 4455 2717 4518 cotulas
2736 4456 2881 4518 dinae,
2905 4461 3118 4522 exceptis
3136 4461 3293 4523 Pythii
3316 4464 3547 4526 Apollinis
3570 4469 3621 4517 et
3642 4472 3758 4519 Bac·
3886 4499 3887 4510 κ

2189 4527 2268 4575 chi
2284 4528 2611 4580 sacerdotibus
2623 4566 2637 4590 ‚
2662 4546 2873 4594 quorum
2892 4536 3085 4599 utrique
3096 4536 3277 4600 duplex
3294 4539 3395 4589 vini
3412 4542 3591 4603 pariter
3607 4550 3758 4609 atque
3780 4589 3785 4596 .
3886 4561 3887 4576 ¹

2189 4607 2461 4656 ceterorum
2492 4610 2649 4669 portio
2674 4610 2835 4662 datur.
2873 4616 2998 4662 Tum
3032 4615 3294 4679 unicuique
3328 4619 3466 4680 panis
3493 4621 3758 4685 adponitur

2188 4697 2366 4746 purus,
2389 4685 2440 4734 in
2470 4686 2771 4738 latitudinem
2802 4691 3060 4754 formatus,
3089 4694 3171 4742 cui
3189 4695 3316 4745 alius
3344 4697 3597 4760 impositus
3620 4703 3756 4765 panis

2187 4763 2285 4822 est,
2311 4775 2456 4823 quem
2483 4763 2765 4815 furnaceum
2790 4771 2992 4832 vocant,
3015 4772 3067 4819 et
3084 4782 3199 4820 caro
3215 4773 3356 4823 suilla
3377 4776 3429 4823 et
3450 4778 3632 4838 patella
3658 4782 3756 4844 pti·-

2186 4848 2317 4886 sanae
2349 4841 2437 4887 aut
2461 4839 2604 4890 oleris
2625 4843 2754 4904 quod
2791 4844 2884 4893 fert
2910 4847 3024 4894 sani
3052 4849 3341 4912 tempestas,
3374 4853 3426 4900 et
3454 4863 3552 4902 ova
3579 4854 3683 4906 duo
3704 4862 3754 4908 et

2187 4914 2311 4962 casei
2333 4917 2538 4965 recentis
2562 4918 2770 4968 frustum
2800 4919 2976 4984 ficique
3004 4921 3147 4973 siccae
3167 4927 3218 4973 et
3246 4925 3467 4987 placenta
3483 4931 3535 4978 et
3552 4943 3748 4984 corona.

2188 4990 2473 5054 Quicunque
2492 4995 2786 5046 sacrificator
2806 5003 2984 5060 praeter
3006 4999 3096 5072 ista
3116 5001 3300 5063 aliquid
3337 5009 3504 5067 parat,
3524 5007 3567 5056 is
3590 5022 3620 5058 a
3646 5025 3748 5060 ma-

2187 5068 2465 5130 gistratibus
2494 5074 2774 5124 muletatur.
2798 5077 2926 5135 Quia
2945 5091 3035 5128 nec
3050 5079 3183 5141 aliis,
3203 5081 3287 5143 qui
3318 5081 3365 5130 in
3396 5089 3633 5147 prytaneo
3666 5104 3748 5140 ve-

2184 5150 2404 5208 scuntur,
2425 5148 2689 5211 quidquam
2706 5153 2800 5202 cibi
2816 5155 3074 5204 forinsecus
3096 5161 3273 5219 praeter
3290 5159 3383 5208 ista
3400 5162 3492 5221 (eo
3508 5161 3619 5226 die)
3638 5165 3751 5217 licet

2185 5222 2358 5273 inferre
2378 5243 2391 5274 ε
2411 5226 2492 5275 sed
2512 5226 2617 5277 liaec
2643 5229 2744 5278 sola
2768 5233 3089 5295 consumunt,
3120 5235 3171 5283 et
3187 5234 3413 5297 reliquias
3434 5238 3631 5293 famulis
3658 5245 3747 5294 iin-
