3900 6042
497 386 1239 507 EUDEMUS
1305 394 1900 515 PARIUS.
1963 403 2781 527 DEMOCLES
2844 414 3808 546 PYGELENSIS.

875 564 2113 756 AMELESAGORAS
2193 644 3426 781 CHALCEDONIUS.

636 1111 951 1171 Eudemum
1000 1118 1222 1171 Parium
1266 1137 1333 1171 ex
1383 1130 1500 1172 uno
1546 1121 1806 1175 novimus
1840 1124 2113 1195 Dionysio

555 1206 592 1257 l.
610 1204 644 1256 l.
670 1204 740 1281 (v,
756 1222 818 1276 p.
849 1204 959 1277 16).
982 1228 1006 1251 α
1032 1204 1203 1276 Apud
1222 1202 1566 1260 Clementem
1586 1204 1906 1277 Strom.VI,
1924 1229 1982 1282 p.
1998 1210 2107 1279 267

552 1302 898 1345 memoratur
920 1288 1203 1345 Eudemus
1219 1293 1465 1360 Nautius,
1488 1311 1658 1365 quem
1680 1295 1968 1351 historiam
1997 1297 2113 1351 edi·

552 1376 692 1432 disse
702 1380 798 1445 ait,
810 1378 908 1433 sed
918 1396 1039 1432 eam
1050 1396 1119 1433 ex
1128 1379 1469 1453 Melesagora
1482 1383 1901 1454 transcripsisse.
1925 1386 2107 1438 Porro

2534 1132 2923 1191 DEMOCLES
2956 1137 3415 1203 PYGELENSIS.

2288 1294 2312 1319 α
2341 1274 2585 1342 Quartus
2607 1272 2622 1350 (
2645 1293 2844 1332 eorum
2869 1298 3012 1352 quos
3036 1284 3339 1358 Dionysius
3365 1291 3497 1346 Hal.
3525 1292 3568 1348 1.
3594 1295 3635 1349 l.
3671 1313 3766 1351 re-

2202 1359 2421 1434 censet)
2471 1372 2553 1415 est
2574 1364 2871 1422 Democles
2911 1371 2939 1425 ὁ
2969 1369 3269 1451 Φυγελεύς,
3314 1388 3380 1431 ut
3414 1381 3654 1452 quidem
3707 1386 3762 1438 in

552 1466 636 1519 vel
659 1467 951 1539 ignoratur
964 1464 1132 1537 hujus
1162 1477 1317 1535 aetas,
1347 1467 1437 1522 vel
1465 1467 1618 1522 idem
1639 1479 1718 1523 est
1746 1482 1913 1543 atque
1932 1469 2109 1525 Eude·
2199 1447 2460 1502 omnibus
2472 1450 2723 1551 DiPnYSii
2743 1454 3031 1557 codiCibqs
3055 1460 3290 1562 legi-”Fi
3315 1466 3412 1519 sed
3436 1485 3574 1523 vera
3595 1470 3764 1570 Ῑθΰξῑῠ

547 1572 671 1607 mus
687 1554 891 1609 Parius.
921 1555 1062 1608 Mihi
1083 1554 1315 1626 quidem
1334 1554 1486 1609 idem
1508 1556 1733 1611 videtur
1759 1577 1777 1612 ε
1799 1577 2000 1632 nempe
2022 1561 2110 1613 vi-
2199 1544 2280 1586 est
2315 1533 2613 1608 Φυγαλευς·
2644 1540 2786 1593 Nam
2819 1541 2892 1596 de
2915 1562 3101 1615 Pruna
3126 1549 3360 1620 ‘lmdem
3396 1553 3615 1626 syllaba
3649 1558 3763 1611 d¹⁵·

548 1643 742 1696 cinitas
764 1643 872 1696 loci
902 1642 1126 1708 fecerit,
1154 1654 1220 1697 ut
1243 1643 1336 1696 alii
1364 1644 1625 1712 Naxium,
1646 1646 1744 1699 alii
1767 1647 1992 1701 Parium
2012 1666 2108 1701 vo-

546 1740 755 1784 carent.
791 1754 814 1779 »
843 1729 971 1785 Haec
992 1731 1208 1785 Vossius
1230 1727 1396 1803 (Hist.
1420 1730 1516 1786 Gr.
1539 1751 1601 1804 p.
1637 1733 1777 1805 440)
1807 1746 1991 1803 recte,
2021 1738 2103 1789 uti

545 1816 788 1871 videtur.
826 1818 1011 1871 Verba
1037 1815 1340 1872 Clementis
1374 1818 1490 1872 haec
1521 1830 1651 1872 sunt
1682 1838 1697 1872 ε
1730 1818 2102 1897 Μελεσαγόρου

545 1900 645 1979 γὰρ
673 1900 858 1980 ἔκλεψε
886 1900 1107 1980 Γοργίας
1127 1905 1155 1959 ὁ
1201 1901 1465 1967 Λεοντῖνος
1489 1901 1580 1959 καὶ
1606 1901 1846 1978 Εὔδημος
1861 1910 1889 1964 ὁ
1912 1905 2101 1974 Νάξιος

542 1990 591 2045 οἱ
615 1987 881 2067 ἱστορικοί.
913 1993 1094 2045 Miror
1119 1991 1387 2063 Gorgiam
1408 1991 1771 2059 historicum,
1803 2004 1972 2066 atque
1995 2014 2095 2049 eo-

544 2078 673 2132 dem
687 2077 816 2149 jure
844 2079 1010 2133 etiam
1036 2075 1349 2132 Eudemum
1376 2096 1568 2132 rerum
1601 2080 1973 2152 scriptoribus
1998 2102 2098 2136 ac-

543 2166 753 2219 censeri
782 2166 1064 2237 suspicans
1104 2166 1292 2219 nescio
1316 2183 1389 2219 an
1428 2162 1702 2238 Εὔδημος,
1733 2185 1942 2253 nomen
1973 2169 2098 2224 frc—

540 2253 961 2323 quentissimum
976 2291 991 2317 ‚
1015 2262 1347 2322 corruptum
1370 2253 1439 2313 sit
1452 2271 1520 2306 ex
1557 2249 1742 2329 Εὐήνῳ
1762 2294 1777 2321 ,
1816 2251 1986 2308 Pario
2003 2274 2096 2312 so—

538 2339 755 2409 phista,
784 2334 1057 2404 SocratiS,
1092 2348 1156 2391 ut
1178 2338 1437 2391 nonnulli
1465 2339 1760 2409 dicebant,
1803 2344 2092 2415 magistro,

538 2426 688 2478 Num
736 2424 877 2497 quid
912 2423 1165 2478 historici
1218 2427 1532 2498 argumenti
1579 2423 1832 2493 Euenum,
1881 2429 2096 2483 Philisti

538 2512 817 2581 historici,
847 2523 911 2567 ut
938 2511 1276 2584 quibusdam
1319 2513 1561 2585 placuit,
1590 2526 1926 2587 praeceptor,
1957 2519 2097 2571 scri-

536 2601 738 2672 pserit,
770 2598 958 2654 dicere
978 2618 1099 2654 non
1131 2599 1316 2655 habeo
1331 2640 1346 2667 ,
1369 2618 1553 2672 neque
1576 2613 1763 2656 tamen
1786 2621 1874 2657 res
1897 2604 1969 2658 ab
1999 2605 2091 2658 in-

536 2688 701 2759 genio
724 2687 1100 2760 sophistarum
1124 2687 1412 2742 abhorret.

615 2772 793 2828 Clem.
813 2774 903 2829 Al.
926 2770 1185 2828 Strom.l.
1204 2774 1243 2828 l.
1269 2793 1283 2827 :
1304 2769 1391 2829 Τὰ
1406 2769 1651 2831 Ἡσιόδου
1667 2772 2000 2848 μετήλλαξαν
2016 2776 2085 2841 εἷς

535 2857 688 2925 πεζὸν
715 2857 865 2935 λόγον
906 2858 995 2915 καὶ
1035 2861 1106 2924 ὡς
1149 2856 1255 2914 ἴδια
1286 2856 1561 2936 ἐξήνεγκαν
1609 2859 1853 2936 Εὔμηλός
1898 2884 1956 2918 τε
1994 2861 2085 2919 καὶ

539 2942 889 3009 Ἀκουσίλαος.
944 2945 1036 3001 Ad
1077 2965 1202 3019 quae
1259 2948 1718 3003 Westermannus
1763 2949 1779 3023 (
1822 2951 1883 3003 in
1931 2954 2086 3005 Voss.

534 3033 674 3091 llist.
694 3051 755 3107 p.
784 3033 859 3107 6)
894 3052 908 3086 ι
941 3057 961 3083 ι
996 3030 1117 3087 Hoc
1147 3034 1276 3087 loco
1305 3044 1403 3087 aut
1429 3033 1502 3089 de
1535 3036 1645 3089 alio
1678 3033 1916 3091 Eumelo
1942 3040 2090 3111 cogi-

533 3120 794 3188 tandum,
825 3132 921 3175 aut
946 3115 1187 3192 Εὕμηλος
1214 3121 1276 3173 in
1305 3115 1543 3193 Εὔδημος
1566 3122 1903 3177 mutandum
1930 3136 2028 3181 est.
2057 3148 2080 3174 υ

531 3210 661 3263 Non
680 3206 853 3263 credo
890 3226 909 3265 ,·
941 3209 1054 3261 imo
1080 3225 1149 3262 ex
1175 3217 1370 3261 nostro
1391 3208 1519 3264 loco
1548 3220 1605 3263 et
1634 3227 1705 3264 ex
1728 3210 1914 3265 verbis
1932 3208 2087 3267 Pau-

532 3297 697 3350 saniae
719 3297 800 3364 ΙΙ,
849 3315 871 3351 1
896 3336 910 3364 ,
947 3315 969 3350 1
1004 3316 1018 3350 2
1048 3290 1345 3368 Εὔμηλος..
1372 3291 1426 3357 ὃς
1449 3290 1540 3349 καὶ
1571 3290 1672 3364 ἔπη
1697 3293 1905 3373 λέγεται
1933 3301 2085 3369 ποιῆ·

530 3402 641 3451 σαι,
665 3380 819 3457 φησὶν
842 3382 895 3437 ἐν
936 3383 1001 3457 τῇ
1043 3378 1286 3459 Κορινθίᾳ
1316 3383 1590 3460 συγγραφῇ
1627 3382 1713 3456 (εἰ
1741 3380 1802 3450 δὴ
1836 3382 2082 3459 Εὐμήλου

527 3489 586 3543 γε
615 3471 648 3538 ἡ
674 3466 980 3547 συγγραφή)
1013 3466 1242 3547 Ἐφύραν
1264 3469 1402 3538 κτλ.,
1428 3480 1583 3543 patet
1599 3473 1913 3543 prosarium
1945 3492 2087 3546 opus

527 3556 631 3611 sub
681 3554 899 3611 Eumeli
940 3559 1170 3612 nomine
1198 3557 1589 3612 circumlatum
1629 3575 1769 3625 esse,
1809 3560 1889 3611 uti
1930 3571 2085 3614 recte

526 3646 715 3699 statuit
762 3644 1168 3703 Markscheffel.
1219 3646 1279 3700 in
1338 3642 1567 3701 Hesiodi
1617 3654 1723 3701 etc.
1775 3645 1974 3719 fragm.
2019 3666 2079 3720 p.

528 3731 642 3786 223
671 3750 797 3804 sqq.
824 3732 1108 3807 Reliquias
1136 3722 1300 3801 hujus
1338 3734 1522 3804 operis
1558 3731 1688 3787 vide
1708 3751 1804 3806 ap.
1833 3734 2077 3789 eundem

524 3838 584 3892 P·
608 3818 718 3897 397
748 3837 875 3927 {qq-
905 3814 971 3894 (¹¹)

584 4018 646 4080 (⁴¹)
684 4038 708 4060 a
734 4016 903 4068 Varias
933 4015 1203 4065 historiolas
1237 4029 1299 4065 ex
1325 4016 1543 4065 Eudemo
1583 4016 1744 4065 nescio
1769 4030 1869 4078 quo
1906 4023 2072 4071 narrat

520 4091 734 4140 AElianus
748 4088 800 4137 in
815 4086 1020 4138 Historia
1037 4087 1347 4147 Animalium‚
1372 4089 1427 4135 ut
1446 4090 1534 4148 111,
1569 4093 1653 4148 21,
1673 4086 1736 4135 de
1748 4087 1885 4136 leone
1902 4088 2078 4139 leaena·

518 4172 616 4221 que
660 4171 823 4208 ursam
860 4157 1063 4207 mirifice
1086 4157 1428 4207 ulciscentibus
1450 4158 1513 4207 ob
1554 4157 1826 4237 catulorum
1861 4159 2073 4239 casdem3

520 4231 635 4277 item
657 4231 723 4278 lv
737 4264 752 4289 ,
778 4233 825 4289 8,
841 4227 903 4277 de
919 4226 1152 4290 supplicio
1168 4226 1300 4289 quod
1326 4227 1487 4289 pullus
1512 4229 1739 4277 sumserit
1750 4225 1811 4276 de
1828 4241 2074 4289 equisone,

518 4299 633 4358 quia
655 4311 831 4360 equam
862 4297 1070 4358 iniisset;
1094 4299 1144 4348 et
1163 4296 1378 4356 eiusdem
1402 4298 1510 4346 libri
1536 4310 1641 4358 cap.
1671 4300 1731 4346 45
1749 4297 1811 4346 de
1841 4298 1977 4348 leone
1997 4302 2074 4350 ul-

517 4368 725 4418 ciscente
738 4367 870 4418 canis
888 4365 1243 4417 contubernalis
1255 4366 1328 4416 sui
1342 4367 1524 4417 eaedem
1544 4367 1605 4415 ab
1623 4380 1734 4416 ursa
1752 4372 2008 4431 patratam,
2027 4374 2076 4419 et

510 4450 624 4500 cap.
643 4443 704 4495 43
718 4438 780 4488 de
793 4439 903 4488 seris
921 4438 1108 4500 Libycis
1125 4437 1427 4488 undecimam
1437 4449 1683 4517 quamque
1700 4436 1875 4518 praedaae
1890 4441 2073 4521 partein

517 4508 898 4569 relinquentibus
930 4507 1191 4573 intactam3
1223 4508 1272 4555 et
1311 4520 1355 4556 c.
1397 4513 1460 4577 56·
1479 4505 1539 4555 de
1563 4506 1714 4554 vitulo
1740 4506 1959 4588 marino,
1989 4522 2074 4571 qui

516 4590 680 4626 amore
705 4578 885 4627 exarsit
914 4578 1132 4639 spongias
1155 4576 1407 4639 piscantis;
1429 4578 1541 4625 etv
1555 4611 1570 4641 ,
1591 4580 1616 4624 7
1652 4575 1713 4625 de
1729 4589 1868 4625 sinna
1891 4590 1920 4625 a
1946 4591 2077 4627 sum·

517 4660 610 4695 mae
632 4647 816 4697 arboris
848 4660 983 4696 ramo
1014 4646 1313 4709 dependente
1334 4649 1480 4707 atque
1504 4645 1568 4694 ita
1588 4659 1640 4694 se
1661 4648 1828 4695 tuente
1845 4647 2074 4698 adversus

420 4758 425 4765 .
518 4718 632 4766 seles
661 4718 819 4778 (Adde
836 4722 934 4780 111,
956 4724 1015 4767 20
1033 4721 1082 4767 et
1100 4717 1314 4779 Apostol.
1341 4720 1415 4778 V,
1435 4721 1514 4765 96.
1540 4719 1634 4777 lx,
1652 4722 1727 4797 ²⁷:
1754 4719 1871 4777 xli,
1892 4723 1938 4798 93
1964 4720 2068 4780 XX,

518 4790 621 4850 39).
646 4806 670 4830 »
688 4790 832 4838 Voss.
853 4802 903 4851 p.
928 4792 1019 4837 440
1044 4788 1119 4837 ed.
1156 4789 1419 4838 Westerm.
1439 4790 1560 4843 Quoe
1583 4799 1745 4835 omnia
1766 4787 1990 4836 fluxerint
2009 4803 2072 4837 ex

2199 1632 2431 1692 crepant
2461 1624 2788 1696 scriptores,
2821 1632 2952 1700 quia
2977 1632 3068 1686 alii
3107 1633 3382 1710 Φυγάλεια
3416 1644 3672 1712 malunt,
3705 1659 3767 1700 ut

2197 1705 2398 1778 Polyb.
2421 1709 2519 1775 lv,
2557 1710 2612 1779 3,
2647 1710 2701 1779 5,
2724 1715 2815 1768 alii
2836 1714 3121 1792 Φιγάλεια,
3152 1733 3216 1776 ut
3234 1725 3486 1781 Rbianus
3505 1731 3567 1783 in
3595 1733 3755 1787 Mes—

2193 1794 2423 1848 seniacis
2459 1796 2744 1869 Stephano
2766 1812 2927 1871 teste,
2972 1806 3067 1859 alii
3107 1808 3550 1889 ἰιειιιίῐηγαλέα,
3590 1831 3658 1875 ut
3685 1832 3767 1874 est

2192 1881 2345 1952 apud
2374 1884 2616 1938 eundem
2634 1888 2997 1959 Stephanum,
3022 1894 3115 1948 alii
3132 1894 3392 1971 Φιγαλία,
3415 1914 3480 1957 ut
3501 1916 3587 1959 est
3605 1908 3760 1980 apud

2190 1967 2397 2022 Athen.
2422 1971 2538 2040 XI,
2561 1991 2621 2045 p.
2656 1974 2789 2044 465,
2814 1979 2899 2047 D;
2941 1984 3076 2053 479,
3108 1983 3170 2038 C.
3195 1985 3314 2049 „sed
3351 1999 3541 2044 tamen
3565 1993 3644 2048 de
3675 2013 3767 2050 se-

2191 2054 2377 2109 cunda
2404 2059 2584 2112 vocali
2606 2080 2799 2116 omnes
2817 2067 3155 2139 conspirant.
3186 2096 3210 2121 υ
3243 2074 3373 2129 Haec
3397 2080 3629 2135 Vossius
3651 2085 3767 2159 [De

2192 2138 2330 2195 nist.
2376 2161 2463 2216 gr.
2493 2163 2553 2217 p.
2598 2164 2671 2202 22
2701 2149 2793 2204 ed.
2815 2153 3080 2209 Westrm.
3108 2155 3334 2230 )„cujus
3372 2161 3616 2221 decreto
3659 2171 3763 2223 viri

2187 2489 2346 2559 quod
2367 2489 2439 2545 de
2454 2494 2622 2549 rebus
2641 2498 2814 2553 Ioniae
2836 2501 3131 2558 Democles
3146 2509 3367 2581 scripsit
3383 2551 3400 2577 ,
3423 2513 3510 2565 uti
3532 2516 3762 2590 colligis

2187 2592 2253 2628 ex
2305 2579 2505 2647 unic0,
2552 2584 2708 2654 quod
2753 2601 3031 2659 superest,
3089 2590 3423 2667 fragmento.
3471 2600 3667 2673 Igitur
3716 2606 3762 2658 si

2185 2663 2327 2732 quid
2353 2668 2704 2739 mutandum,
2725 2675 3044 2746 scripserim
3067 2677 3329 2753 Πυγελεύς
3357 2684 3438 2755 (v.
3463 2686 3754 2761 Xenoph.

2189 2744 2332 2803 lien.
2362 2753 2419 2819 1,
2458 2771 2490 2806 2
2507 2795 2522 2821 ,
2553 2774 2585 2809 2
2607 2776 2623 2825 ;
2666 2759 3022 2836 Theopomp.
3074 2766 3143 2820 fr.
3182 2768 3289 2836 623
3334 2771 3542 2827 Strabo
3589 2777 3757 2841 xlv,

2182 2853 2242 2907 p.
2261 2836 2404 2911 6393
2425 2840 2690 2914 Stephan.
2713 2847 2826 2919 Byz
2840 2867 2884 2903 s,
2909 2848 3013 2925 v.).
3035 2849 3149 2907 Sed
3167 2872 3238 2909 ne
3257 2856 3367 2911 hoc
3391 2860 3634 2930 quidem
3663 2884 3763 2918 ne-

2185 2926 2479 2980 cessarium
2504 2940 2603 2983 est.
2625 2933 2766 2986 Nam
2794 2932 3009 3010 Πύγελα
3034 2941 3311 3012 oppidum
3331 2944 3400 3005 ab
3425 2946 3546 3001 aliis
3565 2951 3764 3005 minus

2186 3010 2369 3066 ionice
2394 3013 2491 3068 sed
2515 3015 2802 3075 decentius
2827 3025 3153 3080 nominatur
3176 3026 3416 3102 Φύγελα.
3441 3032 3592 3088 vid..
3609 3032 3764 3109 Scy-
3843 3076 3860 3095 .
3887 3074 3888 3087 ι

2184 3096 2273 3150 lax
2295 3117 2356 3169 p.
2379 3119 2484 3154 221
2522 3102 2615 3158 ed.
2644 3105 2851 3177 Clam„
2898 3112 3046 3166 Mela
3069 3113 3127 3181 1,
3166 3133 3257 3185 17,
3287 3136 3320 3169 2
3349 3129 3406 3172 et
3426 3119 3654 3177 Plinius
3682 3123 3756 3179 ΙΙ.

2183 3184 2252 3236 Ν.
2277 3186 2345 3252 V,
2369 3204 2465 3261 29,
2495 3188 2588 3257 31,
2611 3193 2710 3246 ubi
2733 3194 2854 3250 haec
2877 3214 2892 3250 ε
2919 3200 2993 3251 In
3015 3218 3255 3273 oraquae
3276 3204 3525 3276 ngilia
3544 3214 3759 3282 appel-

2186 3270 2348 3339 latur,
2387 3275 2584 3329 Cessas
2607 3286 2810 3338 amnis.
2831 3286 3007 3355 Regio
3027 3288 3282 3343 omnibus
3298 3292 3533 3346 Ionibus
3547 3314 3750 3363 sacra,

2180 3369 2239 3410 et
2262 3360 2386 3414 ideo
2416 3363 2688 3419 Panionia
2711 3372 3023 3445 appellata.
3048 3375 3228 3450 Juxta
3270 3397 3309 3430 a
3322 3375 3586 3449 fugitivis
3612 3403 3760 3440 con·

2178 3446 2348 3500 ditum
2378 3448 2490 3521 (uti
2508 3470 2707 3507 nomen
2726 3459 2928 3514 indicio
2951 3459 3072 3536 est)
3097 3461 3353 3535 Phygela
3361 3463 3494 3535 suit
3519 3481 3587 3522 et
3609 3473 3762 3529 Ma·

2176 3533 2475 3590 rathesium
2503 3544 2784 3614 oppidum.

2939 3645 2987 3683 1.

2255 3715 2456 3773 Strabo
2481 3721 2526 3789 1,
2568 3740 2627 3794 p.
2676 3722 2751 3779 58
2793 3745 2807 3780 ε
2838 3726 3210 3802 Μιμνῆσκεται
3246 3729 3299 3789 δὲ
3331 3734 3691 3815 (Δημήτριος
3729 3745 3760 3799 ὁ

2175 3798 2437 3880 Σκήψιος)
2464 3803 2591 3884 πρὸς
2616 3813 2782 3867 ταῦτα
2805 3815 2908 3869 τῶν
2929 3814 3031 3873 ὑπὸ
3058 3818 3390 3893 Δημοκλέους
3413 3823 3751 3899 λεγομένων,

2173 3888 2415 3962 σεισμούς
2442 3914 2580 3958 τινας
2609 3897 2890 3973 μεγάλους,
2913 3901 3031 3969 τοὺς
3065 3902 3159 3979 μὲν
3185 3905 3352 3964 πάλαι
3379 3907 3500 3987 περὶ
3535 3913 3755 3971 Λυδίαν

2172 3975 2471 4051 γενομένους
2520 3980 2611 4037 καὶ
2664 3981 2867 4043 Ἰωνίαν
2916 3987 3071 4068 μέχρι
3127 3996 3222 4062 τῆς
3276 3995 3531 4073 Τρῲάδος
3599 4001 3758 4059 ἱστο-

2172 4064 2404 4138 ροῦντος,
2436 4068 2521 4145 ὑφ’
2562 4057 2636 4126 ὧν
2663 4071 2754 4128 καὶ
2776 4075 2956 4149 κῶμαι
2986 4079 3348 4151 κατεπόθησαν
3379 4081 3469 4139 καὶ
3501 4083 3760 4155 Σίπυλος

2168 4151 2500 4232 κατεστράφη
2530 4154 2667 4212 κατὰ
2687 4156 2781 4225 τὴν
2807 4162 3082 4221 Ταντάλου
3109 4166 3381 4244 βασιλείαν
3401 4168 3492 4225 καὶ
3521 4169 3577 4238 ἐξ
3599 4175 3755 4233 ἑλῶν

2168 4233 2347 4309 λίμναι
2375 4239 2632 4314 ἐγίνοντο,
2659 4244 2716 4275 ’“
2741 4245 2837 4317 τὴν
2867 4247 2921 4305 δὲ
2939 4252 3134 4330 Τροίαν
3160 4253 3414 4313 ἐπέκλυσε
3442 4261 3610 4333 κῦμα.

2165 4371 2307 4421 detur
2320 4377 2585 4429 Creuzerus
2601 4381 2648 4430 in
2661 4386 2795 4433 Hm.
2813 4389 3001 4449 Kunst,
3020 4401 3068 4450 p.
3082 4393 3192 4453 274,
3205 4390 3284 4441 ed.
3305 4394 3542 4454 ¹8⁴5,ubi
3555 4395 3624 4447 de
3639 4403 3757 4450 Eu-

2165 4441 2311 4493 demo
2325 4449 2483 4497 Pario
2501 4450 2645 4500 habet
2659 4454 2763 4502 haec
2784 4473 2797 4503 z
2824 4476 2846 4498 τι
2866 4460 3148 4519 Fragmente
3164 4461 3285 4510 sehr
3302 4465 3462 4522 vieto,
3482 4466 3604 4515 aber
3619 4483 3753 4520 zum

2163 4512 2300 4562 Theil
2316 4514 2428 4564 dem
2455 4520 2699 4571 Eudemus
2715 4537 2811 4573 von
2826 4528 2983 4576 Naxos
2999 4530 3286 4593 angehoerig,
3328 4533 3428 4582 und
3444 4533 3578 4584 daun
3596 4542 3752 4591 wohl

2163 4594 2223 4629 zu
2243 4586 2605 4639 unterscheiden
2629 4605 2740 4641 vom
2762 4596 3104 4658 Peripatetiker
3119 4601 3391 4665 Eudemus,
3410 4603 3496 4653 der
3521 4607 3647 4657 sehr
3667 4614 3751 4661 oft

2161 4653 2415 4713 angeliihrt
2441 4659 2583 4707 wird.
2615 4680 2638 4704 υ
2671 4663 3038 4725 Peripateticum
3072 4669 3313 4720 Rhodium
3328 4709 3343 4733 ‚
3377 4673 3464 4735 qui
3495 4676 3712 4737 physica
3731 4720 3748 4740 ‚

2161 4723 2503 4776 mathematica
2520 4732 2570 4777 et
2588 4733 2873 4795 astrologica
2895 4738 3108 4800 scripsit,
3139 4752 3254 4788 cum
3285 4744 3462 4792 Nostro
3495 4745 3634 4795 baud
3665 4751 3748 4798 sa·

2166 4792 2259 4841 cile
2279 4797 2572 4849 confundere
2595 4801 2725 4854 licet.
2745 4808 2818 4855 De
2837 4808 3030 4870 reliquis
3048 4811 3276 4861 Eudemis
3290 4814 3590 4878 rhetoribus,
3621 4832 3749 4870 me-

513 4870 659 4919 opere
691 4857 892 4907 AElianei
926 4857 1084 4906 simili.
1122 4859 1265 4907 Certe
1295 4870 1324 4905 a
1346 4859 1519 4906 Nostro
1536 4856 1762 4905 historico
1792 4857 1948 4905 aliena
1966 4870 2070 4907 esse
2157 4862 2301 4924 dicis,
2321 4866 2450 4929 aliis,
2472 4872 2556 4932 qui
2578 4885 2608 4920 a
2622 4874 2761 4924 nobis
2772 4888 2969 4938 prorsus
2986 4880 3130 4930 alieni
3155 4885 3298 4944 sunt,
3314 4884 3426 4934 vide
3444 4886 3743 4941 Fabricium

510 4927 725 4978 dubitari
747 4928 831 4976 vix
862 4931 1032 4989 potest.
1067 4930 1356 4989 Quanquam
1384 4925 1446 4974 ad
1468 4926 1601 4974 hunc
1637 4926 1724 4974 ista
1754 4924 1973 4975 retulisse
2000 4928 2071 4975 vi-

2156 4931 2204 4979 in
2229 4934 2350 4983 Bibl.
2370 4940 2455 4987 Gr.

515 5020 3710 5068 m——x———q

578 5163 810 5211 Memorat
836 5163 1104 5211 Demetrius
1122 5082 1341 5224 Scepsitis
1358 5174 1415 5211 ea
1432 5173 1543 5222 quae
1565 5174 1593 5209 a
1620 5160 1844 5209 Democle
1866 5173 2066 5211 narran-

511 5244 613 5299 tur,
636 5240 777 5288 terrie
805 5238 1029 5288 nimirum
1048 5238 1282 5301 quosdam
1300 5239 1515 5300 ingentes
1543 5240 1727 5297 metm,
1756 5238 1838 5299 qui
1871 5238 1986 5286 olim
2019 5239 2066 5288 in

2156 5082 2303 5141 Lydia
2331 5086 2527 5138 fuerunt
2543 5092 2593 5139 et
2613 5093 2745 5142 Ionia
2771 5109 2924 5159 usque
2950 5098 3012 5146 ad
3038 5099 3273 5150 Troadem
3289 5137 3304 5161 ‚
3322 5103 3502 5164 quibus
3532 5108 3581 5155 et
3613 5108 3743 5172 pagi

2155 5165 2268 5210 sunt
2288 5164 2498 5229 absorpti
2518 5172 2565 5218 et
2585 5172 2774 5234 Sipylus
2790 5186 2952 5223 eversa
2975 5182 3200 5237 regnante
3217 5181 3421 5229 Tantalo
3439 5219 3454 5241 ,
3470 5186 3521 5231 et
3545 5198 3608 5232 ex
3641 5200 3744 5248 pa.

2159 5240 2346 5291 indibus
2368 5243 2499 5294 lacus
2517 5249 2673 5309 magni
2693 5250 2824 5312 facti,
2845 5252 2894 5277 *¹*
2918 5253 3208 5316 TmJamque
3235 5254 3411 5307 nucius
3434 5259 3648 5309 inaudax
3660 5263 3731 5314 it.
