3900 6042
550 525 624 574 60
1924 500 2208 562 fflPPlAE
2246 499 2415 559 ELEl

541 646 849 702 felicissima
858 644 1070 697 valeret
1079 640 1349 695 memoria
1367 637 1548 714 (Plato
1564 637 1738 709 Hipp.
1765 632 1899 709 maj.
1916 653 1977 708 p.
1995 653 2092 706 97,
2181 629 2354 688 πάντα
2381 627 2448 687 τὰ
2468 632 2707 688 τοιαῦτα.
2729 631 2863 685 Haec
2892 631 3009 703 ipse
3027 629 3269 703 Hippias
3292 647 3379 703 ap.
3398 630 3532 686 Plat.
3548 649 3601 703 p.
3621 650 3700 704 97,

543 734 588 788 Ε
612 730 706 806 (*);
737 729 1062 785 Philostrat.
1085 729 1154 785 V.
1184 726 1428 799 Sophist.
1467 743 1526 797 p.
1577 723 1739 798 597),
1781 723 1855 776 ita
1895 720 2093 795 profe-
2182 722 2229 776 E
2253 717 2454 793 (275).
2482 741 2506 768 υ

543 813 713 879 ecrit,
748 820 814 863 ut
841 825 1065 862 omnem
1106 807 1311 859 artium
1341 803 1877 875 disciplinarumque
1904 798 2093 854 ambi-
2265 807 2544 864 Hactenus
2571 805 2642 861 de
2668 806 2781 860 vita
2808 805 3048 878 Hippia„
3087 807 3226 876 Quae
3251 815 3512 878 pra-terea
3537 805 3600 861 de
3621 824 3705 860 va-

544 908 661 951 lum
694 896 1191 968 001¹1Plecteretm',
1223 908 1408 962 neque
1431 907 1521 945 eas
1546 900 1765 943 tantum
1781 927 1797 957 2
1830 905 1953 960 quae
1980 886 2099 941 ⁵01²
2184 896 2360 954 nitate
2386 894 2493 948 viri
2507 904 2564 948 et
2570 891 2835 963 jactantia
2856 891 3043 965 deque
3056 892 3283 966 placitis
3300 891 3416 963 ejus
3435 902 3490 946 et
3510 891 3706 947 dicendi

543 985 600 1038 vi
629 984 837 1057 ingenii
856 981 1267 1046 excolerentur,
1287 996 1484 1032 verum
1505 978 1673 1032 etiam
1694 994 1817 1048 quae
1832 992 2100 1028 manuum
2187 999 2393 1056 genere
2438 998 2505 1036 ex
2551 979 2788 1054 dialogis
2825 979 3076 1034 Platonis
3112 980 3241 1034 erui
3287 989 3537 1052 possunt,
3576 978 3706 1052 apud

546 1069 785 1125 artificio
806 1078 1221 1134 exercerentur,
1242 1063 1616 1138 probabiliter
1635 1063 1878 1116 novisset
1899 1059 2095 1138 (Hipp.
2190 1070 2373 1141 ipsum
2398 1067 2653 1124 Geelium
2688 1067 2875 1139 legere
2906 1076 3007 1121 est,
3036 1066 3125 1122 Cf,
3163 1066 3415 1122 Brandis,
3439 1065 3618 1121 Gesch,
3650 1066 3700 1121 d·

544 1159 682 1214 min.
707 1175 767 1230 p.
798 1154 934 1222 230,
961 1155 1024 1223 B,
1052 1164 1107 1207 et
1128 1151 1263 1218 231,
1281 1152 1331 1207 G
1354 1147 1448 1226 (¹⁶⁴¹)
1471 1151 1602 1205 coll.
1630 1150 1892 1204 Philostr.
1924 1149 1966 1202 l.
1998 1143 2394 1222 1·)·Ph1·los.
2416 1164 2557 1208 tom,
2587 1154 2645 1221 1,
2673 1172 2729 1226 p,
2766 1151 2901 1221 545,
2923 1164 2979 1208 et
2997 1153 3304 1210 Heindorf,
3337 1162 3392 1208 et
3416 1149 3702 1207 stamnum,

548 1245 676 1314 Quo
699 1242 905 1297 lactum
926 1251 1006 1295 est
1023 1249 1087 1294 ut
1109 1257 1140 1292 a
1170 1239 1392 1292 civitate
1418 1255 1514 1292 sua
1540 1236 1776 1290 idoneus
1800 1234 2104 1288 haberetur
2191 1242 2265 1297 ad
2292 1242 2511 1298 Platon,
2543 1241 2714 1314 nim),
2742 1240 2875 1310 maj,

545 1330 791 1402 aliquam
804 1327 1127 1401 reipublicae
1142 1343 1334 1380 curam
1350 1322 1600 1399 gerendo
1622 1318 1772 1397 (²⁸¹⁴),
1791 1321 2104 1393 saepiusque
2269 1326 2517 1401 Scripta,
2571 1345 2696 1400 φη»,
2734 1328 2959 1400 ffippjae
3004 1326 3146 1384 Eleo
3195 1327 3532 1394 tribuuntur,
3570 1326 3739 1381 novi—x.

547 1418 760 1491 legatus
783 1427 901 1470 tum
925 1414 999 1469 ad
1025 1414 1157 1468 alias
1184 1413 1380 1484 urbeS,
1417 1423 1537 1466 tum
1562 1410 1819 1483 inprimis
1842 1407 2103 1463 Lacedae-
2192 1434 2317 1469 mus
2335 1414 2478 1487 duo,
2511 1410 2836 1488 Συναγωγή,
2868 1413 2972 1487 (fr,
3010 1433 3031 1469 1
3054 1413 3073 1487 )
3112 1424 3172 1470 et
3198 1409 3515 1491 Ἀναγραφὴ,
3541 1409 3711 1484 Ὀλυμ.

547 1519 778 1556 monem
801 1502 1136 1555 mitteretur.
1160 1498 1318 1553 Plato
1342 1498 1381 1551 l.
1402 1498 1441 1551 l.
1460 1499 1543 1552 Ac
1560 1514 1665 1570 per
1683 1496 1854 1569 ipsam
1873 1491 2105 1567 quidem
2192 1502 2436 1557 πωνιχῶν
2487 1500 2580 1574 (fr,
2620 1497 2708 1578 ς),
2739 1502 2843 1556 His
2863 1501 3143 1557 addenda,
3175 1512 3306 1556 mm
3333 1497 3521 1558 Ἐθνῶν
3550 1497 3713 1571 ὄνομα,

548 1588 752 1642 harum
774 1587 1119 1660 legationum
1153 1581 1669 1656 opportunitatem,
1709 1599 1865 1648 suam
1893 1579 2108 1634 doctri-

549 1693 680 1730 nam
709 1663 1095 1730 divenditabat
1137 1689 1151 1725 ε
1197 1670 1452 1738 Athenis,
1485 1669 1588 1723 ubi
1616 1687 1649 1723 a
1675 1668 1906 1723 Platone
1939 1664 2100 1742 (²⁶.***)

548 1773 604 1815 et
629 1761 983 1834 Xenophane
1005 1776 1325 1813 sermonem
1352 1775 1481 1812 cum
1505 1753 1736 1811 Socrate
1757 1755 1971 1809 habens
1992 1753 2104 1808 fin-

547 1851 719 1924 gitur3
751 1850 810 1901 in
829 1844 1035 1913 Sicilia,
1052 1845 1153 1899 ubi
1172 1863 1203 1898 e
1223 1845 1454 1917 regione
1484 1843 1727 1915 quadam
1753 1842 1957 1915 Inyca,
1983 1859 2104 1896 ma·

549 1954 658 2008 gna
717 1932 1078 1988 institutionis
1137 1930 1398 1985 mercede
1449 1929 1764 2002 poscenda,
1824 1932 2107 2002 ingentem

547 2022 847 2096 pecuniam
881 2019 1066 2091 coegit
1096 2016 1282 2091 (Plato
1314 2017 1353 2070 l.
1386 2017 1426 2070 l.
1460 2016 1564 2088 96,
1595 2018 1667 2083 C,
1699 2027 1754 2071 et
1785 2018 2104 2074 Philostrat.

551 2110 590 2164 1.
607 2109 689 2182 Ι.);
707 2106 1134 2174 Lacedaemone,
1151 2104 1252 2158 ubi
1266 2122 1440 2175 quum
1453 2104 1708 2158 homines
1721 2105 1906 2158 minus
1916 2105 2111 2159 avidos

553 2196 756 2250 harum
786 2193 1112 2247 deliciarum
1160 2190 1608 2263 deprehenderet
1625 2232 1640 2259 ,
1672 2193 1845 2265 magis
1888 2203 2108 2247 austero

553 2282 820 2336 utebatur
848 2277 1074 2332 dicendi
1102 2294 1307 2351 genere
1348 2277 1813 2349 gravioribusque
1839 2278 2110 2351 loquendi

554 2350 925 2442 argumentis,
954 2383 1145 2419 rerum
1169 2364 1525 2436 publicarum
1555 2382 1757 2438 genera
1784 2383 2075 2420 recensens
2091 2407 2107 2433 ,

556 2457 630 2511 de
659 2454 897 2509 coloniis
926 2445 1306 2524 operibusque
1338 2451 1580 2523 publicis
1608 2451 1894 2524 disputans
1929 2471 1943 2505 :
1972 2450 2110 2529 ’Περὶ

553 2544 657 2598 τῶν
683 2541 875 2616 γενῶν,
913 2524 957 2593 ὦ
988 2532 1265 2615 Σώκρατες
1283 2581 1299 2607 ,
1332 2538 1436 2592 τῶν
1463 2557 1519 2592 τε
1545 2534 1728 2614 ἡρώων
1759 2536 1848 2593 καὶ
1876 2538 1980 2593 τῶν
2011 2538 2106 2593 ἀν·-

555 2625 776 2704 θρώπων
795 2620 885 2680 καὶ
912 2624 1013 2679 τῶν
1043 2624 1410 2692 κατοικίσεων,
1440 2624 1510 2688 ὡς
1531 2621 1590 2679 τὸ
1623 2623 1841 2702 ἀρχαῖον
1872 2621 2111 2693 ἐκτίσθη·

557 2736 655 2770 σαν
695 2714 751 2769 αἱ
792 2709 993 2780 πόλεις,
1021 2707 1111 2767 καὶ
1157 2708 1456 2779 συλλήὸδην
1498 2709 1670 2780 πάσης
1709 2713 1800 2781 τῆς
1829 2712 2114 2790 ἀρχαιολο-

555 2799 671 2874 γίας
711 2797 901 2866 ἥδιστα
941 2797 1232 2876 ἀκροῶνται
1269 2796 1502 2873 (***⁴*),
1546 2795 1672 2855 ὥστ’
1715 2797 1881 2875 ἔγωγε
1924 2796 1990 2853 δι’
2018 2798 2110 2854 αὖ·

556 2885 677 2951 τοὺς
714 2884 1057 2960 ἠνάγκασμαι
1102 2884 1525 2960 ἐκμεμαθηκέναι
1563 2884 1653 2942 καὶ
1700 2883 2113 2961 μεμελετηκέναι

2194 1585 2304 1644 σίαι
2333 1588 2437 1660 (fr‚
2474 1587 2566 1661 3),
2597 1589 2638 1642 si
2675 1588 2907 1661 quidem
2936 1599 3091 1644 recte
3138 1588 3357 1659 conjeci
3394 1586 3537 1661 apud
3566 1587 3710 1640 schol.

2197 1679 2305 1748 Ap.
2346 1676 2459 1731 Rh.
2507 1676 2621 1743 111,
2679 1692 2827 1747 ¹079
2853 1693 2961 1747 pro
3001 1670 3068 1732 ‘l.
3102 1675 3133 1730 ό
3178 1673 3369 1743 Δήλιος
3395 1670 3747 1728 scribendum·

2198 1759 2399 1818 esse‘l.
2432 1762 2460 1816 ὁ
2495 1758 2722 1824 Ἠλεῖος.
2753 1759 3024 1817 Similiter
3052 1763 3311 1818 Osannus
3330 1762 3369 1815 l.
3399 1762 3437 1816 l.
3469 1777 3567 1832 pro
3591 1759 3710 1829 Hip·

2196 1850 2289 1921 pia
2326 1846 2526 1903 ThasIo
2545 1867 2635 1921 ap.
2666 1848 3026 1902 Aristotelem
3052 1849 3260 1921 reponi
3291 1848 3411 1901 vult
3435 1847 3611 1900 Eleum
3637 1839 3710 1920 (⁸).

2198 1967 2277 1978 -
2303 1938 2439 2007 Quae
2476 1954 2543 1990 ex
2576 1936 2865 2010 Συναγωγῇ
2895 1936 3201 1990 Athenaeus
3236 1937 3394 2003 citat,
3424 1951 3484 1988 ea
3518 1940 3630 1986 sunt
3652 1928 3710 1988 de

2197 2023 2516 2096 Thargelia,
2566 2040 2755 2076 cunno
2805 2021 3202 2078 celeberrimo.
3234 2024 3380 2076 Hinc
3427 2020 3468 2073 si
3512 2016 3711 2072 conclu-

2200 2109 2335 2164 dere
2356 2108 2573 2183 aliquid
2594 2110 2753 2177 licet,
2782 2103 3103 2184 Συναγωγὴν
3134 2112 3296 2165 fu'sse
3310 2106 3605 2180 putaverim
3628 2104 3711 2156 τῶν

2198 2193 2411 2261 ἐνδόξων
2438 2197 2696 2271 γυναικῶν
2720 2195 2830 2271 β’).
2855 2197 3091 2251 Accedit
3129 2196 3289 2269 quod
3326 2192 3581 2265 ejusmodi
3605 2188 3710 2243 libri

2198 2285 2417 2340 indoles
2432 2285 2578 2340 bene
2603 2284 2842 2358 quadrat
2866 2303 2999 2338 cum
3034 2285 3308 2358 Catalogo
3333 2277 3711 2353 Olympionica-

2199 2390 2325 2425 rum
2355 2383 2411 2425 et
2428 2391 2556 2426 cum
2585 2390 2758 2443 opere
2783 2371 2855 2426 de
2884 2369 3227 2426 Nominibus
3253 2369 3600 2444 populorum.
3623 2362 3712 2416 Ne·

2200 2475 2312 2529 que
2353 2458 2533 2512 aliena
2571 2456 2734 2528 hujus
2761 2458 2981 2530 generis
3020 2468 3353 2531 argumenta
3378 2473 3408 2510 a
3441 2450 3618 2509 studiis
3635 2465 3710 2502 so·

2198 2545 2510 2618 phistarum
2562 2544 2725 2599 fuisse
2766 2545 2856 2598 vel
2904 2544 3038 2598 inde
3080 2545 3345 2618 colligas,
3385 2538 3534 2614 quod
3570 2535 3710 2591 Polus

2202 2649 2432 2703 quoque
2459 2631 2786 2704 Catalogmn
2830 2649 3058 2699 eorum,
3103 2633 3207 2703 qui
3245 2642 3372 2686 ante
3395 2625 3600 2697 Trojam
3621 2639 3713 2695 pu-

2201 2730 2476 2791 gnarunt,
2508 2720 2744 2773 texuisse
2768 2718 3057 2772 ferebatur
3082 2718 3172 2792 (v,
3204 2718 3400 2790 fragm.
3431 2704 3708 2783 Damasia).

2201 2806 2380 2861 Aliter
2405 2807 2595 2861 statuit
2624 2805 2779 2863 Bode
2804 2803 3030 2878 (Gesch.
3048 2806 3109 2862 cl.
3138 2825 3225 2879 cp.
3266 2802 3478 2859 Dichek.
3507 2818 3563 2873 p.
3594 2794 3708 2869 28),

2203 2893 2302 2964 qui
2345 2893 2610 2967 Hippiam
2640 2893 2699 2946 in
2741 2892 3031 2969 Συναγωγῇ
3063 2893 3137 2948 de
3182 2892 3423 2967 pulchro
3443 2898 3498 2944 et
3517 2890 3712 2939 venusto

2207 2978 2512 3052 disputasse
2541 2990 2742 3036 censet.
2778 2980 2991 3034 Contra
3018 2981 3276 3036 osannus
3302 2981 3340 3034 l.
3383 2978 3423 3033 1.
3469 2972 3711 3029 declama-

2204 3068 2383 3122 tiones
2403 3068 2474 3122 ah
2502 3067 2710 3140 Hippia
2737 3076 2957 3139 paratas
2986 3077 3042 3121 et
3068 3070 3305 3141 scriptas
3341 3074 3524 3139 postea
3546 3058 3608 3113 ab
3631 3054 3712 3109 ali·

2204 3171 2321 3226 quo
2349 3154 2638 3222 collectas,
2669 3171 2904 3226 eamque
2933 3155 3330 3209 collectionem
3353 3140 3617 3221 Συναγωγή
3637 3142 3710 3195 in·-

2206 3243 2471 3315 scriptam
2491 3259 2606 3296 esse
2632 3243 2845 3312 statuit.
2867 3243 2953 3296 Tu
2971 3241 3183 3300 videas.
3206 3270 3275 3281 —
3296 3243 3426 3312 Quae
3450 3235 3707 3305 reliquamK

2204 3327 2415 3400 Hippia
2457 3324 2791 3394 afferuntur,
2822 3327 2986 3381 certis
3013 3327 3174 3383 libris
3201 3328 3288 3406 vel
3330 3315 3713 3381 declamationi·-

620 3075 682 3137 (*)
709 3074 864 3128 ’Ἀπαξ
898 3072 1104 3127 ἀκούσας
1144 3072 1434 3129 πεντήκοντα
1466 3072 1675 3133 ὀνόματα
1715 3072 2111 3134 ἀπομνημονεῦω.

620 3143 708 3204 (**)
740 3142 961 3190 Socrates
981 3139 1049 3188 ad
1079 3140 1300 3202 Hippiam
1335 3158 1348 3189 ι
1380 3140 1594 3200 Ἔφησθα
1623 3140 1672 3188 δὲ
1710 3140 1959 3201 ἀφικέσθαι
1999 3141 2113 3190 πότε

559 3215 624 3268 εἰς
646 3209 908 3271 Ὀλυμπίαν
923 3244 937 3269 ,
965 3210 999 3257 ἃ
1033 3210 1155 3271 εἶχες
1190 3212 1291 3272 περὶ
1315 3211 1370 3257 τὸ
1388 3215 1532 3271 σῶμα
1563 3209 1776 3270 ἅπαντα,
1800 3214 1978 3257 σαυτοῦ
2002 3210 2115 3271 ἔργα

559 3283 698 3344 ἔχων.
722 3282 914 3343 Πρῶτον
935 3277 1016 3339 μὲν
1038 3277 1281 3328 δακτύλιον
1316 3278 1547 3338 (ἐντεῦθεν
1578 3278 1668 3339 γὰρ
1694 3278 1861 3340 ἤρχου)
1887 3278 1942 3326 ὃν
1964 3279 2086 3342 εἶχες
2099 3316 2114 3340 ,

564 3356 743 3401 σαυτοῦ
767 3353 889 3415 ἔχειν
917 3353 1048 3416 ἔργον
1062 3364 1073 3376 ·
1093 3354 1156 3405 ὡς
1175 3349 1478 3410 ἐπιστάμενος
1500 3348 1773 3403 δακτυλίους
1794 3349 1982 3412 γλύφειν
1998 3363 2008 3375 ·
2031 3353 2116 3400 καὶ

565 3423 706 3479 ἀλλην
734 3424 965 3484 σφραγῖδα
979 3458 994 3484 ,
1017 3423 1103 3472 σὸν
1126 3421 1257 3484 ἔργον
1269 3454 1285 3480 ,
1307 3421 1389 3466 καὶ
1420 3420 1695 3480 στλεγγίδα,
1729 3420 1808 3467 καὶ
1836 3420 2033 3475 λήκυθον
2046 3457 2061 3481 ,
2087 3422 2118 3470 ἃ

567 3493 705 3548 αὐτὸς
741 3493 944 3555 εἰργάσω
958 3508 971 3520 ·
1011 3493 1174 3541 ἔπειτα
1210 3491 1489 3552 ὑποδήματα
1511 3489 1543 3537 ἃ
1579 3489 1729 3552 εἶχες,
1766 3489 1944 3549 ἰφησθα
1980 3491 2116 3548 αὐτὸς

566 3567 916 3622 σκυτοτομῆσαι
934 3597 949 3620 ,
973 3562 1055 3610 καὶ
1074 3562 1129 3610 τὸ
1161 3559 1345 3622 ἱμάτιον
1370 3560 1537 3621 ὑφῆναι
1553 3596 1566 3620 ,
1588 3561 1668 3607 καὶ
1687 3561 1769 3607 τὸν
1803 3559 2114 3621 χιτωνίσκον·

564 3632 644 3678 καὶ
666 3631 721 3691 (ὅ
738 3646 793 3692 γε
809 3635 953 3679 πᾶσιν
971 3631 1120 3687 ἔδοξεν
1142 3630 1445 3678 ἀτοπώτατον
1458 3666 1472 3690 ,
1491 3630 1569 3678 καὶ
1593 3629 1759 3691 σοφίας
1780 3630 2000 3689 πλείστης
2023 3631 2117 3680 ἐπί·

565 3702 763 3762 zzz-wa)
788 3701 945 3759 ἐπειδὴ
971 3702 1055 3758 τὴν
1080 3701 1226 3756 ζώνην
1250 3700 1428 3760 ἔφησθα
1458 3704 1541 3748 τοῦ
1559 3700 1871 3761 χιτωνίσκου,
1890 3702 1947 3757 ἢν
1968 3701 2117 3764 εἶχες,

561 3777 685 3826 εἰναι
710 3779 792 3840 μὲν
812 3779 908 3827 οἶαι
933 3781 982 3826 αἱ
1019 3779 1246 3840 Περσικαὶ
1274 3782 1367 3825 τῶν
1390 3777 1680 3837 πολυτελῶν,
1699 3777 1871 3834 ταύτην
1907 3779 1957 3825 δὲ
1982 3778 2120 3834 αὐτὸς

571 3850 745 3904 πλέξαι.
778 3848 900 3910 Πρὸς
918 3847 966 3894 δὲ
996 3845 1176 3899 τούτοις
1210 3847 1449 3907 ποιήματα
1477 3845 1601 3907 ἔχων
1627 3845 1770 3900 ἐλθεῖν
1785 3880 1800 3905 ,
1831 3847 1910 3894 καὶ
1931 3846 2020 3903 ἔπη
2040 3848 2120 3896 καὶ

570 3916 824 3978 τραγῳδίας
851 3917 932 3964 καὶ
955 3914 1255 3978 διθυράμὸους
1283 3917 1363 3962 καὶ
1386 3914 1709 3976 καταλογάδην
1733 3916 1930 3971 πολλοὺς
1956 3915 2121 3975 λόγους

571 3987 651 4034 καὶ
670 3986 991 4040 παντοδαποὺς
1015 3985 1342 4046 συγκειμένους
1356 3997 1368 4009 ·
1393 3985 1474 4032 καὶ
1502 3986 1606 4047 περὶ
1637 3990 1733 4033 τῶν
1768 3990 1944 4047 τεχνῶν
1968 3985 2024 4043 δὴ
2056 3986 2122 4034 ὧν

572 4057 675 4111 ἄρτι
699 4055 792 4116 ἐγὼ
816 4054 1000 4114 ἔλεγον,
1031 4054 1301 4114 ἐπιστήμων
1323 4053 1565 4115 ἀφικέσθαι
1594 4054 1894 4117 διαφερόντως
1931 4055 2025 4102 τῶν
2043 4056 2122 4105 ἆλ-

575 4126 695 4185 λων,
715 4125 798 4171 καὶ
815 4125 917 4186 περὶ
945 4125 1132 4187 ῥυθμῶν
1154 4123 1235 4171 καὶ
1255 4125 1488 4186 ἁρμονιῶν
1519 4125 1599 4170 καὶ
1623 4123 1908 4185 γραμμάτων
1931 4123 2123 4186 ὀρθότη-

568 4210 662 4249 τος.
684 4193 823 4242 Modo
841 4196 1007 4242 teneas
1025 4196 1273 4244 Socratem
1292 4205 1421 4254 esse,
1439 4191 1526 4255 qui
1544 4192 1650 4241 haec
1663 4193 1828 4253 iactet.
1852 4195 1930 4244 Cf.
1956 4196 2125 4245 Cicero

575 4266 641 4310 De
657 4266 784 4311 orat.
817 4266 914 4324 111,
938 4269 1016 4313 32.

634 4331 745 4395 (***)
779 4332 977 4394 Hippias
1007 4332 1121 4394 maj.
1142 4344 1192 4394 p.
1223 4339 1302 4387 95,
1338 4335 1378 4380 D
1413 4331 1542 4393 (285)
1572 4350 1583 4379 :
1619 4333 1678 4381 ‘11
1701 4332 1790 4396 γὰρ
1815 4331 1980 4394 Ἦλις,
2006 4336 2124 4398 Hip-

571 4402 678 4463 pias
699 4402 858 4463 inquit
871 4439 886 4462 ,
920 4402 1031 4450 ὅταν
1049 4419 1092 4449 τι
1113 4402 1270 4458 δέηται
1307 4401 1640 4463 διαπράξασθαι
1659 4403 1771 4465 πρός
1802 4420 1905 4452 τινα
1921 4411 2015 4454 τῶν
2034 4407 2121 4455 πό-

572 4472 689 4520 λεων
703 4506 719 4530 ,
739 4472 812 4519 ἀεὶ
845 4472 919 4520 ἐπὶ
951 4477 1134 4534 πρῶτον
1168 4472 1249 4531 ἐμὲ
1269 4471 1450 4534 ἔρχεται
1481 4476 1576 4519 τῶν
1611 4473 1814 4521 πολιτῶν
1828 4509 1842 4534 ,
1876 4476 2126 4537 αἱρουμένη

574 4542 855 4603 πρεσὸευτὴν
874 4577 887 4600 ,
916 4541 1151 4603 ἡγουμένη
1183 4542 1405 4597 δικαστὴν
1423 4540 1503 4588 καὶ
1533 4541 1729 4602 ἄγγελον
1748 4544 2036 4593 ἱκανώτατον
2058 4546 2127 4594 εἷ·-

574 4627 651 4658 ναι
674 4617 768 4659 τῶν
794 4611 975 4673 λόγων,
998 4612 1043 4658 οἳ
1062 4612 1119 4659 ἂν
1142 4613 1269 4673 παρὰ
1291 4615 1385 4658 τῶν
1407 4610 1589 4660 πόλεων
1612 4611 1824 4662 ἑκάστων
1848 4614 2095 4674 λέγωνται.

640 4678 776 4739 (****)
798 4678 1055 4727 Athenaeus
1070 4681 1132 4737 V,
1143 4691 1192 4739 p.
1207 4682 1315 4739 218,
1336 4680 1374 4726 C
1388 4697 1401 4726 ε
1417 4679 1474 4728 'O
1487 4680 1538 4728 δὲ
1550 4681 1749 4729 Πλάτων
1759 4683 1840 4729 καὶ
1857 4683 1937 4731 τὸν
1948 4683 2130 4732 Ἠλεῖον

575 4746 761 4796 Ἱππίαν
780 4747 1087 4810 συμπαρόντα
1099 4752 1227 4795 ποιεῖ
1239 4748 1287 4796 ἐν
1299 4753 1370 4809 τῷ
1388 4750 1697 4812 Πρωταγόρᾳ,
1713 4751 1830 4811 μετά
1845 4768 1982 4801 τινων
2002 4754 2130 4802 ἰδίων

578 4817 777 4868 πολιτῶν
791 4829 803 4841 ·
830 4815 908 4870 οὓς
926 4817 1014 4864 οὐκ
1036 4817 1159 4871 εἰκὸς
1184 4817 1232 4864 ἐν
1252 4816 1461 4875 Ἀθήναις
1500 4816 1719 4880 ἀσφαλῶς
1759 4819 2007 4882 διατρίὸειν
2043 4825 2131 4886 πρὸ

576 4890 659 4938 τοῦ
690 4886 772 4941 τὰς
795 4885 1028 4940 ἐνιαυσίας
1052 4886 1128 4933 ἐπὶ
1150 4883 1368 4949 Ἰσάρχου
1391 4886 1493 4946 (01.
1515 4891 1607 4947 89,
1632 4894 1673 4936 1.
1702 4900 1746 4936 a.
1771 4891 1828 4937 G.
1856 4891 1977 4952 424)
1999 4891 2134 4941 Ἐλα-

577 4955 859 5070 ρηὸολιῶνος
900 4954 1251 5012 συντελεσθῆναι
1283 4954 1503 5010 σπονδάς.
1541 4957 1802 5017 Sequentia
1849 4970 1928 5019 ap.
1972 4959 2130 5021 ipsum

593 5037 810 5151 ὛΜἼ
845 5091 1119 5153 Philostrat.
1141 5095 1205 5141 V.
1226 5092 1372 5153 Sopb.
1397 5105 1444 5154 p.
1465 5094 1557 5141 495
1576 5091 1693 5141 dicit
1721 5093 1946 5155 Hippiam
1982 5097 2029 5144 in
2050 5110 2130 5146 ce-

581 5159 696 5209 teris
732 5161 932 5209 Groeciae
965 5159 1167 5210 urbibus
1200 5173 1445 5210 semones
1469 5161 1729 5210 instituisse
1753 5161 1815 5211 de
1841 5165 2128 5225 geometria,

580 5230 903 5291 astronomia,
928 5229 1141 5290 musica,
1167 5229 1364 5279 historia
1402 5230 1638 5290 ristun-ali,
1659 5231 1881 5294 pingendi
1907 5236 2010 5282 arte
2039 5254 2050 5282 :
2083 5236 2130 5282 ἐν
2196 5269 2203 5278 .

2202 3412 2310 3474 bus
2332 3413 2607 3487 assignare
2634 3415 2930 3471 nonlicet.

2207 3591 2527 3653 Λακεδαίμονι
2559 3593 2609 3642 δὲ
2650 3593 2759 3654 γε’νη
2801 3608 2855 3642 τε
2893 3593 3016 3656 διῄει
3067 3592 3253 3643 πόλεων
3291 3592 3370 3641 καὶ
3405 3583 3600 3638 ἀποικίας
3643 3577 3709 3627 ²⁸²3

2207 3662 2347 3724 εργα,
2371 3662 2469 3710 επεὶ
2498 3665 2542 3711 οι
2560 3661 2922 3724 Λακεδαιμόνιοι
2942 3662 3020 3711 διὰ
3040 3664 3097 3711 τὸ
3113 3662 3373 3725 βούλεσθαι
3399 3657 3544 3718 ἄρχειν
3561 3654 3610 3711 τῇ
3627 3646 3708 3707 ἰδέᾳ

2210 3731 2361 3793 ταύτῃ
2386 3730 2594 3795 ἔχαιρον.
2622 3735 2691 3781 De
2708 3732 2784 3781 his
2802 3732 3279 3782 Lacedaemoniorum
3298 3726 3474 3781 deliciis
3489 3722 3542 3772 ci.
3562 3723 3709 3792 Ostap-

2212 3803 2465 3861 Beitroeye
2485 3813 2532 3848 z.
2565 3800 2738 3849 (ἔσει-ἠ.
2759 3799 2812 3848 d.
2832 3812 2911 3860 qr.
2945 3813 3001 3850 u.
3033 3812 3082 3850 r.
3117 3804 3229 3850 ιιι.
3263 3802 3337 3860 ll,
3357 3810 3402 3859 p·
3431 3801 3511 3852 2⁶3
3541 3787 3653 3839 idem
3671 3794 3710 3830 ¹¹¹

2208 3871 2389 3921 Rhein.
2406 3872 2539 3919 Mus.
2557 3873 2693 3932 1843,
2707 3882 2755 3930 ρ.
2777 3872 2867 3919 495
2879 3883 2950 3932 sq.
2969 3889 2983 3918 ι
3006 3870 3321 3933 Dersoplzist
3340 3867 3543 3929 Hippias
3560 3856 3710 3907 atur·

2207 3939 2563 4062 ehglffiistot.
2585 4001 2700 4048 Poet
2736 4012 2783 4047 c.
2810 4005 2870 4048 25
2890 3998 2976 4060 (26
2994 3998 3181 4059 Herm.)
3200 3998 3381 4062 Hippiae
3406 3991 3715 4046 Tamiram·

2211 4063 2430 4116 dationes
2452 4069 2596 4117 affert
2622 4068 2834 4116 duorum
2865 4068 3083 4117 locorum
3109 4068 3300 4118 nometi
3339 4063 3478 4128 (Iliad
3515 4059 3581 4123 β’,
3615 4051 3715 4102 ¹⁵⁶²

2209 4139 2278 4200 ψ,
2313 4143 2420 4187 328.
2457 4137 2533 4186 Cf.
2560 4137 2713 4187 Wolf.
2752 4139 2966 4199 Prolegg.
3006 4151 3053 4200 p.
3097 4144 3213 4199 168,
3242 4138 3325 4188 ubi
3353 4128 3714 4206 nippiaeoqussffl

2211 4206 2405 4266 quoiae
2436 4206 2620 4254 artibus
2647 4205 2845 4267 dignum
2877 4207 3097 4268 tribuit).
3127 4207 3331 4257 Aliunde
3364 4203 3423 4254 de
3462 4200 3616 4274 ruwp
3640 4189 3714 4237 ¹³²⁰

2212 4288 2310 4325 uon
2329 4278 2535 4325 constat.
2566 4275 2737 4324 Eleum
2772 4290 2888 4326 vero
2922 4278 3135 4325 multum
3168 4278 3219 4326 in
3246 4273 3433 4327 Homeri
3467 4257 3713 4318 carmussb‘¹⁶

2210 4349 2456 4394 versatum
2496 4358 2598 4395 esse
2633 4345 2813 4395 scimus
2849 4347 2936 4406 (V.
2975 4346 3077 4395 cic.
3108 4350 3180 4396 De
3213 4349 3336 4398 orat.
3360 4346 3447 4394 111.
3476 4343 3542 4398 12,
3559 4334 3714 4391 “W

2212 4415 2425 4478 disputat
2456 4417 2673 4477 Spengel.
2712 4420 2815 4465 Art.
2838 4418 3003 4478 script.
3029 4429 3077 4479 p.
3100 4417 3220 4480 60).
3250 4420 3406 4476 Quare
3427 4412 3624 4461 osam!¹¹¹3
3637 4397 3665 4445 ¹·
3685 4392 3713 4440 Ι·

2214 4498 2261 4546 p.
2287 4491 2375 4534 510
2394 4498 2569 4534 nomen
2589 4489 2825 4535 HAEIOC
2842 4487 3013 4536 abiisse
3032 4491 3194 4537 censet
3216 4489 3265 4537 in
3290 4483 3524 4537 ΘΑΟΙΟΟ.
3544 4471 3594 4523 ld
3608 4460 3713 4530 (1⁰⁰⁶

2215 4556 2322 4605 veri
2354 4555 2669 4605 simillimum.
2710 4557 2968 4618 corruptio
3005 4558 3168 4606 tamen
3195 4558 3414 4620 antiqua,
3442 4551 3494 4598 ut
3526 4542 3639 4608 &¹0²
3664 4543 3714 4581 θ’

2217 4624 2488 4673 Alexandro
2522 4624 2777 4686 aphrodis.
2812 4624 2875 4673 ad
2905 4625 3102 4675 Aristot.
3138 4628 3336 4678 Elench.
3368 4617 3560 4683 Sophist-
3586 4609 3664 4666 W»
3692 4604 3715 4648 ⁸

2219 4693 2330 4754 (ubi
2357 4701 2438 4744 Ar.
2464 4695 2632 4744 eedem
2656 4695 2831 4757 repetit
2852 4709 2953 4745 non
2979 4696 3228 4747 nominato
3250 4691 3465 4752 auctore)
3482 4684 3560 4736 fol.
3587 4684 3648 4729 ¹¹2·
3664 4697 3715 4751 -ζ

2220 4765 2460 4812 Praeterea
2481 4768 2781 4813 memoratur
2803 4768 3011 4828 Hippias
3044 4767 3379 4827 Erythrae-s,
3395 4756 3573 4810 incertae
3587 4744 3716 4796 8⁰⁸³

2216 4833 2439 4895 scriptor,
2470 4833 2555 4894 qui
2591 4834 2759 4896 patriae
2788 4835 3037 4885 historiam
3058 4836 3327 4899 composuit
3344 4830 3530 4896 (Athen-
3549 4833 3593 4883 Ρ·
3625 4817 3713 4866 ²⁵⁸¹

2218 4902 2301 4963 F).
2334 4905 2405 4951 De
2430 4902 2549 4963 hoc,
2574 4916 2662 4951 suo
2686 4902 2811 4952 loco.
3690 4945 3713 4958 ..

2279 4971 2365 5032 (τ’)
2399 4972 2477 5020 sic
2511 4973 2618 5021 utri
2646 4974 2901 5034 Συναγωγή
2944 4975 3120 5023 citatur
3151 4974 3449 5040 simpliciter,
3486 4969 3616 5025 ‘1⁰⁸⁰‘
3650 4949 3715 4998 ⁸¹¹¹

2218 5039 2406 5101 plenius
2436 5040 2605 5090 dicunt
2638 5045 2687 5091 Σ.
2709 5043 2922 5101 Ἀττικὴν
2961 5045 3037 5094 vel
3071 5050 3165 5094 τῶν
3197 5046 3416 5095 Ἀτθίδων.
3450 5028 3711 5092 Quamquam

2218 5108 2345 5159 idem
2368 5110 2512 5159 etiam
2531 5113 2815 5174 Συναγωγήν
2834 5119 2927 5162 τῶν
2948 5117 3188 5177 Κρητικῶν
3212 5117 3379 5165 θυσιῶν
3394 5097 3636 5166 seriment-
