3900 6042
1311 477 1812 539 DEMOCRITUS
1851 477 2256 538 ABDEmTA.

182 620 351 675 titulis
378 619 746 685 enumeratiS,
776 617 1055 689 Diogenes
1084 613 1240 669 addit
1277 614 1392 669 haec
1424 598 1734 672 [Τάττουσι

177 707 231 763 δι’
252 727 385 771 τινες
402 708 521 762 κατ’
552 702 690 760 ἰδίαν
711 703 771 760 ἐκ
795 705 898 759 τῶν
922 698 1346 777 Ὑπομνημάτων
1366 699 1656 758 καὶταῦτα·

256 844 296 883 1.
338 823 421 884 Τὸ
446 824 567 901 πιρὶ
591 824 696 878 τῶν
717 823 771 879 ἐν
801 818 1079 879 Βαὸυλῶνι
1096 822 1247 899 ἱερῶν
1276 819 1625 898 γραμμάτων.

249 933 295 970 ².
341 911 477 993 Περὶ
500 912 607 967 τῶν
629 910 683 967 ἐν
706 908 887 987 Μερόῃ
900 909 1052 984 ἱερῶν
1077 907 1405 989 γραμμάτων
1434 907 1520 982 (“).

253 1020 300 1057 a.
344 996 482 1075 Περὶ
514 993 767 1075 ἱστορίης.

256 1105 304 1143 ι.
349 1079 650 1147 Χαλδαϊκὸς
675 1082 842 1157 λόγος.

252 1194 295 1231 ι.
337 1169 572 1253 Φρυγιος
585 1169 751 1246 λόγος.

256 1280 300 1318 α.
332 1258 470 1338 Περὶ
498 1262 723 1335 πυρετοῦ
752 1255 841 1313 καὶ
871 1256 971 1311 τῶν
996 1251 1101 1310 ἀπὸ
1126 1249 1278 1311 νόσου
1297 1252 1595 1331 βησσόντων
1623 1254 1705 1330 (Ρ).

256 1366 297 1405 ⁷
336 1342 553 1419 Νομικὰ
579 1344 744 1402 αἴτια.

253 1454 300 1491 ⁸.
338 1426 629 1508 Χερνικᾶιῆ
657 1424 1030 1505 προὸλήματα.

253 1542 337 1594 De
365 1538 451 1592 his
494 1535 826 1591 Mullacbius
851 1552 911 1607 p.
963 1551 1064 1587 101
1113 1551 1127 1587 ι
1168 1557 1191 1581 «ι
1223 1534 1292 1587 In
1327 1534 1739 1588 commentariis

181 1626 372 1681 ethicis
406 1625 602 1697 plures
622 1614 783 1676 erant
808 1620 879 1675 de
904 1620 1217 1693 peregrinis
1252 1620 1513 1692 gentibus
1537 1619 1701 1691 dispu
1718 1650 1737 1660 ·

188 1711 458 1779 tationes,
478 1726 616 1782 quas
652 1706 946 1774 nonnulli,
970 1716 1035 1758 ut
1063 1724 1132 1759 ex
1160 1705 1416 1778 Diogene
1438 1704 1730 1773 discimus»,

183 1817 213 1853 a
234 1798 456 1869 reliquo
497 1793 1037 1850 commentariorum
1075 1809 1320 1863 corpore
1355 1802 1735 1859 secernentes,

182 1885 487 1958 peculiares
505 1881 727 1935 libellos
738 1877 1088 1950 judicabant,
1118 1889 1287 1949 atque
1314 1879 1543 1932 nomine
1568 1893 1738 1951 argu-

187 1972 353 2026 menti
399 1980 614 2023 naturae
663 1966 1035 2022 conveniente
1078 1964 1495 2037 appellabant»
1541 1962 1735 2030 (conf.

190 2060 326 2115 idem
344 2078 406 2131 Ρ.
446 2063 553 2121 124
577 2055 620 2129 ).
644 2054 818 2126 Quod
843 2072 961 2108 non
972 2053 1393 2126 persuasitmihi
1417 2054 1503 2106 vir
1527 2052 1740 2110 doctis-

192 2149 371 2201 simus».
407 2147 624 2211 Immo,
657 2160 837 2214 quum
864 2135 1256 2214 Ὑπομνήματα
1292 2139 1495 2195 diversi
1525 2145 1743 2231 generis

193 2232 683 2287 commentationes
715 2228 1246 2301 complecterentur,
1278 2245 1741 2302 unumquemque

196 2319 386 2374 librum
408 2337 519 2391 pro
544 2316 819 2391 peculiari
856 2332 1028 2387 opere
1062 2315 1271 2369 habere
1305 2314 1536 2381 licebat,
1573 2328 1741 2389 atque

199 2418 316 2461 octo
351 2406 532 2471 tituli,
566 2422 713 2477 quos
756 2404 1037 2476 Diogenes
1068 2401 1263 2469 affert,
1293 2400 1638 2474 respondent
1667 2404 1741 2457 li-

200 2492 302 2547 bris
336 2503 468 2547 octo
500 2488 951 2563 Ὑπομνημάτων.
977 2518 1058 2531 ——
1083 2490 1343 2544 Ceterum
1384 2490 1635 2561 quamvis
1670 2490 1742 2546 de

203 2579 525 2653 argumentis
567 2577 900 2651 paucissima
936 2574 1247 2647 eademque
1278 2575 1405 2629 satis
1442 2575 1679 2632 obscura
1710 2596 1744 2634 a

207 2666 470 2719 veteribus
512 2662 830 2730 tradantur,
876 2662 967 2716 vel
1005 2680 1072 2716 ex
1102 2652 1341 2715 'levibus
1377 2662 1466 2715 his
1503 2664 1745 2738 vestigiis

207 2751 391 2825 colligo
410 2746 809 2824 Υπομνήματα
831 2767 949 2803 non
978 2748 1141 2803 fuisse
1167 2750 1502 2817 Democriti,
1531 2750 1629 2805 sed
1656 2770 1746 2807 se-

206 2837 352 2892 rioris
384 2837 632 2891 hominis
671 2836 870 2889 soetum
909 2834 1012 2889 sub
1060 2835 1385 2908 philosophi
1426 2836 1657 2891 nomine
1684 2838 1745 2890 in

208 2925 383 2995 vulgus
411 2924 650 2979 editum.

272 3012 472 3066 Plinius
494 3012 568 3068 H.
598 3010 670 3064 N.
704 3009 913 3077 XXIV,
952 3027 1084 3077 102,
1108 3028 1166 3082 p.
1203 3007 1274 3063 36
1300 3009 1547 3066 Tauchn.
1582 3028 1594 3062 ε
1622 3011 1743 3065 De-

210 3103 399 3152 maer-ite·
427 3108 577 3152 certe
622 3094 967 3150 Chimo-meta
1008 3113 1124 3149 esse
1165 3107 1397 3150 constat.
1440 3098 1518 3149 At
1565 3101 1624 3149 in
1657 3096 1747 3150 his

210 3186 293 3238 ille
332 3198 467 3258 post
536 3182 915 3255 Pythagoram
974 3201 1259 3257 magorum
1318 3184 1745 3239 studiosissimus

209 3284 394 3341 quanto
403 3276 814 3344 portentosiora
841 3269 1054 3323 uadit?
1091 3271 1157 3324 In
1188 3269 1546 3342 sequentibus
1569 3288 1637 3324 ex
1675 3289 1745 3325 eo

210 3357 337 3412 libro
355 3359 536 3412 multa
565 3356 731 3412 affert
750 3355 822 3410 de
841 3356 1030 3411 herbis
1060 3357 1118 3410 vi
1147 3358 1362 3431 magica
1387 3356 1653 3430 praeditis.
1676 3390 1748 3401 —

210 3442 345 3500 Patet
381 3443 633 3499 eundem
658 3442 868 3497 librum
894 3442 1133 3498 indicari
1150 3483 1167 3512 ,
1203 3461 1373 3516 quem
1402 3437 1630 3520 Χερνικὰ
1654 3461 1747 3515 ap·

200 3533 354 3603 pellat
390 3533 675 3604 Diogenes
706 3525 823 3602 (**).
852 3532 1026 3585 Verus
1054 3530 1246 3583 titulus
1280 3528 1380 3602 qui
1418 3530 1588 3585 fuerit
1630 3547 1750 3583 non

200 3636 416 3691 qum-03
448 3628 507 3673 at
520 3635 689 3672 nemo
710 3615 940 3690 negabit
961 3617 1290 3671 alienissima
1304 3634 1336 3672 a
1355 3628 1545 3671 vetere
1562 3618 1748 3691 philo-

200 3705 370 3778 sopho
399 3722 517 3759 esse
545 3713 795 3757 monstra
818 3703 911 3757 illa
938 3704 1351 3770 narrationum,
1371 3722 1608 3775 quarum
1622 3720 1749 3776 per·

198 3792 365 3846 multa
394 3790 469 3845 de
500 3799 623 3847 arte
659 3799 717 3844 et
755 3788 1015 3844 doctrina
1064 3790 1277 3861 magica
1305 3807 1375 3844 ex
1422 3791 1749 3845 Democrito

195 3878 507 3933 aflei-untur
549 3876 635 3951 (V.
691 3872 957 3930 Mullach.
1000 3894 1060 3949 p.
1114 3876 1186 3945 73
1252 3894 1377 3948 sqq.
1427 3877 1467 3949 ).
1530 3877 1751 3931 Etenim

194 3962 573 4037 Pythagoras,
606 3964 991 4035 Empedocles,
1048 3964 1403 4029 Democritus,
1462 3964 1628 4018 Plato
1676 3963 1757 4016 ad

192 4052 333 4106 lianc
358 4055 623 4122 magicen
646 4050 965 4103 discendam
990 4055 1339 4121 navigavere,
1366 4052 1554 4105 exiliis
1570 4055 1754 4105 verius

192 4158 357 4211 quam
370 4136 920 4211 peregrinationibus
930 4142 1207 4209 susceptis.
1226 4138 1387 4191 Hanc
1401 4143 1599 4192 reversi
1609 4157 1756 4211 proe-

192 4227 444 4279 dicavere
491 4243 511 4276 .·
550 4221 702 4280 lianc
740 4229 799 4276 in
853 4230 1077 4277 arcanis
1102 4223 1359 4278 habuere.
1410 4225 1752 4279 Democritus

200 4309 607 4386 Apollobechen
654 4308 902 4383 Coptiten
938 4308 1065 4386 (⁴⁴⁹⁵)
1098 4322 1156 4365 et
1175 4312 1504 4365 Dardanum
1534 4328 1565 4369 e
1585 4311 1756 4366 Phoe-

258 4479 319 4539 (Ἴ
369 4481 425 4526 ln
464 4476 899 4525 Aldobrandiniana
929 4477 1046 4526 edit.
1084 4480 1193 4526 est.
1232 4480 1345 4540 Περὶ
1376 4483 1470 4526 τῶν
1516 4479 1564 4526 ἐν
1598 4479 1755 4542 Μερόῃ

207 4547 703 4609 ὦκωνοῦπερὶπλουω
733 4546 931 4609 reliqua!
948 4547 1084 4597 editt.
1104 4561 1272 4597 omnes
1294 4550 1360 4597 ita
1378 4548 1582 4607 habeut,
1601 4553 1657 4599 ut
1673 4563 1757 4599 su·

208 4629 291 4677 pra
314 4617 581 4678 posuimm.

268 4686 355 4750 θ’)
388 4685 524 4737 Adde
560 4685 750 4735 vitruv.
776 4688 872 4745 lx,
893 4693 919 4735 ³
961 4724 972 4736 .
1000 4689 1197 4736 Multas
1228 4701 1308 4737 res
1332 4688 1632 4743 attendens,
1664 4690 1758 4740 ad·

215 4759 366 4804 miror
395 4759 559 4805 etiam
594 4759 867 4806 Deuwcriti
896 4756 959 4805 de
991 4770 1165 4805 rerum
1188 4762 1385 4807 natura
1418 4760 1677 4809 volumina
1711 4764 1763 4810 et

220 4825 791 4884 ejmcommenlarium,
819 4826 957 4888 quod
976 4826 1279 4876 inscribitur
1298 4832 1334 4877 x
1349 4832 1752 4892 ειροκμήτων,

223 4894 273 4941 ιιι
295 4906 391 4956 quo
408 4895 659 4944 utebatur
692 4895 920 4956 annulo,
938 4899 1152 4956 stonum
1170 4910 1287 4946 cera
1323 4899 1469 4948 molli
1493 4913 1610 4962 quoe
1635 4906 1769 4952 esset

224 4966 461 5024 apertus
485 4966 588 5025 (sc.
616 4977 829 5025 quorum
856 4966 957 5013 vim
982 4966 1214 5028 magicam
1233 4971 1459 5029 expertus
1478 4971 1763 5032 oeset).De

226 5031 407 5150 ῑὶὴίευὴίο
369 5032 479 5083 vide
508 5047 621 5096 quae
654 5034 967 5096 probabiliter
993 5035 1205 5098 disputat
1235 5038 1497 5088 Salmasius
1516 5053 1595 5102 ap.
1636 5042 1762 5090 Mul·

282 5179 391 5240 (m)
422 5179 1050 5243 Apollonidi-mmmmm
1069 5196 1193 5234 corr.
1227 5186 1514 5236 Reiueeius
1502 5203 1547 5239 nn
1568 5188 1762 5252 suppl„

227 5248 347 5307 quod
367 5261 395 5296 a
410 5262 527 5298 vero
555 5249 800 5301 abhorret.

3303 491 3376 541 25

1822 618 1947 668 nice
1965 616 2269 681 iluna-avit,
2318 616 2686 669 voluminibus
2703 615 2961 668 Dardani
2989 619 3048 668 in
3065 617 3371 689 sepulcrum

1821 719 1942 771 ejus
1969 705 2195 775 petitis,·
2227 707 2342 755 suis
2379 720 2500 757 vero
2523 716 2599 756 ex
2614 702 2922 776 disciplina
2946 720 3131 757 eorum
3158 704 3322 758 editis
3350 724 3371 758 :

1823 807 1952 861 quoe
1972 800 2192 863 recepta
2212 791 2286 843 ab
2304 791 2437 843 aliis
2455 789 2736 844 hominum
2768 799 2935 861 atque
2961 795 3242 844 tmnsiisse
3271 809 3380 863 per

1824 882 2150 931 memoriam
2175 895 2334 950 oeque
2379 896 2449 931 ac
2486 876 2634 931 nihi‘
2672 882 2730 930 in
2760 882 2885 930 vita
2919 879 3233 932 mirandum
3275 890 3374 936 est.

1822 966 1896 1017 In
1928 976 2142 1018 tantum
2169 964 2325 1037 fides
2348 969 2467 1018 istis
2484 961 2699 1037 fasque
2724 982 2886 1019 omne
2919 965 3094 1032 deest,
3141 966 3285 1020 adeo
3321 979 3381 1020 ut

1826 1054 1892 1115 ii,
1928 1055 2023 1123 qui
2052 1063 2235 1105 cetera
2263 1056 2320 1105 in
2366 1056 2479 1104 viro
2528 1054 2624 1105 illo
2655 1052 2913 1124 probant,
2951 1049 3077 1105 lucc
3110 1058 3230 1123 ejus
3262 1071 3381 1107 esse

1822 1154 1994 1209 opera
2043 1139 2384 1210 inficientur„
2425 1140 2554 1193 Haec
2602 1138 2810 1192 Plinius
2838 1138 3026 1207 XXX,
3076 1156 3134 1209 2,
3160 1157 3223 1212 p.
3264 1137 3371 1194 251

1824 1225 2073 1279 Tauchn.

1902 1315 2120 1367 Auctor
2157 1308 2364 1365 horum
2403 1311 2830 1367 mendaciorum
2879 1330 2996 1385 prae
3029 1315 3230 1369 ceteris
3271 1312 3380 1371 fuit

1826 1399 1995 1453 Bolus
2015 1398 2358 1466 MendesiuS,
2384 1397 2455 1452 de
2471 1417 2586 1470 quo
2609 1399 2684 1452 ita
2708 1394 2935 1453 Suidas:

1908 1485 2110 1553 Βῶλος,
2139 1484 2539 1562 Δημοκρίτειος,
2576 1482 2868 1563 φιλόσοφος.
2896 1482 3154 1563 Ἱστορίαν
3176 1484 3266 1543 καὶ
3292 1483 3381 1544 τί·

1823 1592 1956 1647 χνην
1985 1565 2246 1647 ἰατρικήν·
2279 1566 2388 1646 ἔχει
2417 1568 2470 1626 δὲ
2504 1569 2666 1635 ἰάσεις
2693 1568 2909 1649 φυσικὰς
2934 1571 3038 1637 ἀπό
3065 1595 3218 1630 τινων
3251 1575 3377 1651 βοη·

1826 1664 1890 1727 θη
1898 1656 2076 1732 μάτων
2100 1661 2190 1726 τῆς
2213 1658 2430 1734 φύσεως.

1959 1747 2084 1810 ’ὅλος
2129 1744 2444 1815 Μενδήσιος,
2482 1744 2847 1822 Πυθαγόριιος.
2883 1744 3018 1824 nept
3057 1748 3160 1803 τῶν
3189 1748 3249 1804 lx
3284 1751 3380 1818 τῆς

1829 1831 2169 1911 ἀναγνώσεως
2195 1836 2298 1889 τῶν
2317 1834 2556 1909 ἱστοριῶν
2572 1833 2643 1897 εἰς
2670 1830 2940 1890 ἐπίστασιν
2955 1837 3102 1908 ἡμᾶς
3123 1833 3371 1910 ἀγόντων.

1827 1919 1964 1998 Περὶ
1981 1918 2306 1995 θαυμασίων.
2337 1918 2551 1979 Φυσικά
2589 1919 2900 1999 [δυναμερά
2925 1921 2977 1998 ]·
3011 1919 3122 1999 ἔχει
3164 1920 3217 1983 δὲ
3258 1923 3378 2004 περὶ

1828 2010 2162 2082 συμπαθιιῶν
2189 2009 2277 2065 καὶ
2297 2009 2653 2065 ἀντιπαθιιῶν.
2681 2006 2886 2085 [Περὶ]
2905 2008 3060 2065 λίθων
3084 2011 3220 2068 κατὰ
3235 2034 3380 2071 στοι-

1828 2095 1993 2172 χιῖον.
2080 2093 2212 2172 Περὶ
2245 2091 2476 2168 σημείων
2514 2095 2618 2149 τῶν
2654 2092 2706 2160 ἐξ
2745 2094 2893 2163 ἡλίου
2928 2093 3016 2151 καί
3044 2096 3264 2168 σελήνης
3289 2102 3380 2156 καὶ

1831 2181 2021 2260 ἄρκτου
2045 2179 2137 2239 καὶ
2167 2179 2360 2259 λύχνου
2387 2178 2480 2238 καὶ
2504 2178 2682 2259 ἴριδος.
2729 2182 2814 2239 Cf.
2852 2184 3069 2240 Eudoc.
3113 2204 3173 2259 p.
3216 2186 3290 2262 93
3324 2200 3382 2243 et

1908 2358 2143 2414 Fallitur
2186 2356 2383 2413 Suidas
2425 2356 2572 2412 inter
2619 2357 2820 2411 Bolum
2861 2359 3279 2415 Democriteum
3327 2370 3384 2415 et

1829 2444 2180 2501 Mendesium
2222 2443 2583 2518 distinguens.
2627 2444 2788 2497 Unus
2825 2455 3065 2516 uterque
3116 2458 3171 2501 et
3208 2447 3377 2502 idem.

1834 2532 2142 2589 Columella
2169 2533 2273 2586 vn
2292 2572 2308 2598 ,
2342 2530 2374 2586 5
2402 2548 2416 2584 ε
2441 2532 2560 2585 Sed
2582 2533 2829 2604 AEgyptii
2851 2538 3032 2603 gentis
3057 2546 3250 2589 auctor
3268 2554 3379 2589 me-

1832 2620 2121 2675 morabilis
2137 2620 2308 2673 Bolus
2333 2618 2668 2684 Mendesius,
2703 2625 2859 2689 cujus
2878 2633 3187 2675 commenta
3204 2663 3217 2683 ,
3256 2641 3383 2695 quae

1833 2708 2189 2780 appellantur
2198 2722 2383 2776 groece
2401 2702 2780 2777 ὑπομνήματα,
2805 2707 2906 2759 sub
2936 2712 3154 2762 nomine
3177 2711 3381 2765 Demo·

1832 2799 1955 2847 criti
1966 2791 2129 2864 faLso
2142 2794 2469 2867 produntur,
2498 2803 2631 2859 etc.,
2660 2803 2769 2846 etc.
2804 2794 3089 2865 (sequitur
3133 2797 3288 2851 locus
3310 2797 3385 2852 de

1833 2882 2241 2955 pustulosarum
2274 2881 2466 2933 ovium
2506 2879 2854 2953 curatione).
2903 2882 3125 2936 Horum
3181 2902 3384 2956 parum

1832 2986 2050 3024 memor
2071 2967 2377 3023 Columella
2405 2966 2516 3020 alio
2536 2967 2665 3020 loco
2692 2985 2800 3040 pro
2827 2967 2966 3025 Bolo
2986 2971 3151 3041 ponit
3174 2973 3386 3026 Demo..

1834 3058 2057 3111 critum.
2090 3056 2174 3109 Ita
2202 3056 2351 3107 enim
2377 3054 2480 3121 XI,
2509 3053 2540 3107 3
2577 3073 2590 3107 ι
2622 3054 2740 3107 Sed
2769 3056 3114 3111 Democritus
3154 3063 3212 3111 in
3232 3078 3298 3114 eo
3328 3061 3388 3112 li·

1835 3145 1929 3197 bro
1950 3147 2046 3215 qui
2063 3142 2376 3195 inscribitur
2394 3137 2525 3217 Περὶ
2550 3140 2866 3211 ἀντιπαθῶν,
2890 3139 3148 3216 affirmat
3171 3144 3277 3200 has
3293 3146 3388 3201 be..

1834 3232 2028 3285 stiolas
2046 3228 2064 3301 (
2079 3246 2271 3283 erucas
2290 3230 2308 3300 )
2325 3234 2560 3295 enecari,
2573 3232 2624 3281 si
2640 3230 2849 3295 muller,
2884 3238 3083 3303 quaein
3098 3241 3388 3289 menstruis

1834 3321 1928 3375 est,
1975 3310 2163 3362 solutis
2204 3308 2445 3361 crinibus
2485 3319 2544 3361 et
2590 3309 2738 3362 nudo
2764 3310 2913 3381 pede
2945 3328 3389 3386 unamquamque

1836 3414 2029 3450 aream
2058 3406 2143 3448 ter
2155 3400 2456 3447 circumeat
2470 3413 2491 3444 .·
2505 3392 2749 3467 posthoc
2761 3399 2908 3449 enim
2923 3396 3176 3451 decidere
3201 3416 3390 3454 omnes

1835 3482 2166 3537 vermiculos
2187 3484 2343 3534 etita
2366 3485 2552 3536 emori.
2579 3478 2652 3555 (¹⁵)

1913 3570 2040 3623 Jam
2067 3568 2253 3622 nullus
2275 3565 2475 3621 dubito
2508 3569 2645 3639 quin
2669 3567 2812 3621 liber
2843 3570 3230 3626 Democriteus
3253 3570 3390 3649 Περὶ

1838 3650 2064 3730 ἱστορίης
2088 3652 2238 3707 idem
2264 3653 2335 3706 sit
2357 3671 2484 3706 cum
2504 3671 2574 3708 eo
2592 3694 2608 3722 ,
2638 3671 2806 3726 quem
2836 3656 3005 3710 Bolus
3016 3659 3234 3730 scripsit
3258 3656 3388 3739 Πιρι

1839 3742 1943 3797 τῶν
1979 3740 2040 3796 ἐκ
2075 3742 2168 3808 τῆς
2215 3735 2556 3813 ἀναγνώσεως
2592 3740 2693 3794 τῶν
2731 3740 2968 3816 ἱστοριῶν
3009 3741 3080 3806 εἰς
3120 3743 3392 3825 ἐπίστασιν

1839 3831 1981 3898 ἡμᾶς
2009 3824 2255 3903 ἀγόντων,
2282 3829 2397 3883 sive
2435 3829 2521 3883 De
2547 3829 2785 3883 utilitate
2831 3847 2999 3901 quam
3038 3848 3107 3886 ex
3151 3833 3390 3889 lectione

1841 3918 2198 3972 historiarum
2227 3917 2496 3988 capimus.
2545 3917 2725 3971 Porro
2751 3918 2939 3971 nescio
2977 3936 3049 3972 an
3082 3919 3226 3974 liber
3263 3920 3392 3997 Περὶ

1843 4003 2075 4079 σημείων
2093 4006 2196 4059 τῶν
2220 4001 2271 4069 ἐξ
2291 4000 2440 4071 ἡλίου
2465 4003 2580 4059 κτλ.
2605 4005 2804 4059 lateat
2790 4024 2847 4059 in
2866 4007 3049 4074 titulo,
3073 4025 3244 4079 quem
3263 4011 3396 4064 Dio·

1844 4112 2010 4169 genes
2029 4093 2227 4161 habet,
2257 4088 2443 4165 νομικὰ
2473 4089 2648 4160 αἴτια,
2674 4093 2712 4146 i.
2742 4111 2790 4147 e.
2822 4092 3170 4169 ἀστρονομικὰ
3212 4092 3388 4153 αἴτια;

1843 4180 2234 4255 argumentum
2260 4200 2386 4236 cum
2411 4198 2706 4255 magorum
2731 4180 2988 4236 doctrina
3007 4182 3392 4253 conjunctissi-

1906 4351 1969 4412 (*)
2006 4354 2076 4400 Ex
2107 4350 2214 4398 loco
2235 4349 2517 4399 Columella}
2553 4353 2683 4412 patet
2709 4352 2968 4400 Kusterum
2991 4352 3052 4399 ad
3078 4352 3238 4402 locum
3259 4356 3394 4407 Suid.

1846 4427 1975 4470 :ecte
2006 4420 2227 4469 lacunam
2247 4420 2493 4483 statuisse,
2514 4424 2562 4469 et
2580 4420 2869 4483 supplevisse
2886 4419 3025 4485 [περὶ]
3041 4423 3195 4471 Λίθων
3208 4459 3222 4483 ,
3243 4438 3394 4486 quum

1848 4490 2168 4540 Bernhardius
2191 4490 2358 4551 jungat
2378 4492 2481 4552 περὶ
2518 4507 2566 4551 c,
2588 4507 2634 4538 κ.
2662 4507 2708 4539 α.
2745 4490 2901 4538 λίθων.
2936 4516 2996 4526 -
3031 4491 3163 4540 Idem
3193 4494 3298 4557 περὶ
3321 4497 3397 4542 ἀν-

1846 4576 1942 4608 τιπ.
1973 4572 2095 4619 opus
2117 4558 2339 4607 laudatur
2358 4572 2386 4606 a
2417 4559 2570 4607 schol.
2594 4558 2656 4607 ad
2678 4559 2899 4611 Nicandr.
2937 4561 3081 4611 Uter.
3108 4575 3153 4610 v.
3183 4567 3292 4625 764,
3315 4565 3396 4613 ubi

1846 4642 1935 4692 pro
1963 4630 2118 4683 Βῶλος
2137 4628 2280 4689 vulgo
2299 4628 2470 4690 legitur
2484 4630 2674 4684 Ῥῶλος.
2698 4630 2928 4679 similiter
2946 4630 3064 4680 abiit
3090 4631 3139 4680 in
3161 4635 3293 4682 Orus
3316 4646 3396 4697 ap.

1847 4701 2015 4749 Galen.
2047 4702 2116 4748 De
2139 4698 2342 4748 antidot.
2377 4702 2451 4762 11,
2472 4703 2499 4750 7
2514 4736 2530 4761 ,
2549 4700 2599 4749 in
2621 4701 2779 4750 Dolus
2798 4713 2878 4764 ap.
2898 4702 3149 4751 columen.
3171 4716 3221 4765 p.
3242 4707 3330 4754 34⁴
3350 4708 3401 4755 et

1851 4773 1941 4819 ⁴44
1969 4768 2048 4817 ed.
2081 4769 2397 4829 commenti„
2417 4771 2466 4818 in
2499 4771 2728 4820 Eubulus
2756 4784 2834 4835 ap.
2859 4776 3063 4821 Vari-on.
3102 4776 3159 4823 R.
3183 4776 3237 4822 R.
3263 4777 3314 4835 1,
3343 4782 3359 4824 1
3383 4811 3399 4837 ,

1851 4852 1962 4900 qum
1990 4838 2109 4886 citat
2141 4838 2368 4888 Mullach.
2408 4854 2456 4903 p.
2500 4847 2605 4890 15⁶.
2640 4841 2967 4903 Theophrasto
2989 4841 3231 4903 iuniorem
3259 4845 3402 4895 fuisse

1849 4907 2080 4956 docemur
2101 4921 2130 4955 a
2149 4909 2374 4970 Stephan-
2403 4913 2513 4972 Byr.
2535 4924 2583 4958 v.
2615 4911 2864 4975 Ἀψυνυος.
2853 4927 2864 4938 ·
2893 4913 3056 4962 ἔστιδὲ
3074 4915 3155 4962 καὶ
3179 4915 3304 4971 εἶδος
3319 4932 3396 4978 qu-

1849 4983 1932 5026 τοῦ
1946 4979 2084 5039 ,περὶ
2104 4978 2160 5026 οὗ
2181 4981 2338 5037 Βῶὶος
2369 4982 2396 5029 ὁ
2428 4982 2788 5044 Δημοκριτειος,
2823 4983 2897 5032 ὅτι
2930 4983 3221 5047 θεόφραστος
3256 4986 3306 5034 ἑν
3331 4992 3401 5048 τῷ

1850 5050 1954 5112 περὶ
1991 5052 2143 5111 φυτῶν
2176 5048 2324 5112 ἐνάτῳ
2353 5052 2414 5099 τὰ
2446 5051 2658 5115 πρὸὄατα
2699 5054 2747 5102 ἐν
2778 5057 2847 5115 τῷ
2893 5054 3057 5117 Πόντῳ
3096 5055 3150 5103 τὸ
3182 5055 3402 5118 ἀψύνθιον

1852 5117 2083 5179 νεμόμενα
2105 5119 2191 5167 οὐκ
2213 5120 2338 5182 ἔχειν
2361 5122 2522 5184 χολήν.
2551 5121 2689 5184 Apud
2713 5124 3022 5174 Varroneml.
3040 5124 3073 5173 l.
3092 5124 3213 5175 ordo
3235 5129 3402 5176 aucto·

1856 5202 1964 5236 rum
1991 5191 2097 5238 est.
2127 5190 2424 5252 Euphorio,
2447 5193 2702 5253 Eubulus,
2737 5194 3100 5255 Lysimachus,
3133 5201 3400 5255 Mnaseas·

1857 5257 2003 5319 igitur
2035 5259 2125 5307 sub
2153 5261 2316 5322 primis
2351 5262 2618 5313 ptoloma-is
2655 5265 2827 5315 vixisse
2863 5265 3068 5317 sistetur.
