3900 6042
1450 515 1950 585 FRAGMENTA.

183 661 382 735 Papyri
425 677 686 715 numeros
725 660 1064 733 nominaque
1092 656 1464 714 restituendos
1490 660 1647 715 Bun—

104 750 282 805 senius
308 768 364 822 p.
397 766 511 822 299
535 758 720 803 censet
745 749 895 803 hunc
921 748 982 802 in
1007 746 1242 802 modum
1269 764 1284 804 ε

116 889 165 927 1.
209 870 547 925 Amenanhe
586 870 977 943 Ra-satep-het
1006 869 1095 943 (Ι).
1184 886 1315 941 ¹9³·
1353 874 1475 933 lun.
1514 891 1539 917 υ
1588 868 1647 924 d.

111 976 166 1011 α.
208 959 523 1012 Sesortesen
550 958 774 1011 Ra-ter·
790 957 863 1012 ke
910 955 983 1031 (Ι)
989 996 1103 1014 .....
1190 954 1262 1021 45
1354 954 1391 1009 8

111 1043 165 1101 3.
206 1044 546 1098 Amenemhe
578 1043 949 1098 Ratnub·keu
972 1042 1089 1117 (ΙΙ).
1173 1041 1243 1110 37
1347 1040 1384 1095 8
1517 1063 1543 1090 ι»

116 1136 169 1195 4.
210 1131 524 1185 Sesortesen
548 1130 819 1184 Ra-scha·
835 1134 920 1183 ter
948 1128 1090 1205 (11)..
1184 1147 1252 1201 19
1355 1127 1390 1182 8
1505 1126 1573 1182 ι6

116 1215 169 1273 5.
208 1217 526 1272 Sesortoeen
549 1215 931 1270 Ra-scha·keu
956 1216 1101 1288 (ΠΙ).
1187 1213 1260 1269 35
1357 1221 1390 1281 l,

115 1303 173 1363 6.
217 1303 558 1358 Amenemhe
606 1303 927 1356 Ra-n-ma
968 1297 1090 1376 (ΙΙΙ)
1184 1308 1256 1367 42
1354 1300 1386 1355 3

117 1407 166 1458 7.
208 1388 549 1443 Amenemhe
573 1389 876 1442 Ra-ma-tu
905 1389 1087 1461 ([Ὑ)...
1223 1406 1261 1461 9
1360 1387 1391 1445 3
1502 1404 1572 1456 ²7

117 1475 170 1530 8.
211 1474 560 1531 Sebeknofru
568 1512 892 1532 ..............
895 1514 917 1563 5
923 1513 1093 1533 ........
1236 1473 1267 1529 3
1323 1493 1393 1528 10
1541 1480 1572 1538 4

1133 1558 1655 1647 W

120 1707 278 1782 Quod
340 1705 551 1764 deinde
610 1707 1005 1763 Manethonem
1070 1708 1296 1777 attinet,
1331 1708 1660 1763 'Bunsenius

121 1806 310 1869 quarto
332 1796 451 1869 regi
475 1796 701 1851 [amati
716 1812 824 1867 pro
844 1813 975 1852 ann.
998 1794 1033 1849 8
1053 1796 1250 1850 tribuit
1268 1813 1359 1851 an.
1386 1800 1458 1859 [0²
1487 1794 1659 1866 (quot

121 1882 230 1938 fere
262 1880 529 1937 Eusebius
548 1881 684 1937 falso
705 1880 857 1936 haud
885 1881 1057 1936 dubie
1079 1882 1276 1936 tribuit
1308 1900 1462 1955 regg.
1497 1880 1659 1952 5-8),

123 1971 215 2042 qui
260 1971 520 2042 proxime
556 1967 832 2023 accedunt
873 1967 945 2023 ad
986 1986 1162 2023 annos
1205 1967 1276 2034 43
1313 1969 1483 2023 Maris
1517 1969 1663 2042 regis

122 2056 391 2114 Eratosth.
412 2057 616 2128 Itaque
633 2073 845 2110 summa
865 2073 1143 2110 annorum
1162 2054 1313 2128 apud
1337 2054 1662 2110 Africanum

125 2144 261 2199 foret
286 2150 387 2216 ι94
414 2142 563 2217 (pro
590 2142 763 2215 160);
792 2141 996 2215 quibus
1012 2143 1055 2197 si
1075 2140 1359 2197 addideris
1383 2160 1560 2196 annos
1593 2141 1660 2196 16

126 2231 514 2297 Ammeuemis‚
543 2229 859 2284 obtinemus
883 2247 975 2284 an.
1009 2247 1124 2283 210
1146 2268 1161 2297 ‚
1197 2228 1294 2301 qui
1322 2228 1666 2301 respondent

128 2319 317 2391 Papyri
338 2317 499 2372 annis
522 2315 657 2373 213.
686 2316 907 2371 Eusebii
930 2333 1158 2388 quoque
1181 2332 1357 2370 annos
1380 2313 1663 2380 24513un-

125 2407 296 2458 senius
335 2402 375 2458 1.
417 2404 459 2461 1.
497 2403 776 2475 explicare
824 2402 1037 2457 studuit
1084 2399 1350 2475 fingendo
1396 2403 1664 2458 laterculo

130 2489 395 2562 quodam,
423 2507 594 2563 quem
626 2490 895 2545 Eusebius
920 2488 1159 2544 insonte
1193 2508 1295 2544 suo
1340 2488 1359 2564 (
1377 2509 1495 2544 non
1516 2491 1666 2546 enim

130 2594 193 2630 ex
219 2577 479 2631 Africano
503 2577 621 2631 haec
652 2577 845 2631 hausta
880 2574 1025 2651 esse)
1067 2578 1362 2650 repererit.
1401 2577 1511 2632 Sed
1550 2578 1668 2632 haec

131 2664 282 2718 nimis
306 2664 445 2718 lusui
484 2663 838 2737 propinqua,
869 2681 1038 2737 quam
1076 2676 1137 2718 ut
1163 2663 1499 2737 apponenda
1526 2682 1670 2719 cen-

132 2767 348 2807 scamus.

206 2832 577 2893 Eratosthenis
593 2834 839 2911 denique
852 2854 1011 2912 reges
1029 2848 1296 2911 quattuor
1308 2839 1397 2891 vel
1421 2838 1671 2912 quinque

131 2941 251 2977 cum
275 2922 719 2980 Manethonianis
744 2925 1036 2999 componit
1061 2926 1136 2980 ita
1160 2925 1251 2998 (p.
1280 2924 1425 2999 286)
1455 2945 1470 2980 ε

135 3079 178 3135 1.
205 3082 586 3135 Ammenemes
588 3117 1039 3138 ........
1113 3098 1160 3135 ι.
1189 3078 1574 3135 Ammenemes
1593 3082 1641 3138 1.

136 3206 202 3262 11.
226 3206 535 3285 [Sesomsis
553 3208 630 3286 et]
648 3212 1033 3266 Ammanemes
1102 3184 1160 3224 ²⁰
1204 3168 1499 3223 &mmm
1520 3170 1567 3222 1⁸

3191 538 3301 590 503

1734 705 1839 760 111.
1867 704 2165 761 Saeortosis
2189 707 2242 760 ιι
2251 744 2666 761 .........
2730 668 2788 801 {⁴32
2815 660 3300 823 {fflffijiflm

2720 834 2773 888 6.
2800 838 3186 889 Ammenemes
3199 837 3302 892 111.

1738 921 1829 976 lv.
1878 922 2058 975 Mares
2062 961 2662 980 ..........
2726 939 2775 989 7.
2807 923 3191 975 Ammenemes
3212 924 3305 978 IV.

2685 831 2710 1090 ἱ
2731 1006 2785 1065 8.
2821 1006 3198 1084 (Sebeknofru
3215 1008 3254 1083 ).

1817 1083 2042 1148 Scilicet
2075 1095 2324 1167 Papyrus
2364 1095 2492 1168 ille,
2523 1095 2620 1167 qui
2654 1093 3074 1168 quintodecimo
3116 1097 3308 1151 seculo

1739 1189 1866 1233 ante
1894 1198 2060 1234 aeram
2096 1190 2342 1235 nostram
2359 1182 2598 1253 scriptus
2623 1199 2736 1235 esse
2763 1179 2960 1248 fertur,
2992 1191 3159 1253 atque
3190 1183 3311 1236 Ma—

1740 1265 1935 1333 netho,
1959 1284 2150 1321 omnes
2165 1266 2410 1338 ejusdem
2427 1267 2689 1339 dynastiae
2703 1285 2879 1340 reges,
2894 1267 3006 1321 sive
3029 1270 3167 1323 alter
3185 1274 3312 1342 post

1741 1344 1980 1397 alterum
1994 1344 2110 1399 sive
2131 1345 2273 1399 alter
2284 1344 2443 1416 juxta
2461 1346 2696 1400 alterum
2717 1347 3093 1417 regnaverint,
3116 1366 3310 1402 recen·

1740 1439 1889 1497 sent,
1914 1430 2374 1504 singulorumque
2397 1449 2572 1486 annos
2591 1432 2648 1485 in
2670 1450 2847 1485 unum
2879 1433 3143 1488 collectos
3166 1444 3307 1487 tam·

1744 1532 1913 1588 quam
1930 1534 2202 1572 summam
2217 1536 2494 1573 annorum
2510 1518 2771 1591 dynastiae
2792 1518 3106 1591 adponant.
3125 1523 3304 1592 Quam

1744 1603 2005 1675 antiquus
2029 1603 2122 1659 hic
2156 1618 2281 1658 mos
2308 1604 2479 1659 fuerit
2500 1605 2618 1677 ipsa
2639 1606 2840 1677 papyri
2875 1614 3001 1659 aetas
3039 1625 3311 1680 compro-

1742 1689 1859 1744 bat.
1892 1690 2008 1747 Nec
2034 1692 2246 1745 mirum
2269 1692 2438 1764 igitur
2468 1692 2861 1745 Manethonem
2897 1709 2986 1746 res
3015 1693 3089 1746 ad
3113 1696 3311 1747 seriem

1746 1777 2207 1852 chronologicam
2233 1797 2498 1834 revocare
2533 1794 2651 1833 non
2687 1779 2950 1852 potuisse.
2994 1779 3063 1833 Id
3105 1780 3310 1834 Erato-

1746 1863 1925 1918 stheni
1948 1863 2195 1936 denique
2214 1866 2472 1940 contigit.
2503 1867 2588 1920 Ita
2607 1865 2721 1920 fere
2748 1867 3053 1921 Bunsenius
3072 1884 3131 1938 p.
3158 1886 3273 1939 279
3291 1908 3307 1935 ‚

1749 1968 2090 2023 quamquam
2113 1951 2262 2006 idem
2291 1953 2402 2007 alio
2430 1952 2560 2006 loco
2583 1954 2770 2008 statuit
2789 1970 2963 2007 annos
2988 1950 3139 2007 3555
3170 1972 3313 2027 quos

1750 2038 2102 2092 Manethonis
2129 2036 2392 2110 dynastiis
2420 2040 2647 2111 triginta
2668 2039 2953 2111 Syncellus
2982 2038 3210 2104 tribuit,
3240 2040 3311 2095 de

1753 2124 1910 2178 annis
1926 2126 2088 2179 seriei
2105 2126 2517 2199 chronologicae
2533 2125 2925 2199 intelligendos
2944 2143 3056 2179 esse
3069 2167 3085 2194 ‚
3103 2127 3316 2200 quippe

1752 2227 1921 2281 quam
1953 2208 2241 2284 Syncellus
2275 2212 2335 2266 in
2367 2211 2718 2269 Manethonis
2745 2212 2899 2266 libris
2921 2212 3078 2283 juxta
3112 2214 3314 2268 alteros

1752 2298 1878 2352 illos
1897 2316 2164 2354 numeros
2186 2307 2465 2353 enotatam
2489 2300 2777 2371 repererit.
2805 2330 2883 2339 —
2902 2300 3159 2355 Ceterum
3183 2302 3310 2372 plu-

1752 2402 1840 2438 res
1863 2403 2022 2458 reges
2041 2386 2099 2438 in
2125 2384 2374 2457 dynastia
2399 2385 2514 2438 XII
2535 2402 2788 2456 regnasse
2810 2385 3008 2458 simul,
3034 2388 3311 2459 probatur

1752 2472 2148 2526 monumentis.
2189 2472 2332 2526 Nam
2357 2471 2416 2524 in
2451 2470 2584 2525 stela
2607 2471 2784 2524 Musei
2818 2473 3046 2525 Parisini
3085 2483 3312 2528 notatur

1756 2575 1930 2612 annus
1955 2552 2182 2612 octa'vus
2197 2599 2212 2625 ‚
2239 2560 2299 2611 in
2323 2559 2429 2612 alia
2447 2575 2622 2612 annus
2638 2575 2821 2612 nonus
2839 2598 2855 2626 ,
2879 2559 3112 2631 appictis
3134 2563 3312 2614 nomi·

1756 2644 1922 2699 nibus
1946 2644 2287 2700 Amenemhe
2326 2643 2390 2717 (Ι)
2417 2654 2473 2698 et
2497 2644 2806 2699 Sesortesen
2846 2642 2928 2721 (Ι).
2959 2635 3138 2699 Porro
3181 2649 3314 2701 stela

1758 2731 2041 2788 Leidensis
2061 2731 2299 2803 junctim
2321 2729 2491 2785 habet
2513 2748 2720 2785 annum
2747 2736 2930 2796 Mamm
2961 2733 3106 2804 regis
3128 2733 3314 2787 Sesor-

1760 2831 1906 2873 lesen
1928 2819 2014 2893 (l)
2037 2830 2092 2873 et
2110 2838 2314 2874 annum
2337 2817 2643 2872 secundum
2665 2820 2810 2892 regis
2829 2818 3152 2872 Anemenhe
3173 2818 3256 2893 (11
3269 2824 3311 2895 ).

1838 2906 1928 2961 Ab
1971 2907 2056 2961 his
2106 2904 2325 2959 indiciis
2358 2902 2716 2977 proficiscens
2762 2906 3067 2959 Bunsenius
3114 2907 3314 2978 Pappa-i

1761 3004 1817 3048 et
1838 2993 2300 3048 Manethonianos
2321 3009 2614 3065 numeros»,
2639 2991 2829 3063 quales
2855 2992 2971 3063 ipse
3000 2994 3315 3059 constituit,

1762 3081 1839 3136 ita
1886 3092 2111 3137 nectere
2151 3078 2495 3154 aggreditur,
2534 3088 2602 3132 ut
2621 3088 2862 3136 ‚eruatur
2903 3079 3316 3134 Eratosthenira

1762 3168 1930 3223 series
1957 3167 2356 3241 chronologica
2376 3183 2652 3220 annorum
2688 3171 2814 3235 ¹47·
2836 3165 3004 3236 Quod
3025 3166 3316 3237 quomodo

1105 3252 1160 3309 3.
1193 3256 1579 3310 Ammenemes
1604 3256 1676 3312 11.
1722 3294 1727 3301 ·
1769 3254 2049 3324 effecerit,
2088 3272 2157 3309 ex
2195 3253 2386 3309 tabula
2414 3271 2582 3326 quam
2606 3253 2720 3323 jam
2761 3270 3016 3325 appono,
3055 3253 3271 3324 patebit
3298 3265 3326 3309 τ’
