3900 6042
563 499 673 551 118

1650 481 2144 560 Amnon-:us
2186 480 2673 542 FRAGMENTA.

555 620 824 694 scipionis
869 628 1030 692 parte
1083 617 1400 689 impositum
1419 655 1434 681 ‚
1484 613 1555 668 de
1605 632 1722 686 quo
1785 613 2103 668 ornamenti
2192 609 2278 670 ἐπὶ
2306 608 2399 675 τὰς
2426 607 2652 689 ψήφους,
2679 604 2885 665 ἐπειδὰν
2919 605 3179 686 εἰρημένοι
3208 596 3336 686 ᾧσιν
3363 608 3412 664 ol
3433 604 3586 683 λόγοι
3603 651 3623 682 ,
3650 628 3769 666 πα-

519 709 759 782 'genere
785 705 857 762 cf.
899 703 1179 760 Herodot.
1207 704 1266 769 1,
1299 700 1439 776 195³
1470 711 1526 755 et
1561 712 1777 756 exstant
1796 700 2106 772 hodieque,

551 796 832 869 praecipue
853 794 912 846 in
934 794 1073 847 vasis
1093 810 1216 864 quae
1236 790 1502 844 dicuntur
1515 790 1775 856 Etruscis,
1791 789 2106 860 scipionum

553 884 612 936 in
641 882 791 935 hunc
819 878 1054 933 modum
1083 886 1416 931 ornatorum
1440 875 1720 946 exempla.
1753 870 1898 928 Huic
1931 873 2106 946 igitur

552 968 815 1040 scipionis
845 965 1123 1039 glandulae
1144 964 1411 1035 inscripta
1439 972 1559 1017 erat
1592 961 1874 1016 dicasterii
1894 971 2047 1014 nota.
2073 983 2098 1008 a·

553 1052 886 1109 Scnoenmm
911 1054 947 1106 l.
971 1053 991 1105 l
1034 1070 1096 1124 p.
1130 1049 1220 1107 15.
1262 1082 1340 1093 —-
1367 1045 1773 1126 παραλαμβάνει
1801 1045 2104 1123 σύμὸολον]

554 1141 635 1198 Cl.
667 1141 843 1197 schol.
873 1138 947 1193 ad
964 1157 1019 1192 ν.
1046 1156 1158 1208 277
1202 1157 1215 1190 ε
1252 1137 1587 1194 Εἰσελθοῧσιν
1615 1133 1820 1212 ἑκάστῳ
1845 1132 2107 1209 σύμὸολον

555 1225 751 1283 δίδοται
779 1224 1028 1300 δημόσιον
1056 1220 1201 1301 παρὰ
1224 1226 1316 1293 τῆς
1335 1222 1421 1281 ἐπὶ
1447 1221 1614 1302 τούτῳ
1631 1219 1900 1299 εἷληχυίας
1923 1222 2107 1299 ἀρχῆς,

554 1310 624 1368 ἵν’
652 1315 699 1369 οἱ
750 1310 963 1378 ἐξιόντες
992 1308 1082 1367 καὶ
1122 1313 1274 1367 τοῦτο
1303 1307 1643 1388 προφέροντες
1674 1306 1994 1383 λαμὸάνοιεν
2021 1307 2107 1364 τὸν

557 1397 855 1456 δικαστικὸν
885 1396 1088 1474 μισθόν.
1117 1431 1186 1441 —-
1220 1398 1305 1455 Cf.
1336 1401 1644 1454 Hermann.
1677 1397 1711 1471 §
1741 1397 1846 1462 134
1869 1417 1884 1464 ;
1910 1397 2108 1452 schoe-

557 1505 747 1543 mann.
773 1488 965 1559 Antiq.
1001 1505 1063 1559 p.
1096 1483 1232 1540 265.

1286 1643 1380 1699 35.

638 1798 1054 1872 Harpocration
1086 1816 1100 1850 :
1127 1792 1708 1873 Διαμεμετρημένη
1740 1793 1984 1874 ἡμέρα·
2011 1793 2109 1870 μέ-

558 1905 675 1962 τρον
715 1904 765 1939 τι
802 1881 941 1940 ἐστὶν
981 1877 1163 1945 ὕδατος
1195 1879 1322 1959 πρὸς
1350 1877 1737 1958 μεμετρημένον
1765 1880 1966 1960 ἡμέρας
1991 1881 2110 1939 διά·

561 1993 739 2045 στημα
772 1967 906 2048 ῥέον.
935 1966 1244 2045 Ἐμετρεῗτο
1270 1965 1323 2024 δὲ
1358 1969 1434 2045 τῷ
1461 1968 1771 2026 Ποσειδεῶνι
1796 1967 1947 2042 μηνί·
1985 1968 2111 2047 πρὸς

561 2052 625 2126 δὴ
654 2060 802 2113 τοῦτο
846 2056 949 2130 (ὣς
977 2052 1039 2117 δὴ
1069 2052 1234 2132 τούτῳ
1273 2052 1501 2123 Suidas;
1523 2056 1591 2116 ὡς
1631 2056 1796 2108 etiam
1826 2057 2103 2129 Harpocr.

563 2143 694 2199 cod.
726 2140 1169 2217 antiquissimus)
1199 2138 1508 2216 ἠγωνίζοντο
1535 2141 1583 2197 οἱ
1611 2138 1845 2217 μέγιστοι
1869 2140 1958 2198 καὶ
1992 2143 2110 2218 περὶ

561 2231 664 2285 τῶν
692 2228 948 2303 μεγίστων
978 2228 1186 2301 ἀγῶνες.
1213 2224 1492 2301 Διενέμετο
1522 2224 1577 2283 δὲ
1597 2226 1715 2304 τρία
1744 2228 1853 2303 (εἰς
1874 2226 1995 2305 τρία
2016 2231 2108 2286 alii

564 2318 736 2375 codd.
766 2314 782 2394 )
815 2314 949 2393 μέρη
980 2313 1039 2373 τὸ
1062 2313 1198 2394 ὕδωρ
1219 2358 1235 2386 ,
1263 2313 1322 2371 τὸ
1348 2311 1442 2390 μὲν
1466 2317 1540 2394 τῷ
1569 2313 1839 2390 διώκοντι,
1866 2314 1925 2372 τὸ
1948 2314 2003 2374 δὲ
2036 2319 2111 2396 τῷ

561 2402 832 2482 φεύγοντι,
855 2400 915 2459 τὸ
944 2400 998 2459 δὲ
1017 2399 1185 2478 τρίτον
1204 2408 1307 2466 τοῖς
1328 2399 1611 2469 δικάζουσι.
1642 2403 1829 2460 Ταῦτα
1854 2399 1908 2459 δὲ
1945 2400 2108 2481 σαφέ·

562 2512 728 2548 στατα
748 2488 896 2547 αὐτοὶ
918 2490 965 2546 οἱ
993 2487 1202 2568 ῥήτορες
1224 2485 1598 2560 δεδηλώκασιν,
1621 2485 1798 2567 ὥσπερ
1818 2487 1907 2546 καὶ
1931 2488 2115 2568 Αἰσχί-

561 2601 650 2649 νης
678 2579 729 2635 ἐν
763 2580 838 2656 τῷ
866 2576 1004 2634 κατὰ
1049 2578 1421 2656 Κτησιφῶντος
1467 2575 1559 2652 (p.
1596 2575 1733 2648 587,
1777 2597 1901 2653 cap.
1944 2579 2017 2634 63
2049 2579 2066 2654 )
2096 2619 2109 2633 .

563 2666 919 2743 Ἀριστοτέλης
964 2663 1011 2721 δ’
1053 2665 1108 2721 ἐν
1153 2666 1218 2742 τῇ
1266 2661 1544 2732 Ἀθηναίων
1589 2662 1825 2742 πολιτείᾳ
1879 2663 2112 2722 διδάσκει

559 2752 680 2829 περὶ
710 2753 928 2814 τούτων.
967 2749 1231 2810 Σκεπτέον
1256 2749 1310 2808 δὲ
1344 2749 1402 2808 τὸ
1430 2752 1556 2829 παρ’
1597 2748 1780 2830 Ἰσαίῳ
1814 2752 1864 2808 ἐν
1893 2754 1968 2830 τῷ
1996 2750 2112 2808 κατ’

561 2837 919 2916 Ἐλπαγόρου,
962 2836 1207 2921 πῶς’(ὃς
1243 2840 1374 2894 cod.
1415 2839 1530 2912 E.)
1586 2836 1981 2916 μεμετρημένης
2024 2841 2116 2908 τῆς

563 2924 771 3004 ἡμέρας
794 2925 878 2982 ὁτὲ
914 2923 1007 3001 μέν
1036 2946 1163 3004 φησι
1185 2923 1348 3003 χωρὶς
1375 2923 1559 2989 ὕδατος
1584 2923 1813 3000 γίνεσθαι
1834 2922 1949 2988 τοὺς
1975 2925 2113 3002 ἀγῶ·

562 3034 680 3085 νας,
709 3010 794 3069 ὁτὲ
817 3010 871 3069 δὲ
901 3009 1027 3091 πρὸς
1053 3009 1211 3089 ὕδωρ.

649 3104 730 3156 Ex
782 3101 1233 3174 Harpocratione
1272 3118 1369 3155 sua
1395 3099 1567 3154 hahet
1611 3098 1807 3154 Suidas
1839 3118 1885 3156 S.
1931 3119 1984 3156 ν.
2025 3099 2112 3159 Cf.

563 3189 764 3243 Pollux
789 3189 885 3255 lv,
919 3186 1057 3254 1663
1088 3186 1264 3243 schol.
1293 3185 1366 3240 ad
1393 3186 1755 3240 Demosthen.
1788 3188 1874 3242 De
1905 3205 2117 3243 corona

467 3275 482 3288 ⁰
561 3295 622 3349 p.
659 3273 769 3329 265
790 3274 882 3331 ed.
911 3273 1548 3345 Bekker.;Xenophon.
1581 3273 1803 3330 Hellen.
1830 3275 1884 3343 1,
1917 3293 1974 3343 7,
2008 3281 2114 3345 243

565 3364 873 3417 Hermann.
905 3362 943 3414 l.
985 3360 1022 3414 l.
1053 3359 1087 3433 §
1126 3366 1255 3424 142,
1293 3357 1348 3414 5.
1374 3359 1684 3414 Rhetorum
1711 3361 1867 3416 locos
1902 3363 2118 3417 notavit

563 3449 833 3503 Kiisterus
859 3447 930 3502 ad
958 3446 1186 3503 Suidam
1214 3447 1252 3504 l.
1282 3447 1322 3501 l.

1295 3623 1389 3679 36.

644 3783 1061 3855 Harpocration
1089 3801 1144 3836 v.
1177 3778 1561 3857 Τετρυπημένη
1604 3800 1619 3839 τ
1669 3779 2024 3857 Ἀριστοτέλης
2065 3783 2118 3839 έν

567 3866 849 3937 Ἀθηναίων
899 3865 1136 3945 πολιτείᾳ
1181 3864 1365 3945 γράφει
1410 3865 1586 3922 ταυτί·
1625 3893 1648 3917 κ
1691 3867 1883 3946 Ψῆφοι
1920 3867 1977 3924 δέ
2020 3870 2120 3926 εἶσι

565 3954 783 4034 χαλκαῖ,
813 3952 1056 4009 αὐλίσκον
1077 3950 1292 4030 ἔχουσαι
1315 3954 1368 4008 ἐν
1390 3955 1464 4032 τῷ
1488 3950 1653 4030 μέσῳ,
1674 3955 1729 4010 αἱ
1755 3952 1847 4028 μὲν
1873 3953 2113 4026 ἡμίσειαι

567 4038 974 4116 τετρυπημέναι,
1003 4041 1057 4095 αἱ
1082 4039 1137 4095 δὲ
1163 4037 1399 4113 ἡμίσειαι
1419 4036 1653 4117 πλήρεις.
1688 4042 1758 4097 Οἱ
1787 4038 1841 4098 δὲ
1865 4039 2112 4118 λαχόντες

628 4290 1036 4352 Διαμεμετρημὲνη
1055 4289 1223 4351 ἡμέρα.
1261 4291 1341 4337 Est
1372 4299 1596 4336 mensura
1625 4287 1850 4349 quaedam
1886 4301 2026 4351 aqum
2052 4289 2112 4337 ad

565 4367 815 4416 delinitum
836 4365 929 4414 diei
956 4365 1163 4427 spatium
1181 4364 1333 4413 fluens
1354 4382 1366 4412 ε
1390 4377 1503 4425 qum
1520 4376 1683 4414 mense
1701 4365 1963 4414 Posideoue
1980 4379 2116 4415 meu-

564 4442 835 4491 surabatur.
872 4442 942 4492 Ad
973 4455 1150 4503 aquam
1173 4441 1315 4490 istam
1334 4440 1513 4502 judicia
1536 4439 1596 4490 de
1617 4441 1775 4489 causis
1795 4441 1993 4491 maximi
2014 4456 2118 4492 mo-

567 4520 712 4568 menti
745 4519 1061 4567 habebantur.
1087 4521 1224 4580 Aqua
1247 4518 1410 4566 autem
1428 4517 1590 4566 intres
1610 4516 1913 4567 dividebatur
1930 4521 2115 4581 partoe,

563 4608 768 4658 quarum
787 4608 884 4643 una
906 4594 1085 4654 actori,
1115 4593 1267 4642 altera
1291 4606 1400 4654 reo,
1424 4593 1568 4643 tertia
1587 4593 1833 4656 judicibus
1849 4595 2116 4657 assignaba-

563 4677 662 4722 tur.
705 4672 755 4721 ld
792 4670 1170 4720 luculentissime
1203 4669 1293 4731 ipsi
1317 4670 1532 4719 rhetores
1565 4669 1840 4732 declarant,
1882 4670 1957 4720 uti
1990 4685 2036 4719 ν.
2068 4685 2114 4721 c.

564 4749 812 4799 AEscbiues
826 4749 875 4796 in
899 4747 1114 4796 oratioue
1128 4747 1295 4794 contra
1311 4746 1688 4808 Ctesiphontem.
1709 4747 1986 4798 Aristotcles
2001 4759 2117 4798 vero

562 4829 624 4878 de
647 4828 721 4877 bis
740 4827 936 4888 exponit
953 4825 1004 4874 in
1027 4827 1143 4887 περ.
1170 4824 1551 4874 Atheniensium.

628 4989 902 5040 Aristoteles
919 4988 969 5037 in
985 4990 1099 5049 Rep.
1125 4986 1486 5036 Atheniensium
1503 4986 1669 5037 scribit
1689 4988 1792 5038 boec
1814 5009 1826 5039 :
1855 5009 1876 5033 «ι
1897 4992 2020 5040 Sunt
2037 5005 2119 5041 au·

567 5073 665 5119 tvm
699 5071 870 5119 calculi
901 5067 1042 5128 mei,
1075 5067 1307 5117 auliscum
1332 5067 1381 5116 in
1419 5067 1578 5116 medio
1617 5068 1875 5131 babentoe,
1908 5085 2117 5133 quorum

570 5149 763 5198 dimidia
783 5162 890 5210 pars
910 5146 1176 5206 perforata,
1204 5145 1402 5194 dimidia
1432 5146 1599 5195 solida.
1620 5149 1845 5197 cctemm
1877 5149 1910 5197 ii
1942 5150 2119 5210 quibus

578 5229 668 5275 hoc
685 5225 1022 5275 demandatum
1046 5223 1117 5270 est
1136 5257 1149 5281 ,
1170 5224 1423 5284 postquam
1448 5224 1667 5283 perorata
1702 5225 1945 5286 utrimque
1972 5240 2116 5277 causa

2196 697 2494 775 ραδιδόασιν
2517 693 2721 774 ἑκάστῳ
2746 697 2848 750 τῶν
2876 693 3136 751 δικαστῶν
3158 692 3206 770 β’
3230 692 3432 772 ψήφους
3446 737 3462 765 ,
3482 715 3758 772 τετρυπη-

2194 781 2352 858 μένην
2366 782 2451 840 mi
2476 782 2671 859 πλήρη,
2692 777 2912 860 φανερὰς
2927 783 3051 858 ὁρᾶν
3071 788 3176 845 τοῖς
3192 780 3485 849 ἀντιδίκοις,
3501 777 3597 836 ἵνα
3621 780 3761 855 μήτε

2194 867 2410 947 πλήρεις
2434 866 2567 943 μήτε
2587 866 2759 944 πάντῃ
2786 863 3177 944 τετρυπημένας
3207 864 3576 938 λαμὸάνωσιν.
3611 893 3637 916 υ

2919 1034 3011 1105 37.

2271 1212 2404 1264 Lex.
2434 1209 2600 1265 Rhet.
2631 1226 2693 1281 p.
2739 1205 2884 1278 670,
2922 1205 2995 1261 30
3028 1194 3213 1265 εἾο-αι
3252 1206 3308 1262 αἱ
3343 1206 3509 1284 ψῆφοι
3543 1207 3762 1263 αὐτῶν·

2195 1292 2425 1371 ἐγένοντο
2453 1292 2508 1352 δὲ
2521 1271 2639 1351 ‘izai
2657 1295 2848 1372 ffiepot,
2870 1291 2922 1315 *¹*
2949 1293 3020 1357 ὡς
3044 1289 3396 1371 Ἀριστοτέλης
3427 1293 3482 1348 ἐν
3511 1295 3582 1369 τῇ
3612 1292 3766 1363 Ἀθη·

2195 1379 2352 1437 ναίων
2380 1379 2642 1459 πολιτεία·
2679 1407 2703 1431 σι
2742 1378 2849 1439 Καὶ
2877 1368 3011 1450 ἦσαν
3047 1383 3138 1437 τοῦ
3166 1377 3260 1454 μὲν
3286 1376 3565 1446 διώκοντος
3590 1383 3649 1437 αἱ
3670 1403 3766 1437 τε-

2116 1491 2121 1500 ·
2195 1466 2547 1546 τρυπημέναι,
2569 1472 2658 1525 τοῦ
2683 1465 2738 1525 δὲ
2754 1467 3024 1610 Ἑεύγοντος
3047 1468 3101 1523 αἱ
3116 1465 3346 1545 πλήρεις·
3362 1464 3604 1547 ὁποτέρῳ
3624 1468 3671 1524 δ’
3699 1466 3765 1526 ἂν

2198 1554 2403 1620 πλείους
2430 1553 2709 1631 γένωνται,
2739 1576 2767 1611 ο
2800 1575 2883 1618 τος
2908 1552 3080 1611 ἐνίκα·
3112 1553 3197 1610 ὅτε
3231 1552 3284 1611 δὲ
3304 1543 3453 1625 ἶσαι,
3489 1557 3520 1611 ὁ
3549 1553 3765 1634 φεύγων

2198 1640 2459 1719 ἀπέφυγεν
2482 1662 2495 1675 ·
2536 1667 2560 1692 n
2591 1643 2660 1707 ὡς
2681 1638 2772 1699 καὶ
2799 1640 3091 1711 Θεοδέκτης
3116 1641 3168 1698 ἐν
3196 1644 3261 1719 τῇ
3283 1639 3605 1719 Σωκράτους
3630 1644 3764 1700 ἄπο·

2196 1728 2258 1785 λο
2294 1727 2369 1788 ία.

2258 1751 2518 1871 Yni'eierus
2548 1836 2561 1871 ε
2593 1841 2617 1865 «ι
2642 1816 2834 1871 Malim
2857 1801 2977 1871 ἶσαι
3006 1815 3059 1870 αί
3083 1815 3244 1894 ψῆφοι
3267 1813 3410 1893 αὐτῷ
3447 1812 3711 1892 ἐγένοντο.
3738 1843 3763 1866 ι

2198 1898 2551 1978 Ἀριστοτέλης
2574 1903 2627 1957 ἐν
2677 1902 2742 1977 τῇ
2776 1899 2887 1958 Ἀθ.
2918 1899 3181 1978 πολιτεία·
3213 1927 3239 1951 α
3293 1901 3399 1959 Καὶ
3534 1900 3767 1982 ἀπέφευ·

2197 2009 2309 2063 γεν.
2341 2013 2366 2038 υ
2395 1984 2580 2052 Οὕτως
2608 1985 2698 2044 καὶ
2726 1984 3046 2057 Θεοδέκτης,
3072 1999 3134 2042 ut
3152 1977 3273 2044 ἶσαι
3292 1986 3529 2061 ἐγένοντο
3554 1991 3764 2047 lemma

2200 2078 2537 2131 constituant
2549 2076 2860 2131 derivatum
2873 2095 2943 2131 ex
2960 2075 3208 2133 AEschin.
3227 2077 3290 2133 C.
3304 2077 3549 2150 ctesiph.
3568 2078 3602 2152 §
3621 2078 3761 2146 252,

2199 2163 2372 2218 verba
2404 2172 2593 2218 autem
2617 2159 2774 2220 καὶ...
2820 2158 3109 2239 ἀπέφευγεν
3140 2164 3309 2236 ipsius
3335 2165 3445 2218 sint
3471 2167 3760 2220 Aristote-

2197 2248 2282 2307 lis'.
2319 2274 2342 2298 υ
2373 2250 2631 2305 Ceterum
2675 2249 2748 2306 cf.
2793 2252 3101 2305 Hermann.
3137 2250 3177 2304 l.
3204 2250 3244 2306 l.
3275 2250 3309 2323 §
3343 2251 3485 2321 1433
3519 2255 3592 2312 Ο.
3620 2256 3762 2309 Meil-

2197 2334 2302 2392 ler.
2339 2336 2602 2396 Addend.
2626 2335 2699 2392 ad
2722 2336 2861 2393 edit.
2888 2334 3129 2410 AEschyl.
3157 2338 3457 2395 Eumenid.

2927 2496 3021 2554 38.

2278 2656 2467 2711 Schol.
2494 2657 2851 2730 Aristophan.
2891 2659 3079 2730 Equit.
3128 2677 3149 2712 1
3169 2656 3275 2713 150
3312 2678 3327 2713 :
3365 2660 3461 2729 Κη
3478 2658 3604 2735 ub<
3625 2666 3654 2720 ὁ
3676 2663 3759 2722 ἐπὶ

2201 2745 2290 2798 τοῦ
2328 2739 2578 2798 καδίσκου
2601 2742 2671 2805 εἷς
2699 2739 2754 2798 ὃν
2778 2739 2871 2807 τὰς
2894 2742 3092 2822 ψήφους
3124 2742 3374 2800 καθίεσαν
3406 2745 3459 2802 ἐν
3483 2748 3595 2813 τοῖς
3623 2750 3760 2806 δικα-

2202 2829 2492 2905 στηρίοις...
2514 2826 2770 2906 ’Υστερον
2793 2827 2847 2885 δὲ
2871 2830 3120 2909 ἀμφορεῖς
3142 2829 3231 2887 δύο
3247 2828 3459 2890 ἵσταντο
3483 2834 3540 2891 ἓν
3565 2836 3673 2902 τοῖς
3692 2838 3758 2895 δι·

2208 2916 2539 2994 καστηρίοις,
2580 2918 2608 2973 ὁ
2650 2913 2743 2990 μὲν
2780 2916 3044 2994 χαλκοῦς,
3070 2921 3098 2976 ὁ
3129 2915 3184 2975 δὲ
3212 2917 3435 2986 ξύλινος·
3474 2921 3573 2979 καὶ
3606 2927 3636 2980 ὁ
3667 2924 3760 2999 μὲν

2202 3002 2372 3080 κύριος
2390 2995 2473 3075 ἦν,
2496 3008 2526 3061 ὁ
2544 3001 2598 3060 δὲ
2623 3002 2825 3083 ἄκυρος.
2842 2999 3000 3082 Ἔχει
3020 3003 3074 3061 δὲ
3096 3004 3187 3063 καὶ
3203 3010 3230 3064 ὁ
3243 3006 3493 3085 χαλκοῦς,
3514 3008 3591 3076 ὥς
3607 3033 3757 3091 φησιν

2203 3089 2592 3170 Ἀριστοτέλης,
2641 3090 3022 3170 διερρινημένον
3077 3094 3327 3170 ἐπίθεμα,
3369 3096 3441 3160 εἷς
3483 3095 3549 3154 τὸ
3599 3097 3757 3169 αὐτὴν

2205 3176 2365 3253 μόνην
2390 3177 2485 3248 τὴν
2517 3180 2685 3258 ψῆφον
2713 3176 3003 3238 καθίεσθαι.
3034 3178 3120 3238 Cf.
3143 3180 3383 3255 Hesych.
3415 3183 3679 3260 τΚημὸς,
3701 3183 3757 3241 τὸ

2205 3263 2555 3341 ἐπιτιθέμενον
2606 3267 2672 3343 τῇ
2730 3267 2831 3321 τῶν
2881 3266 3136 3323 δικαστῶν
3185 3265 3332 3346 ὑδρίᾳ
3396 3270 3756 3347 πεπλεγμένον

2204 3354 2402 3427 πῶμα,
2447 3349 2731 3430 παρόμοιον
2771 3350 2940 3429 χώνῃ.
2977 3356 3209 3410 Photius
3248 3368 3306 3410 et
3340 3357 3541 3414 Suidas
3577 3380 3593 3415 τ
3647 3362 3715 3419 Κ.
3736 3402 3752 3428 ,

2204 3436 2415 3516 πλέγμα
2460 3438 2750 3509 κωνοειδὲς,
2794 3438 2861 3495 δι’
2903 3429 2968 3497 οὗ
3002 3445 3243 3497 καθιᾶσιν
3277 3442 3326 3498 οἱ
3365 3442 3619 3503 δικασταὶ
3664 3446 3754 3515 τὴν

2202 3526 2392 3605 ψῆφον.
2421 3528 2491 3581 In
2534 3527 2723 3582 medio
2767 3530 3036 3601 operculo
3064 3541 3184 3584 crat
3224 3530 3479 3588 foramen
3513 3546 3757 3605 tantum,

2120 3611 2129 3626 '
2207 3625 2479 3686 quantum
2519 3614 2592 3669 ad
2638 3614 3035 3688 excipiendum
3084 3617 3361 3672 calculum
3405 3620 3753 3691 sufficiebam

2206 3701 2310 3771 ipsi
2338 3699 2599 3753 foramini
2631 3717 2767 3755 vero
2811 3702 3302 3774 superimpositum
3336 3718 3456 3761 erat
3485 3711 3645 3781 quasi
3676 3711 3758 3763 in-

2206 3785 2588 3853 fundibulum,
2626 3799 2693 3841 ut
2729 3789 2901 3841 tutius
2924 3798 2979 3842 et
3002 3788 3354 3843 commodius
3381 3794 3585 3846 calculi
3616 3794 3754 3865 injici

2204 3882 2449 3945 possent.
2469 3874 2553 3927 Ita
2586 3872 2729 3928 bene
2757 3873 3012 3930 Grashof.
3064 3876 3121 3927 in
3162 3893 3389 3930 censura
3445 3879 3576 3933 libri
3613 3883 3756 3936 Neu-

2206 3960 2487 4013 manniani
2530 3960 2591 4013 in
2621 3961 2786 4016 Jahn.
2814 3959 3015 4018 Jahrb.
3073 3960 3250 4034 1829,
3286 3964 3373 4034 11,
3399 3983 3456 4037 p.
3514 3968 3649 4025 160.
3675 3967 3751 4023 Cf.

2205 4045 2393 4117 steph.
2423 4046 2581 4101 Thes.
2609 4066 2665 4102 v.
2702 4043 2902 4119 Κημός.

2205 4211 2277 4256 est
2296 4244 2310 4266 ‚
2331 4207 2531 4270 siugulis
2550 4210 2793 4270 judicibus
2814 4211 2951 4260 binos
2969 4213 3165 4263 tradunt
3195 4214 3431 4276 calculoS,
3462 4218 3755 4278 perforatum

2204 4289 2255 4335 et
2293 4287 2531 4348 solidum,
2562 4288 2709 4351 idque
2726 4290 3010 4340 adversariis
3040 4292 3444 4356 inspectantibus,
3478 4309 3543 4345 ne
3578 4296 3757 4357 judices

2203 4363 2278 4412 vel
2299 4364 2466 4412 ambos
2487 4363 2664 4414 solidos
2688 4366 2764 4415 vel
2783 4367 2952 4416 ambos
2977 4369 3242 4430 perforatos
3266 4370 3523 4432 accipiant.
3546 4391 3572 4414 ιι

2266 4526 2543 4577 Aristoteles
2566 4528 2617 4577 in
2649 4532 2764 4591 nep.
2793 4530 2967 4580 Athen.
2997 4550 3010 4581 ι
3042 4551 3065 4574 c«
3096 4534 3281 4583 calculi
3303 4537 3578 4586 accusantis
3613 4538 3752 4600 perfo-

2204 4604 2321 4665 rati,
2342 4604 2409 4652 rei
2430 4618 2546 4653 vero
2562 4606 2699 4655 solidi
2723 4610 2877 4656 erant.
2913 4608 3004 4658 Cui
3037 4609 3199 4671 plures
3224 4615 3390 4672 eraut,
3424 4614 3467 4662 is
3505 4614 3750 4674 vincebam

2203 4681 2275 4730 sin
2297 4682 2532 4745 aequales,
2561 4696 2670 4733 reus
2692 4684 3048 4737 absolvebatur.
3080 4707 3105 4731 ι·

2266 4845 2428 4906 Κημὸς
2446 4847 2548 4893 erat
2564 4858 2707 4907 super
2725 4858 2846 4894 uma
2858 4883 2873 4908 ,
2894 4847 2942 4895 in
2960 4861 3110 4909 quam
3132 4849 3301 4900 calcini
3330 4864 3359 4900 a
3390 4851 3642 4913 judicibus
3658 4854 3749 4914 inji-

2204 4921 2466 4970 ciebantur.
2496 4924 2668 4970 Postea
2683 4922 2805 4972 duas
2827 4924 2877 4971 iu
2909 4923 3104 4985 judiciis
3138 4926 3442 4996 gmnoeabant
3472 4933 3748 4993 amphoras,

2204 4997 2404 5046 alteram
2426 5010 2642 5058 oenaem,
2686 4999 2888 5049 alteram
2915 5001 3152 5066 ligneam3
3186 5004 3265 5053 illa
3300 5009 3433 5066 rata,
3470 5008 3578 5056 hmo
3609 5009 3748 5057 irrita.

2205 5078 2352 5124 AEnea
2370 5086 2592 5136 quoque,
2620 5076 2676 5124 ut
2709 5076 2986 5126 Aristoteles
3013 5079 3154 5140 dicit,
3173 5083 3456 5143 opert-ulum
3477 5083 3625 5134 babet
3655 5099 3749 5147 per·

2208 5149 2427 5201 limatum
2447 5152 2497 5200 in
2527 5154 2749 5215 tantum,
2773 5158 2829 5205 ut
2848 5156 3063 5207 foramen
3086 5158 3240 5221 ipsum
3273 5162 3581 5212 solummodo
3599 5165 3750 5213 calcu·

2206 5228 2308 5278 lum
2326 5228 2520 5279 immitti
2542 5228 2685 5279 sinat.
