3900 6042
505 428 598 472 111

502 532 779 607 Μιλήσιος,
814 528 1075 607 Ἀντιόχου
1116 530 1167 587 δὲ
1209 536 1294 588 τοῦ
1320 531 1851 609 προὸεὸασιλευκότος
1874 532 2044 612 φίλος,

497 616 553 682 ὃς
579 617 830 683 πολλάκις
857 621 928 683 εἰς
952 617 1047 687 τὴν
1078 617 1293 694 Ῥώμην
1321 617 1765 695 ἐξαπεσταλμένος
1788 619 2043 698 πρεσὸευ-

496 704 589 774 τὴς
609 705 777 762 πολλὰ
799 704 937 762 κακὰ
963 705 1292 783 διειργάσατο
1308 703 1402 775 τὴν
1419 706 1723 782 σύγκλητον·
1752 707 2042 787 χρημάτων

494 790 595 868 γὰρ
620 793 812 861 πλῆθος
838 790 1063 866 κομίζων
1086 791 1385 870 ἐδωροδόκει
1410 792 1525 858 τοὺς
1554 795 1925 871 συγκλητικοὺς
1952 795 2043 853 καὶ

495 877 725 952 μάλιστα
752 876 867 942 τοὺς
890 879 994 944 τοῖς
1034 877 1160 956 βίοις
1196 881 1421 944 ἀσθενεῖς
1456 878 1906 988 ὑπερὸαλλόμενος
1929 890 2044 947 ταῖς

494 963 696 1021 δόσεσιν
731 963 1016 1032 ἐδελέαζεν.
1103 962 1208 1023 Διὰ
1241 965 1294 1022 δὲ
1325 971 1415 1024 τοῦ
1443 966 1669 1025 τοιούτω
1694 968 1884 1045 τρόπου
1905 970 2043 1025 πολ-

492 1049 610 1117 λοὺς
638 1050 1006 1125 ἐξιδιαζόμενος
1037 1050 1127 1108 καὶ
1155 1051 1323 1117 διδους
1352 1052 1616 1119 ὑποθέσεις
1647 1053 1921 1130 ἀλλοτρίας
1950 1059 2042 1124 τῆς

497 1127 780 1203 Ῥωμαίων
799 1128 1060 1208 αἱρέσεως,
1077 1129 1370 1202 ἐλυμήνατο
1386 1130 1446 1188 τὸ
1466 1131 1750 1210 συνέδριον,
1772 1132 2042 1210 συμπράτ-

491 1237 666 1280 τοντος
690 1215 1032 1293 Ἡρακλείδου
1061 1217 1333 1295 τάδελφοῦ,
1362 1216 1569 1274 πάντων
1599 1218 1740 1283 ὄντος
1765 1220 2042 1297 εὐφυεστά-

492 1325 583 1360 του
602 1304 728 1380 πρὸς
747 1301 942 1371 ταύτην
961 1301 1058 1372 τὴν
1079 1302 1278 1380 χρείαν.
1359 1306 1449 1361 T*
1411 1327 1455 1382 ῳ
1479 1302 1532 1360 δὲ
1554 1305 1695 1382 αὐτῷ
1714 1303 1889 1384 τρόπῳ
1903 1304 2041 1363 κατὰ

490 1387 577 1446 τὸν
606 1390 863 1447 ἐνεστῶτα
893 1389 1071 1467 καιρὸν
1103 1389 1373 1466 σατράπης
1397 1389 1604 1461 Μηδίας
1629 1390 1953 1462 κατήντησεν
1971 1393 2043 1458 εἰς

488 1474 582 1545 τὴν
614 1475 853 1550 Ῥώμην,
892 1475 982 1532 καὶ
1016 1474 1188 1533 πολλὰ
1210 1482 1302 1534 τοῦ
1338 1476 1639 1554 Δημητρίου
1676 1477 2041 1557 κατηγορήσας

487 1560 660 1620 ἔπεισε
688 1561 781 1631 τὴν
812 1562 1099 1636 σύγκλητον
1128 1562 1297 1638 δόγμα
1326 1563 1445 1640 περὶ
1460 1565 1631 1620 ιαξη-οὒ·
1660 1562 1838 1621 θέσθαι
1868 1570 2036 1622 τοιοῦ-

485 1671 589 1707 τον·
610 1648 918 1727 Τιμιιίρχῳ’*ι
938 1647 1106 1706 ἕνεκεν
1122 1650 1150 1678 ⁴⁸
1175 1651 1343 1707 αὐτῶν
1372 1649 1592 1727 βασιλέα
1619 1641 1750 1710 εἶναι
1779 1649 1863 1728 (2).
1892 1650 1960 1711 Ὁ
1986 1650 2039 1710 δὲ

487 1735 726 1812 ἐπαρθεὶς
768 1740 843 1815 τῷ
890 1736 1111 1810 δόγματι
1135 1735 1491 1806 συνεστήσατο
1518 1736 1654 1795 κατὰ
1694 1736 1786 1808 τὴν
1826 1738 2037 1809 Μηδίαν

486 1822 833 1902 στρατόπεδον
864 1822 1146 1899 ἀξιόλογον·
1199 1822 1484 1893 ἐποιήσατο
1525 1822 1579 1881 δὲ
1606 1824 1695 1880 καί
1725 1826 2038 1903 συμμαχίαν

485 1905 621 1965 κατὰ
643 1908 945 1987 Δημητρίου
964 1908 1092 1987 πρὸς
1119 1908 1385 1989 Ἀρταξίαν
1408 1911 1471 1984 (a)
1496 1908 1823 1988 τὸνβασιλέα
1847 1909 2038 1989 'App-e·

484 1993 612 2061 νίας·
640 1994 715 2053 ἔτι
740 1994 793 2053 δὲ
830 1995 896 2052 τὰ
922 1994 1207 2075 πρόσχωρα
1246 1998 1348 2053 τῶν
1394 1999 1547 2053 ἐθνῶν
1580 1995 2041 2072 καταπληξάμενος

486 2079 574 2139 διὰ
619 2081 679 2139 τὸ
706 2082 884 2161 ,βάρος
927 2087 1020 2153 τῆς
1053 2082 1348 2157 δυνάμεως,
1381 2082 1468 2141 καὶ
1510 2083 1731 2149 πολλοὺς
1781 2084 2039 2153 ὑπηκόους

486 2167 708 2239 ποιήσας
732 2167 976 2249 ὥρμησεν
1004 2167 1090 2226 ἐπὶ
1117 2168 1176 2227 τὸ
1205 2172 1449 2245 Ζεῦγμα,
1475 2167 1565 2227 καὶ
1591 2168 1731 2235 τέλος
1754 2172 1848 2238 τῆς
1882 2172 2036 2247 βασι·

484 2254 627 2320 λείας
649 2254 903 2333 ἐγκρατὴς
921 2256 1142 2333 ἐγένετο.

564 2344 720 2402 XIV.
765 2341 889 2401 Ὅτι
930 2342 1165 2417 Εὐμένης
1206 2346 1233 2400 δ
1265 2340 1506 2420 βασιλεὺς
1549 2342 1634 2400 ἐπὶ
1683 2346 1747 2421 τῇ
1774 2341 1910 2401 κατὰ
1948 2342 2036 2401 τὸν

484 2427 794 2507 Ἀριαράθην
824 2427 1083 2487 ἐκπτώσει
1116 2428 1177 2507 (1)
1213 2427 1557 2508 βαρυνόμενος
1598 2430 1686 2506 (a),
1717 2429 1806 2486 καὶ
1834 2428 1919 2486 διὰ
1943 2433 2038 2499 τῆς

2086 1366 2093 1603 -ῇ-

1281 412 1377 471 ΕΚ
1422 414 1576 471 ΤΗΣ
1620 414 1978 472 immun:
2017 414 2398 474 ΔΙΟΔΩΡΟΥ
2443 416 2931 475 ΣΙΚΕΑΙΩΤΟΥ.

2136 543 2343 591 Milesius
2374 556 2541 604 genere
2555 579 2570 602 ,
2604 544 2844 609 familiaris
2867 544 2990 605 regis
3011 545 3344 607 praecedentis,
3378 561 3465 609 pro
3487 563 3585 611 quo
3603 564 3688 599 εω-

2135 649 2241 708 pius
2262 647 2516 708 legationes
2531 647 2591 695 ad
2613 649 2850 697 Romanos
2864 648 3030 698 obiens
3045 649 3283 712 ingentem
3306 652 3626 703 calamitatem
3641 655 3690 702 in

2132 752 2350 798 senatum
2382 750 2623 800 intulerat.
2690 754 2809 801 Nam
2834 764 3003 815 magua
3028 753 3073 801 vi
3097 754 3311 815 pecuniae
3333 755 3591 804 instructus
3612 768 3687 805 se-

2136 855 2306 902 natum
2323 855 2685 917 corrumpebat,
2706 858 2854 906 eleos
2875 858 3085 906 maxime
3102 857 3279 920 quibus
3296 871 3372 908 res
3394 862 3497 908 erat
3526 860 3684 909 tenuis

2132 957 2271 1007 donis
2299 958 2550 1008 cumulans
2566 959 2829 1008 inescabat.
2897 964 3005 1018 Quo
3042 964 3179 1022 pacto
3204 974 3355 1023 quum
3383 962 3561 1010 multos
3594 963 3686 1013 sibi

2132 1059 2453 1120 conciliasset,
2469 1062 2518 1109 et
2539 1060 2772 1110 sentiendi
2785 1061 3051 1123 agendique
3070 1062 3297 1125 principia
3317 1075 3347 1111 a
3367 1065 3693 1113 Romanorum

2135 1159 2364 1209 institutis
2385 1159 2538 1209 aliena
2571 1160 2939 1221 introduxisset,
2960 1161 3278 1222 integritatem
3309 1164 3501 1212 senatus
3523 1162 3695 1212 vitiare

2132 1263 2368 1323 coeperat,
2389 1260 2646 1322 adjuvante
2669 1262 2917 1312 Heraclide
2936 1264 3108 1323 fratre,
3139 1263 3244 1310 viro
3263 1263 3322 1312 ad
3346 1264 3580 1325 ejusmodi
3604 1278 3692 1313 ne-

2131 1364 2314 1425 gotium
2336 1363 2549 1412 omnium
2569 1364 2780 1413 maxime
2802 1363 2987 1413 idoneo.
3050 1364 3276 1413 Similiter
3296 1365 3424 1414 circa
3445 1366 3549 1415 baec
3565 1379 3690 1428 quo-

2134 1478 2231 1526 que
2252 1468 2468 1526 tempora
2493 1466 2581 1514 iste
2603 1465 2774 1514 Mediae
2796 1468 3003 1527 satrapa,
3041 1467 3241 1515 Romam
3270 1467 3537 1529 profectus,
3562 1469 3664 1515 mul

2130 1566 2287 1627 iisque
2320 1566 2616 1615 Demetrium
2648 1565 2928 1617 criminibus
2958 1579 3178 1629 onerans,
3216 1569 3449 1631 persuasit
3469 1571 3687 1630 senatui,

2131 1667 2188 1714 ut
2214 1664 2463 1715 decretum
2497 1666 2588 1715 sibi
2610 1667 2898 1716 scriberetur
2934 1667 3064 1716 hunc
3094 1668 3143 1715 in
3163 1667 3359 1717 modum
3387 1688 3400 1717 ε
3427 1688 3452 1711 α
3488 1673 3697 1720 Senatus

2131 1765 2393 1815 Timarcho
2414 1765 2591 1828 regiam
2618 1766 2666 1815 in
2698 1766 2853 1816 Media
2888 1768 3168 1830 potestatem
3194 1767 3370 1817 habere
3397 1769 3627 1831 permisit.
3669 1789 3692 1811 υ

2133 1868 2239 1916 Hoc
2256 1866 2410 1916 elatus
2439 1866 2652 1929 decreto,
2674 1867 2940 1916 exercitum
2975 1867 3104 1916 haud
3134 1867 3422 1917 mediocrem
3456 1868 3505 1916 in
3537 1868 3697 1917 Media

2130 1966 2345 2029 collegit,
2373 1968 2424 2016 et
2440 1967 2607 2015 contra
2629 1966 2925 2016 Demetrium
2941 1967 3216 2017 societatem
3234 1979 3345 2016 cum
3371 1968 3567 2017 Artaxia
3599 1973 3690 2017 Ar-

2133 2063 2302 2112 menioe
2325 2076 2433 2125 rege
2462 2063 2720 2123 contraxit,
2745 2067 2796 2113 et
2825 2063 3039 2113 finitimis
3073 2064 3261 2126 populis
3281 2063 3526 2126 copiarum
3564 2065 3695 2113 mole

2131 2163 2419 2226 perterritis,
2439 2164 2602 2213 multis
2635 2164 2780 2213 etiam
2809 2164 2859 2213 in
2887 2166 3170 2226 potestatem
3212 2164 3443 2227 redactis,
3481 2169 3690 2228 zeugma

2129 2272 2296 2310 versus
2326 2261 2554 2323 tetendit,
2578 2275 2636 2311 ac
2658 2264 2951 2324 postremum
2970 2275 3114 2325 regno
3131 2262 3310 2324 potitus
3326 2267 3415 2313 est.

2190 2360 2323 2408 xlv.
2345 2361 2580 2409 Eumenes
2603 2359 2866 2420 (Attalus)
2900 2371 2988 2409 rex
3013 2359 3292 2409 Ariarathen
3319 2372 3464 2421 regno
3485 2359 3686 2422 pulsum

2129 2469 2335 2530 graviter
2353 2467 2508 2517 terens
2520 2469 2570 2517 et
2591 2469 2728 2517 motu
2747 2466 2937 2529 proprio
2953 2465 3122 2516 ulcisci
3139 2467 3440 2516 Demetrium
3457 2466 3688 2528 studens,

485 2512 616 2581 ἰδίας
662 2516 898 2595 ἀφορμῆς
939 2513 1176 2572 σπεύδων
1227 2514 1523 2590 ἀμύνασθαι
1573 2514 1659 2573 τὸν
1715 2513 2034 2593 Δημήτριον,
2290 2575 2298 2586 ,
3552 2574 3565 2585 ‚

482 2601 852 2679 μετεπέμψατο
871 2600 1202 2681 μειρακίσκον
1216 2601 1456 2673 τινὰ,τὴν
1474 2604 1753 2677 ὁμοιότητα
1768 2607 1862 2674 τῆς
1874 2602 2039 2681 ὄψεως
2130 2577 2326 2625 ω’ωωι
2357 2588 2557 2637 puerum
2581 2575 2819 2638 quendam
2840 2609 2854 2633 ’
2876 2574 2961 2636 qni
2982 2587 3133 2635 quum
3155 2572 3253 2623 θῆρ’
3277 2574 3432 2636 specle
3453 2572 3694 2623 Anum

482 2688 573 2745 καὶ
599 2688 692 2759 τὴν
719 2689 927 2759 ἡλικίαν
952 2691 1014 2766 (3)
1034 2688 1218 2764 ὁμοίαν
1245 2687 1432 2767 ἔχοντα
1462 2691 1578 2746 καθ’
1601 2688 1899 2768 ὓπερςολὴν
1924 2688 2033 2747 Ἂν,
2083 2738 2089 2773 Ι
2129 2677 2466 2740 (Eupatori),
2496 2677 2641 2740 priori
2673 2678 2769 2740 regi
2788 2677 2962 2739 Syriae,
2994 2676 3265 2726 simillimus
3287 2679 3336 2726 et
3357 2676 3574 2739 ejusdem
3594 2679 3696 2727 sere

479 2772 642 2853 τιόχῳ
678 2778 753 2853 τῷ
784 2774 1033 2855 πρότερον
1069 2774 1462 2853 βεὸασιλευκότι
1503 2780 1593 2846 τῆς
1618 2774 1830 2854 Συρίας.
1917 2772 2034 2833 Διέ-
2083 2794 2089 2838 2
2132 2780 2289 2830 aetatis
2308 2783 2462 2840 esset,
2482 2784 2699 2842 Smyrnae
2721 2780 2895 2842 degens
2920 2793 2972 2828 se
2995 2779 3147 2828 tilium
3180 2778 3403 2829 Antiochi
3427 2781 3694 2844 (Epipha-

479 2945 594 2991 Hoec
641 2945 712 2990 est
746 2943 850 3002 illa,
890 2955 1039 3004 quam
1072 2941 1305 2990 Diodorus
1348 2941 1491 3001 dicit,
1539 2947 1631 2989 τῶν
1672 2940 1917 3002 Ῥωμαίων
1953 2941 2064 3001 πρὸς
2106 2939 2364 2999 Δημήτριον
2400 2937 2708 3000 ἁλλοτριότης.
2739 2939 2800 2986 At
2845 2938 3112 2986 Demetrius
3142 2937 3261 2985 clam
3300 2940 3452 2986 Roma
3492 2938 3682 3001 aufugit

479 3015 498 3075 (
512 3022 589 3057 ιιιι.
628 3017 710 3059 162
744 3011 1009 3069 exeunte),
1036 3012 1085 3058 et
1109 3008 1343 3058 Antiocho
1365 3009 1561 3069 ejusque
1586 3010 1747 3057 tutore
1787 3007 1925 3068 Lysia
1957 3008 2242 3065 interfectis,
2267 3021 2411 3069 regno
2435 3008 2612 3068 potitus
2637 3006 2759 3066 esu(
2776 3006 2938 3067 Polyb.
2964 3009 3083 3069 xil,
3118 3012 3173 3056 19
3204 3019 3341 3068 sqq.;
3367 3007 3568 3068 Appian.
3593 3011 3690 3070 47

476 3079 582 3127 Liv.
607 3082 692 3141 Ep.
712 3083 800 3139 46;
822 3081 995 3127 sustin.
1024 3078 1236 3127 xxxiv.
1257 3082 1313 3138 3;
1343 3077 1556 3126 Marcab.
1584 3078 1630 3136 1,
1649 3081 1696 3125 7.
1722 3078 1795 3135 ll,
1821 3079 1902 3135 14,
1925 3075 2115 3137 Josepb.
2138 3078 2249 3124 Ant.
2266 3076 2378 3125 Jud.
2401 3077 2517 3135 xil,
2546 3080 2630 3135 10,
2656 3074 2731 3134 1).
2757 3075 2936 3124 Deinde
2958 3076 3209 3125 Timarcho
3232 3076 3404 3125 rebelle
3421 3076 3640 3125 devicto
3627 3091 3679 3126 m

477 3147 680 3209 imperio
699 3116 1010 3197 con'iirmatus
1024 3150 1222 3195 Romam
1241 3144 1524 3207 legationem
1544 3145 1686 3194 misit
1708 3146 1948 3207 Appianus
1964 3149 2071 3206 Syr.
2097 3158 2140 3193 c.
2157 3149 2252 3193 47:
2277 3147 2369 3195 Καὶ
2391 3145 2645 3206 δεξαμένων
2665 3144 2803 3193 αὐτὸν
2822 3146 2927 3204 (τὸν
2942 3146 3230 3208 Δημήτριον)
3249 3147 3459 3208 ἀσμένως
3478 3152 3573 3194 τῶν
3589 3150 3686 3197 Συ-

476 3232 587 3279 ρων,
612 3216 752 3279 ἦρχε,
773 3216 850 3266 τόν
876 3231 927 3263 τε
950 3217 1129 3265 Λυσίαν
1147 3218 1228 3264 καὶ
1245 3217 1299 3264 τὸ
1320 3215 1502 3263 παιδίον
1524 3215 1596 3263 ἐπ’
1616 3215 1744 3277 αὐτῷ
1763 3214 2048 3277 διαφθείρας,
2065 3215 2146 3262 καὶ
2170 3215 2470 3277 Ἡρακλείδην
2492 3214 2717 3272 ἐκόαλὼν,
2737 3215 2816 3263 καί
2842 3215 3079 3277 Τίμαρχον
3098 3214 3454 3276 ἐπανιστάμενον
3487 3214 3690 3277 &vaae

475 3301 556 3333 και
592 3286 735 3333 τᾶλλα
767 3287 975 3347 πονήρως
1008 3291 1087 3342 τῆς
1112 3285 1384 3337 Βαὸυλῶνος
1423 3282 1710 3344 ἡγούμενον·
1754 3281 1822 3345 ἐφ’
1847 3282 1887 3343 ᾧ
1918 3284 1999 3330 καὶ
2025 3283 2215 3345 Σωτὴρ,
2250 3284 2514 3347 ἀρξαμένων
2551 3288 2645 3331 τῶν
2678 3283 3004 3341 Βαὸυλωνίων,
3030 3285 3292 3346 ὠνομάσθη.
3332 3284 3686 3346 Κρατυνάμενος

475 3356 524 3403 δὲ
562 3357 644 3413 τὴν
680 3357 824 3417 ἀρχὴν
847 3358 873 3404 ὁ
905 3356 1164 3417 Δημήτριος
1187 3353 1408 3413 στέφανόν
1438 3369 1488 3402 τε
1509 3353 1756 3415 Ρωμαίοις
1794 3353 1886 3401 ἀπὸ
1910 3357 2096 3414 χρυσῶν
2119 3353 2311 3415 μυρίων,
2337 3355 2628 3417 χαριστήριον
2651 3359 2730 3411 τῆς
2749 3369 2861 3401 ποτε
2896 3352 3004 3416 παρ’
3036 3353 3188 3409 αὐτοῖς
3224 3354 3437 3417 ὁμηρείας
3453 3389 3466 3412 ,
3502 3354 3687 3417 ἔπεμψε

475 3427 575 3477 κτλ.
601 3427 900 3486 Legationem
922 3426 1044 3473 hanc
1062 3425 1207 3474 etiam
1221 3438 1281 3473 ex
1307 3422 1538 3484 Polybio(
1555 3425 1733 3471 xxxii
1747 3456 1763 3482 ,
1787 3424 1878 3481 6),
1903 3436 2049 3482 quem
2070 3423 2310 3471 Diodorus
2329 3428 2346 3485 (
2362 3426 2510 3473 xxxi
2526 3460 2540 3484 ,
2564 3425 2654 3484 20)
2676 3423 2949 3485 exscripsit,
2970 3424 3206 3474 novimus.
3228 3426 3369 3474 Missa
3388 3437 3490 3474 esse
3507 3425 3702 3476 dicitur

481 3495 604 3543 κατὰ
637 3497 721 3554 τὴν
754 3492 838 3559 ρνε’
871 3495 1163 3557 Ὀλυμπιάδα
1197 3495 1303 3557 (ἐξ
1329 3506 1375 3542 ιι.
1402 3496 1460 3542 C.
1483 3494 1516 3553 ).
1554 3492 1702 3555 igitur
1733 3505 1843 3553 quae
1874 3494 2045 3541 nostro
2081 3493 2343 3554 fragmento
2384 3492 2659 3554 traduntur,
2681 3506 2832 3555 quum
2855 3493 2978 3542 inter
3010 3494 3168 3555 fugam
3205 3494 3432 3543 Demetrii
3456 3496 3522 3555 ,et
3557 3495 3690 3557 lega·

476 3564 651 3612 tionem
675 3577 778 3613 esse
798 3563 1001 3623 debeant
1026 3563 1210 3624 media,
1230 3563 1292 3612 ad
1319 3575 1500 3612 annum
1528 3570 1611 3611 161
1636 3561 1981 3623 pertinuerint,
2021 3574 2172 3623 eaque
2193 3564 2241 3611 in
2263 3562 2405 3612 editis
2434 3563 2627 3612 Diodori
2654 3564 2930 3612 inseruerim
2960 3566 3065 3624 post
3088 3564 3170 3613 lib.
3205 3567 3387 3623 xxxi,
3420 3576 3466 3611 c.
3502 3568 3580 3612 27.
3614 3568 3693 3614 De

477 3635 729 3682 Timarcho
756 3637 807 3684 et
829 3635 1079 3684 Heraclida
1101 3637 1274 3697 praeter
1296 3634 1442 3683 allata
1463 3633 1588 3695 apud
1613 3634 1877 3695 Appianum
1896 3644 1945 3680 c.
1979 3637 2037 3682 45
2057 3633 2281 3695 leguntur
2299 3634 2406 3685 li‘aec
2428 3656 2440 3685 ε
2466 3638 2629 3700 Συρίας
2650 3639 2729 3685 καὶ
2753 3642 2845 3684 τῶν
2867 3638 2968 3698 περὶ
2992 3637 3135 3695 αὐτὴν
3159 3638 3297 3686 ἐθνῶν
3322 3638 3550 3699 ἐγκρατῶς
3570 3635 3694 3701 ἦρχε

478 3706 494 3757 ί
509 3703 768 3752 Antiochus
790 3705 1119 3766 Epiphanes),
1147 3704 1384 3766 σατράπην
1410 3704 1492 3765 μὲν
1516 3703 1637 3766 ἔχων
1655 3704 1701 3752 ἐν
1720 3704 1958 3752 Βαὸυλῶνι
1979 3704 2236 3768 Τίμαρχον,
2258 3707 2332 3755 ἐπὶ
2353 3707 2403 3754 δὲ
2422 3711 2521 3761 ταῖς
2544 3705 2786 3768 προσόδοις
2809 3705 3125 3767 Ἡρακλείδην,
3156 3706 3333 3768 ἀδελφὼ
3352 3707 3434 3767 μὲν
3451 3705 3691 3770 ἀλλήλοιν,

474 3774 612 3835 ἄμφω
631 3773 680 3821 δὲ
697 3773 840 3820 αὐτοῦ
865 3774 1097 3835 γενομένω
1118 3771 1329 3822 παιδικά.
1358 3772 1634 3822 Heraclides
1656 3774 1818 3820 noster
1848 3771 1975 3819 idern
2004 3776 2076 3821 est
2102 3786 2215 3823 cum
2239 3788 2324 3835 eo,
2351 3788 2498 3836 quem
2518 3775 2779 3824 Antiochus
2802 3777 3003 3824 Romam
3027 3776 3236 3836 legatum
3265 3777 3454 3825 miserat
3475 3776 3491 3834 (
3514 3777 3689 3838 Polyb.

473 3844 672 3891 Xlell
687 3877 701 3902 ,
731 3849 801 3901 1,1
831 3845 881 3890 et
906 3846 958 3891 18
973 3877 987 3901 ,
1008 3848 1025 3890 1
1052 3842 1099 3902 ),
1118 3846 1165 3891 et
1189 3843 1273 3904 qui
1289 3846 1454 3903 postea
1478 3844 1538 3902 (a
1559 3841 1799 3890 Demetrio
1824 3840 2040 3903 eiectus)
2070 3846 2276 3907 Romam
2295 3845 2425 3893 venit
2442 3857 2554 3893 cum
2577 3843 2780 3893 Laodice
2799 3848 2850 3894 et
2869 3845 3139 3895 Alexandro
3160 3848 3298 3904 Bala,
3319 3858 3464 3907 quem
3481 3858 3569 3907 pro
3589 3849 3694 3899 tilio

474 3911 692 3961 Antiochi
712 3912 966 3973 Epiphanis
984 3912 1233 3962 venditans
1251 3912 1492 3961 Demetrio
1507 3911 1657 3961 Soteri
1676 3911 1909 3974 opposuit.
1928 3913 1990 3959 V.
2017 3915 2187 3976 Polyb.
2211 3917 2443 3974 xxxiii,
2469 3921 2545 3974 16,
2569 3917 2621 3964 14
2640 3950 2654 3974 ,
2669 3914 2754 3963 ubi
2779 3914 2952 3964 verba:
2978 3917 3248 3978 ποιούμενος
3267 3917 3314 3964 δὲ
3328 3917 3410 3972 τὴν
3429 3917 3690 3977 παρεπιδη-

473 3981 582 4043 μίαν
603 3983 719 4043 μετὰ
737 3983 967 4045 τερατείας
990 3982 1180 4044 ἅμακαὶ
1205 3983 1483 4045 κακουργίας
1503 3981 1777 4044 ἐνεχρόνιζε,
1803 3984 2261 4047 κατασκευαζόμενος
2277 3984 2335 4031 τὰ
2358 3984 2460 4046 περὶ
2478 3984 2560 4039 τὴν
2583 3982 2859 4043 σύγκλητον,
2884 3983 3062 4043 optime
3082 3985 3341 4032 concinunt
3359 3995 3470 4031 cum
3493 3983 3549 4032 iis
3572 3997 3690 4045 quae

476 4052 715 4101 Diodorus
732 4051 792 4101 de
810 4053 969 4102 indole
998 4052 1259 4102 Heraclidis
1287 4054 1447 4102 refert.
1469 4054 1693 4101 ceterum
1712 4066 1865 4114 quum
1886 4053 2171 4102 Timarchus
2194 4054 2424 4103 Milesius
2443 4053 2530 4111 sit,
2553 4051 2712 4101 nescio
2737 4064 2800 4099 an
2823 4052 3051 4100 oriundus
3070 4052 3213 4100 fuerit
3232 4055 3293 4101 ab
3311 4053 3563 4101 Timarcho
3593 4055 3692 4102 Mi-

474 4121 606 4182 losio,
623 4122 761 4182 cujus
776 4122 1076 4184 tyrannidem
1098 4122 1360 4172 Antiochus
1378 4124 1505 4170 Deus
1521 4123 1759 4169 everterat
1777 4125 1794 4182 (
1809 4121 2011 4182 Appian.
2032 4126 2139 4184 Syr.
2163 4124 2275 4182 65).
2297 4149 2356 4157 -
2378 4129 2422 4170 2.
2443 4125 2599 4170 Locus
2611 4123 2880 4180 corruptus.
2902 4121 3062 4169 verti:
3085 4119 3146 4181 [ἡ
3166 4121 3439 4184 σύγκλητος]
3457 4121 3690 4185 Τιμάρχῳ

472 4192 641 4240 ἔδωκεν
664 4192 835 4250 Μηδῶν
856 4193 1052 4254 βασιλέα
1075 4191 1208 4240 εἶναι.
1241 4194 1303 4242 At
1322 4190 1458 4253 plura
1494 4189 1725 4240 excidisse
1767 4189 2009 4240 videntur.
2032 4221 2092 4233 —
2120 4199 2146 4241 3
2186 4191 2404 4241 Artaxias
2431 4189 2738 4251 probabiliter
2757 4188 2884 4236 idem
2910 4191 2980 4237 est
2999 4201 3110 4236 cum
3135 4202 3220 4248 υο,
3256 4190 3338 4251 qui
3360 4191 3418 4238 fr.
3447 4194 3554 4239 viil
3585 4206 3690 4239 me-

479 4266 712 4310 moratur.

536 4336 659 4381 xlv.
691 4334 800 4382 Fol.
828 4339 937 4394 181,
959 4343 1061 4382 6-
1086 4340 1144 4382 26
1166 4346 1213 4381 υ.
1246 4339 1288 4381 1.
1316 4332 1356 4381 Ἀ
1376 4332 1664 4395 ριαράθου
1683 4329 2018 4392 ἑκπτώσει]
2053 4330 2382 4381 Ariarathesv
2409 4328 2680 4389 Philopator
2709 4332 2830 4383 (163
2856 4334 3026 4376 -130
3049 4342 3090 4374 a.
3116 4330 3237 4386 C.),
3266 4340 3417 4387 quum
3444 4329 3688 4378 Demetrii

469 4403 750 4452 affinitatem
769 4406 817 4453 et
834 4404 1092 4453 amicitiam
1114 4417 1176 4451 ex
1197 4403 1443 4452 voluntate
1464 4405 1666 4453 Senatus
1683 4404 1736 4450 R.
1762 4404 2052 4458 recusasset,
2073 4408 2216 4462 regno
2234 4399 2460 4461 spoliatus
2478 4400 2550 4447 est
2567 4409 2596 4445 a
2617 4396 2877 4456 Demetrio,
2902 4397 2984 4457 qui
3009 4397 3358 4458 llolopbernem
3374 4433 3388 4457 ,
3409 4398 3471 4447 ab
3493 4398 3686 4448 Ariara-

470 4474 553 4523 the
580 4473 723 4523 fratre
742 4474 976 4535 ejectum,
995 4475 1042 4522 in
1062 4472 1412 4535 cappadociam
1434 4472 1639 4522 reduxit.
1671 4471 1842 4520 Pulsus
1866 4471 2139 4521 Ariarathes
2166 4473 2364 4518 Romam
2386 4480 2439 4517 se
2456 4466 2659 4516 contulit
2682 4465 2699 4524 (
2719 4466 2781 4515 cs.
2804 4467 2860 4515 fr.
2885 4468 3021 4526 le;
3048 4466 3239 4516 Diodor.
3269 4469 3421 4515 xxx!
3438 4506 3452 4528 ‚
3484 4473 3562 4517 28.
3590 4474 3683 4526 32;

474 4542 637 4603 Polyb.
664 4546 760 4603 m,
783 4551 839 4603 5,
873 4551 917 4592 2.
941 4545 1147 4601 xxxii,
1172 4548 1232 4590 20
1251 4557 1265 4598 3
1286 4540 1462 4590 Justin.
1486 4542 1685 4597 xxxv,
1716 4544 1768 4596 1;
1810 4538 2010 4598 Appian.
2043 4540 2150 4597 Syr.
2178 4542 2235 4593 47
2255 4539 2272 4599 )
2295 4539 2460 4586 astate
2491 4535 2604 4584 anni
2640 4541 2756 4595 158,
2789 4535 2872 4584 sed
2909 4548 3021 4584 vere
3047 4535 3242 4584 demum
3277 4536 3388 4584 anni
3413 4538 3687 4596 sequentis,

471 4612 813 4674 παρειληφότων
830 4615 911 4669 τὰς
934 4613 1078 4675 ἀρχὰς
1104 4616 1198 4660 τῶν
1232 4610 1333 4671 περὶ
1367 4610 1446 4657 τὸν
1466 4609 1624 4663 Σέξτον
1648 4607 1854 4667 Ἰούλιον,
1874 4608 2091 4655 senatum
2109 4605 2240 4656 adire
2262 4606 2433 4669 potuit.
2469 4608 2585 4655 Haec
2612 4608 2860 4666 accurate,
2878 4605 2951 4654 uti
2968 4604 3112 4664 solet,
3141 4603 3363 4666 Polybius
3382 4608 3557 4654 xxxii
3577 4642 3594 4666 ,
3624 4612 3687 4655 20

471 4683 567 4743 (cf.
586 4682 793 4731 clinton.
811 4683 870 4731 ad
890 4696 967 4732 an.
992 4686 1075 4732 157
1091 4684 1126 4741 ).
1151 4678 1399 4728 Probabile
1413 4679 1556 4739 igitur
1569 4677 1850 4727 Ariarathen
1868 4689 2011 4737 regno
2031 4676 2223 4738 pulsum
2239 4689 2340 4726 esse
2352 4690 2466 4726 vere
2478 4675 2590 4725 anni
2613 4680 2697 4724 158
2714 4675 2788 4724 vel
2804 4677 3011 4724 exeunte
3021 4688 3145 4723 anno
3168 4681 3269 4726 160.
3289 4676 3410 4723 Huic
3427 4688 3687 4724 veroanno

478 4755 565 4799 159
593 4749 844 4800 clintonus
865 4752 1020 4811 (tom.
1048 4753 1146 4809 lli,
1170 4762 1219 4810 p.
1246 4748 1366 4808 406)
1391 4749 1597 4797 mortem
1622 4745 1848 4795 Eumenis
1870 4748 1913 4794 ll
1936 4747 1988 4793 et
2012 4746 2199 4796 initium
2225 4747 2354 4809 regni
2372 4747 2516 4797 Attali
2542 4748 2582 4795 ll
2603 4745 2838 4807 assignat,
2868 4748 2996 4794 recte
3023 4745 3206 4807 utique.
3226 4748 3394 4806 ltaque
3421 4747 3502 4793 vix
3527 4746 3684 4794 otium

471 4824 570 4870 erat
600 4822 797 4870 Eumeni
817 4822 878 4871 ad
897 4820 1253 4870 subornandum
1279 4818 1618 4867 Alexandrum.
1647 4821 1807 4875 Quare
1830 4820 1915 4865 aut
1935 4816 2053 4866 tides
2073 4831 2169 4865 non
2192 4818 2263 4866 est
2285 4815 2597 4871 testimoniis,
2635 4814 2810 4876 quibus
2832 4815 3042 4864 clintoni
3064 4814 3339 4876 supputatio
3369 4815 3556 4875 nititur,
3595 4819 3685 4864 aut

471 4894 636 4940 contra
652 4906 795 4954 quarn
817 4892 1068 4940 scrisimile
1086 4893 1155 4939 est
1173 4890 1231 4938 ad
1251 4902 1429 4938 annum
1458 4895 1541 4938 160
1556 4887 1817 4938 Ariarathes
1834 4888 1943 4949 fuga
1961 4887 2224 4946 referenda,
2243 4889 2328 4934 aut
2339 4885 2546 4947 denique
2560 4884 2738 4933 erravit
2752 4884 2825 4932 vel
2848 4883 3082 4933 Diodorus
3098 4884 3175 4933 vel
3192 4886 3296 4945 ejus
3307 4886 3578 4944 excerptor,
3595 4897 3684 4945 pro

472 4960 629 5009 Attalo
648 4974 828 5021 ponens
843 4963 1036 5010 fratrem
1053 4961 1157 5020 eius
1181 4963 1463 5017 Eumenem,
1479 4957 1540 5007 de
1554 4957 1720 5019 quoin
1740 4956 1967 5018 proxime
1979 4955 2370 5006 antecedentibus
2386 4969 2542 5005 sermo
2564 4955 2723 5004 suerit.
2743 4953 2882 5011 Quod
2901 4957 3197 5014 postremum
3215 4952 3369 5015 posui,
3389 4965 3560 5001 verum
3577 4965 3683 5002 esse

471 5028 614 5076 exiis
645 5031 850 5093 colligis,
882 5044 992 5091 quae
1016 5032 1063 5077 in
1089 5044 1223 5092 seqq.
1262 5029 1484 5090 leguntur
1508 5029 1708 5076 haecce:
1736 5028 2078 5087 συνεπιληφθεὶς
2096 5027 2146 5074 δὲ
2167 5026 2214 5073 ἔν
2237 5040 2332 5073 τισι
2354 5040 2604 5087 στενοχωρ.
2627 5022 2707 5072 {nt
2740 5022 2970 5085 Εὐμένους
2990 5028 3074 5072 τοῦ
3108 5022 3239 5071 τότε
3263 5023 3508 5083 βασιλέως.
3532 5024 3685 5084 igitur

472 5109 568 5155 ιμιο
593 5099 803 5159 tempore
820 5111 1019 5159 puerum
1039 5098 1262 5158 Ophanes
1281 5098 1480 5160 recepit,
1502 5110 1597 5145 non
1617 5096 1822 5157 amplius
1834 5100 1939 5146 erat
1954 5110 2038 5145 rex
2052 5099 2303 5146 Eumenes.
2322 5097 2429 5143 Huc
2443 5094 2628 5143 accedit
2640 5093 2769 5153 quod
2789 5092 2915 5155 apud
2935 5093 3055 5141 alios
3068 5091 3348 5153 scriptores
3335 5105 3381 5139 m
3402 5092 3493 5139 hac
3517 5105 3568 5141 re
3584 5106 3679 5139 non

474 5167 713 5227 Eumenis,
734 5167 813 5218 sed
832 5168 994 5218 Attali
1020 5167 1198 5216 mentio
1213 5168 1314 5216 ilat.
1326 5174 1442 5215 -2.
1456 5167 1846 5229 βαρυνόμενος
1862 5165 1878 5228 ]
1902 5167 2088 5216 Attalns
2111 5164 2407 5215 Stratonicen
2438 5163 2584 5212 liliam
2604 5162 2866 5212 Ariarathae
2884 5174 3084 5211 uxorem
3105 5161 3324 5210 habebat.
3348 5161 3518 5210 Strabo
3539 5163 3675 5219 xlll,
