3900 6042
1526 481 2017 542 FRAGMENTA.

3251 488 3360 536 587

254 627 389 679 Post·
409 620 764 695 Senephthah
790 634 981 691 regem
1002 617 1061 669 in
1082 612 1729 686 monumentisseqnitnr
1819 629 1949 666 cnm
1980 600 2479 664 verisimilitudines
2501 608 2686 680 speeie
2711 605 2956 679 qaudam
2983 616 3248 662 statueres
3267 628 3381 681 po.-

166 714 293 767 Seti
339 715 428 767 II.
478 707 645 765 Nulla
696 707 813 777 ejus
862 704 1076 758 mentio
1127 701 1279 775 apud
1328 700 1731 756 Manethonem
1818 707 2083 752 stremum
2124 712 2355 768 quoque
2393 712 2582 769 regem
2620 695 2886 749 Meriram
2926 694 3382 767 componendum

170 798 423 854 Africani
446 808 505 853 et
528 795 777 852 Eusebii.
818 791 1095 863 losephus
1121 799 1309 843 tamen
1349 788 1410 842 in
1446 805 1512 842 ea
1532 804 1732 843 narra-

168 887 355 953 tione,
381 901 551 957 quam
580 876 947 956 παρεγγράψαι
964 876 1361 932 Manethonem
1380 874 1537 948 dicit,
1569 874 1737 947 ponit

168 962 519 1045 Ai'nenophis
538 968 717 1025 filium
735 967 931 1023 Sethos
948 1005 964 1032 ,
989 965 1089 1037 qui
1116 962 1189 1018 de
1210 962 1300 1018 avi
1316 961 1547 1016 nomine
1566 962 1734 1017 etiam

166 1062 459 1115 Ramesses
472 1056 782 1130 appellatus
801 1053 891 1110 sit.
916 1052 1081 1109 nunc
1096 1050 1406 1109 Eumenius
1420 1046 1735 1121 probabili·

166 1158 258 1201 ter
274 1143 711 1201 censetesseSeti
722 1143 797 1197 11.
812 1140 1061 1195 Africani
1075 1155 1304 1210 quoque
1324 1147 1522 1192 anctor
1540 1134 1612 1190 de
1623 1135 1737 1189 hoc

162 1232 289 1289 Seu
314 1232 668 1290 II-Rameaee
688 1225 903 1300 aliquid
925 1226 1194 1298 reperisse
1211 1224 1349 1278 mihi
1375 1221 1617 1279 videtur.
1647 1222 1736 1277 Sic

163 1322 321 1375 enim
344 1319 696 1393 intelligitur,
721 1315 1132 1370 curRamessen
1149 1313 1205 1366 11
1220 1328 1252 1366 e
1273 1309 1525 1383 dynastia
1546 1310 1737 1364 XVIII

164 1406 227 1461 in
252 1417 517 1479 quartum
550 1406 739 1460 locum
757 1401 1021 1475 dynastiae
1041 1399 1183 1455 XIX
1206 1396 1567 1455 transtulerit.

248 1493 598 1547 Penultimns
618 1508 719 1546 rex
746 1508 839 1563 ap.
876 1486 1205 1542 Africanum
1230 1496 1288 1540 et
1318 1483 1621 1539 Eusebium
1656 1492 1736 1537 est

165 1584 608 1637 Ammenemnes
657 1579 773 1633 sive
816 1578 1224 1631 Ammenemes.
1292 1574 1457 1627 Hunc
1503 1589 1739 1643 quoque

164 1669 343 1722 series
361 1665 876 1722 Medinet·Abuana
898 1679 1019 1716 non
1038 1659 1226 1714 babet.
1267 1659 1480 1715 Iterum
1515 1677 1621 1715 nos
1643 1657 1736 1728 ju-

96 1808 117 1827 ,
166 1765 270 1808 vat
311 1753 556 1826 Lepsius.
599 1752 656 1806 Is
681 1749 911 1805 enimin
942 1747 1318 1802 monumentis
1346 1744 1490 1801 duos
1527 1745 1740 1799 invenit

168 1858 364 1914 reges,
407 1842 507 1912 qui
534 1836 736 1893 eodem
778 1853 894 1908 quo
938 1833 1319 1907 Menepbthah
1361 1840 1616 1905 tempere
1645 1849 1739 1886 re-

169 1938 453 2002 gnarunt,
488 1922 769 1999 Siphehah
813 1932 870 1978 et
921 1925 1295 1975 Amenemses.
1338 1921 1563 1974 Horum
1599 1920 1739 1974 alter

170 2027 370 2088 aperte
427 2025 508 2070 est
565 2018 953 2068 Ammenemes
971 2009 1379 2092 ,Manethonisn
1444 2008 1700 2063 Alterum
1718 2048 1734 2075 ,

171 2120 350 2174 quem
396 2120 514 2156 non
554 2100 726 2154 habet
749 2097 1045 2164 ManethO,
1086 2096 1301 2169 praebet
1350 2094 1739 2149 Eratosthenes

170 2199 468 2261 tamquam
495 2197 897 2241 antecessorem
919 2183 1065 2256 regis
1082 2182 1313 2237 Thuoro
1346 2179 1364 2254 (
1387 2181 1616 2235 Thuori.·
1640 2199 1732 2253 ap.

172 2275 427 2332 African.
457 2284 514 2329 et
534 2270 698 2345 EuS.)
721 2312 737 2340 ,
768 2269 913 2324 adeo
940 2278 1003 2322 ut
1028 2268 1161 2323 hinc
1190 2286 1421 2341 quoque
1443 2270 1739 2342 probabile

170 2354 277 2410 fiat
297 2355 454 2428 quod
475 2354 545 2409 de
567 2364 850 2429 tempore,
878 2373 1056 2428 usque
1075 2353 1147 2409 ad
1176 2354 1335 2427 quod
1359 2354 1740 2411 Eratosthenis

172 2444 481 2499 laterculus
515 2444 826 2516 pertineat,
863 2443 925 2497 in
964 2440 1423 2498 antecedentibus
1454 2443 1560 2518 (ad
1599 2443 1733 2516 dyn.

174 2529 363 2605 xm)
401 2532 706 2604 suspicatus
730 2548 874 2587 sinn.
910 2530 1034 2583 Jam
1062 2546 1237 2602 quum
1270 2530 1330 2584 in
1351 2530 1458 2584 hac
1488 2529 1739 2602 dynastia

172 2636 392 2673 nomen
405 2620 690 2673 Ramesses
703 2626 918 2692 regnet,
928 2617 1115 2671 nescio
1132 2634 1203 2671 an
1218 2634 1308 2690 ap.
1319 2617 1740 2673 Eratosthenem

178 2707 243 2758 in
268 2704 456 2760 verbis
481 2704 509 2760 δ
531 2702 619 2760 καὶ
658 2700 897 2781 Ἑρμῆς,
932 2721 1056 2775 quae
1088 2703 1268 2758 alieno
1293 2704 1422 2758 loco
1465 2706 1743 2761 inculcata

174 2792 494 2846 Bunsenius
533 2801 750 2861 censet,
803 2791 971 2846 lateat
1008 2788 1206 2865 Σιφθᾶς
1241 2790 1269 2844 ὁ
1307 2786 1397 2869 κᾳὶ
1441 2786 1741 2864 Ῥαμεσσῆς

177 2874 305 2953 (vel
328 2875 616 2954 Ἀρμεσσῆς
630 2881 713 2934 uti
741 2896 834 2952 ap.
858 2877 1166 2950 Josephum
1190 2894 1400 2932 nomen
1427 2876 1735 2965 scribitur).

176 2965 349 3021 Idem
359 2985 570 3023 nomen
591 2968 819 3022 fortasse
838 2967 1003 3020 etiam
1021 2966 1249 3020 Phuoro
1267 2966 1359 3019 vel
1372 2966 1602 3020 Thuoro
1622 2968 1742 3040 regi

176 3051 311 3109 fuit.
340 3054 502 3109 Certe
538 3054 753 3110 Plinius
807 3053 1087 3126 xxxvl,
1118 3050 1175 3120 5,
1218 3052 1291 3116 64
1327 3071 1341 3106 ε
1381 3052 1738 3123 Mamas-es,

175 3160 293 3214 quo
327 3154 596 3215 regnante
630 3145 805 3197 Ilium
841 3153 1061 3214 captum
1099 3153 1200 3196 est.
1239 3144 1591 3215 Quamquam
1629 3160 1743 3198 una

176 3246 259 3284 ex
283 3229 404 3284 aeris
424 3229 678 3301 Trojanis
700 3230 865 3285 etiam
889 3249 1017 3285 cum
1053 3231 1120 3285 iis
1139 3230 1367 3304 regibus
1393 3249 1535 3304 quos
1549 3232 1744 3287 Mane-

178 3317 287 3372 tho
316 3319 600 3373 Ramesses
620 3317 786 3385 dicit,
813 3319 1081 3390 componi
1109 3301 1317 3391 potuit.

276 3404 611 3478 Sepulcrum
644 3406 799 3478 regis
823 3404 1107 3478 Se'phthalz
1144 3403 1373 3478 ejusque
1407 3406 1601 3473 uxoris
1631 3406 1744 3460 Ta-

176 3507 345 3557 seser,
376 3492 462 3545 uti
488 3491 722 3563 Lepsius
746 3490 948 3563 docet,
972 3489 1283 3545 vindicavit
1302 3490 1407 3545 sibi
1435 3509 1535 3547 rex
1571 3492 1740 3560 alius,

179 3576 346 3647 cujus
362 3596 573 3635 nomen
596 3579 791 3653 legunt
815 3579 1033 3634 M·rr·a
1058 3578 1171 3633 sive
1195 3578 1447 3633 Meri-ra
1469 3578 1740 3652 (Bunsen.

182 3682 251 3736 p.
283 3668 354 3735 94
378 3662 421 3739 ).
447 3665 611 3718 Hunc
635 3682 747 3719 esse
770 3664 1013 3719 eundem
1033 3684 1163 3719 cum
1184 3664 1477 3719 Sec-neclet
1492 3666 1704 3738 Merit-q
1724 3707 1742 3737 ‚

182 3752 290 3823 qui
336 3751 396 3804 in
421 3751 562 3806 serie
587 3769 783 3826 regum
810 3752 1331 3807 Medinet-Abuana
1365 3762 1495 3825 post
1517 3754 1653 3807 Meti
1689 3756 1745 3808 ΙΙ

180 3838 445 3910 ponitur,
498 3838 658 3893 facile
705 3838 1008 3913 largiemur
1054 3838 1359 3894 Bunsenin.
1408 3843 1483 3895 At
1530 3842 1744 3895 Merit-a

184 3925 342 3978 hunc
366 3924 607 3980 eundern
634 3944 748 3980 esse
774 3944 902 3981 cum
928 3928 1160 3982 Thuoro
1188 3927 1275 3982 vel
1297 3926 1525 3982 Phuoro
1553 3929 1746 3984 Mane·

186 4010 383 4065 thonis
428 4012 485 4065 in
524 4009 762 4067 dubium
792 4016 1132 4069 vocaverim.
1170 4016 1313 4069 Nam
1341 4034 1550 4071 nomen
1583 4017 1748 4089 plane

186 4097 347 4153 aliud
359 4110 459 4168 est,
479 4099 621 4155 adeo
632 4111 695 4156 ut
711 4102 1018 4157 Bunsenius
1029 4111 1269 4157 statuere
1280 4114 1512 4179 cogatur
1527 4104 1748 4159 leoro

187 4202 313 4238 non
340 4204 550 4241 nomen
569 4205 680 4242 esse
702 4188 799 4243 sed
823 4206 1166 4262 cognomen,
1190 4207 1222 4244 a
1244 4192 1588 4261 praenomine
1619 4192 1747 4246 Sec—

188 4271 361 4325 necht
396 4271 698 4328 diversum.
729 4275 909 4345 Quam
946 4276 1275 4329 sententiam
1312 4275 1541 4331 sortasse
1581 4277 1748 4331 admi·

187 4357 327 4414 seris
345 4401 363 4428 ‚
397 4361 443 4413 si
480 4361 552 4416 de
588 4361 1045 4417 antecedentibus
1079 4361 1302 4435 regibus
1327 4361 1591 4417 Manetho
1621 4382 1750 4418 cum

190 4449 545 4522 series-egum
555 4448 1066 4506 Medium-Abusina
1080 4450 1448 4517 consentiret3
1466 4460 1583 4504 tum
1600 4452 1749 4506 enim

192 4629 380 4683 Sirius.
418 4627 626 4678 Theonis
660 4640 806 4678 oeram
845 4629 939 4678 ἀπὸ
980 4632 1249 4692 Μενοφρίως
1280 4629 1530 4679 Boeckhius
1566 4644 1629 4679 ex
1656 4631 1750 4679 alio

192 4700 453 4760 systemate
492 4699 827 4760 chronologico
860 4698 1054 4748 fluxisse
1084 4701 1239 4761 putat,
1277 4712 1428 4761 quum
1444 4712 1599 4747 annus
1634 4705 1750 4750 1322

194 4767 322 4830 apud
344 4768 464 4817 alios
486 4767 681 4818 inaliud
694 4781 892 4830 regnum
908 4767 1125 4817 incidisse
1139 4770 1509 4817 consentaneum
1529 4768 1607 4817 sit.
1630 4770 1676 4818 Si
1692 4783 1751 4818 ex

193 4839 390 4889 Eusebii
412 4839 655 4890 laterculis
674 4837 1019 4901 proficiscaris,
1043 4838 1179 4889 facile
1205 4839 1393 4889 remita
1419 4838 1639 4888 adornari
1664 4854 1753 4891 nec

194 4909 298 4958 sine
316 4908 998 4977 probabilitatisspecieposse,
1012 4911 1068 4957 ut
1084 4922 1237 4958 annus
1252 4915 1367 4958 1322
1386 4909 1525 4958 cadat
1540 4909 1589 4957 in
1607 4909 1750 4960 finem

196 4980 329 5040 regni
344 4979 651 5041 Amenophis.
674 4981 839 5041 Neque
856 4981 1019 5028 tamen
1040 4978 1285 5041 probabile
1311 4992 1413 5028 esse
1437 4981 1750 5041 Amenophim

197 5049 369 5098 abiisse
393 5051 444 5097 in
468 5047 780 5111 Menapia-en
797 5084 812 5109 ,
850 5047 978 5109 quod
1010 5059 1188 5097 nomen
1211 5048 1413 5096 tonnam
1450 5048 1621 5098 habeat
1641 5063 1753 5099 vere

198 5117 545 5181 AEgyptiacam.
586 5120 806 5168 Fortasse
831 5119 1122 5180 Menopbren
1150 5118 1291 5167 ruisse
1324 5120 1533 5167 tutorem
1559 5120 1751 5169 sethus-

200 5188 457 5239 Ramessis.
480 5193 638 5249 Quam
658 5188 984 5249 conjecturam
997 5187 1215 5250 pluribus
1241 5187 1532 5249 argumentis
1562 5188 1767 5255 firmare,

200 5259 362 5309 studet
384 5271 432 5323 p.
459 5264 550 5309 ³08
573 5271 679 5322 sqq.

1822 802 1937 840 esse
1966 802 2095 839 cum
2126 784 2364 837 Thuori.
2399 785 2467 837 At
2489 782 2593 837 alia
2619 798 2783 854 agere
2820 780 3247 849 Manethonem,
3277 782 3385 837 alia

1821 880 2180 927 monumenta
2214 869 2467 942 praebere
2493 866 2669 922 modo
2700 866 2960 925 vidimus,
3003 869 3128 922 Huc
3170 869 3387 923 accedit

1825 957 2018 1032 quod,
2058 975 2232 1029 quum
2272 957 2478 1011 Met-ira
2513 973 2722 1010 nomen
2763 956 2961 1028 saepius
3012 966 3274 1010 occurrat
3325 957 3386 1010 in

1828 1045 2078 1117 dynastia
2119 1044 2262 1112 XX,
2302 1042 2766 1099 verisimillimum
2804 1053 2919 1109 est,
2949 1052 3208 1099 nostrum
3238 1060 3386 1115 quo-

1826 1151 1936 1205 que
1962 1133 2226 1187 Meriram
2242 1172 2259 1203 ,
2292 1132 2538 1204 primum
2571 1129 2735 1201 hujus
2776 1130 3020 1184 nominis
3047 1147 3238 1203 regem
3252 1170 3269 1201 ,
3309 1131 3383 1186 ad

1827 1215 1963 1288 dyn.
2001 1219 2117 1272 XX
2147 1235 2264 1273 esse
2295 1215 2674 1272 referendum.
2705 1218 2906 1287 ltaque
2932 1217 3078 1269 male
3106 1215 3387 1272 distinctas

1826 1321 1859 1357 a
1888 1304 2227 1359 Manethone
2264 1303 2541 1376 dynastias
2572 1320 2685 1356 esse
2721 1321 2849 1357 cum
2885 1303 3163 1357 Bunsenio
3193 1302 3388 1358 dicen-

1830 1389 1968 1444 dum
1999 1391 2165 1447 foret.
2203 1392 2302 1446 Uti
2332 1408 2485 1445 nunc
2521 1406 2609 1443 res
2655 1389 2854 1456 habet,
2894 1389 3100 1443 horum
3136 1391 3386 1444 omnium

1827 1494 2048 1530 causam
2085 1475 2348 1530 idoneam
2384 1474 2776 1530 desideramus.
2817 1473 3000 1529 Multo
3033 1476 3389 1547 probabilior

1827 1573 1908 1616 est
1924 1563 2213 1617 Leemansi
2237 1560 2330 1639 (in
2348 1563 2508 1633 epist.
2533 1560 2608 1615 ad
2628 1561 2994 1615 Salvolinium
3012 1580 3072 1633 p.
3107 1579 3214 1617 100
3232 1558 3248 1636 )
3271 1581 3388 1617 sen·

1827 1652 2000 1705 tentia
2015 1690 2031 1717 ‚
2065 1648 2376 1705 secundum
2403 1664 2573 1721 quam
2603 1647 2838 1703 Thuoris
2861 1649 3093 1703 nomine
3128 1647 3386 1725 designa-

1827 1746 1921 1791 tur
1949 1737 2179 1791 Taseser
2192 1737 2404 1810 regina.

1910 1824 1991 1880 Ex
2014 1825 2189 1879 allatis
2209 1825 2382 1897 igitur
2406 1830 2563 1894 patet
2585 1837 2655 1875 ex
2671 1837 2766 1876 sex
2793 1820 3019 1894 regibus
3035 1820 3389 1876 Manethonis

1828 1909 1971 1966 duos
1999 1922 2213 1965 tantum
2241 1928 2353 1965 esse
2371 1950 2389 1980 ‚
2420 1926 2562 1982 quos
2585 1906 2812 1962 eosdem
2838 1917 3203 1962 monumenta
3228 1909 3386 1963 exhi-

1826 2001 1983 2067 bent,
2004 1999 2319 2056 Ramessem
2337 1999 2392 2052 11
2411 2007 2468 2051 et
2490 1995 2935 2068 Amenephthah.
2959 1996 3180 2049 Horum
3199 1997 3389 2068 itaque

1827 2097 2080 2160 tempora
2125 2104 2160 2140 e
2193 2085 2532 2140 Manethone
2577 2082 2651 2138 ad
2688 2093 3186 2138 monumentorum
3223 2070 3392 2140 series

1828 2174 2127 2229 transferre
2147 2174 2297 2230 licet.

1904 2262 2149 2317 Ramessi
2167 2263 2224 2315 11
2241 2260 2516 2334 Josepbus
2536 2258 2737 2314 tribuit
2762 2275 2939 2313 annos
2958 2257 3032 2312 66
3056 2275 3386 2331 mensesque

1830 2366 1896 2416 ας
1921 2348 2166 2408 eundem
2191 2357 2320 2420 post
2340 2347 2565 2419 pulsum
2592 2345 2843 2401 Armaim
2869 2344 3099 2400 fratrem
3127 2363 3382 2419 regnasse

1828 2434 1966 2489 dicit
1999 2436 2155 2491 anuis
2188 2432 2261 2508 59
2286 2433 2523 2508 (eodem
2547 2433 2789 2488 redeunt
2813 2433 2944 2487 anni
2977 2430 3053 2485 60
3078 2431 3386 2509 Africani).

1828 2522 2102 2577 Praeterea
2125 2521 2360 2577 Armeni
2375 2519 2544 2575 datur
2563 2537 2742 2574 annus
2765 2537 2790 2573 1
2813 2529 2871 2573 et
2886 2536 3100 2573 menses
3122 2525 3178 2585 4,
3203 2530 3264 2576 et
3273 2523 3382 2575 Ar·

1828 2607 1938 2660 mai
1954 2648 1969 2675 ‚
1993 2608 2112 2680 qui,
2139 2608 2363 2663 absente
2386 2604 2919 2680 inaexpeditionibus
2939 2604 3129 2675 fratre,
3154 2626 3389 2682 regnum

1808 2692 2264 2761 administravit,
2290 2693 2636 2767 assignantur
2655 2693 2788 2747 anni
2810 2698 2842 2757 4
2864 2732 2881 2761 ,
2905 2695 3106 2748 mensis
3133 2713 3154 2747 1
3170 2735 3182 2747 .
3209 2691 3391 2750 Hosce

1831 2798 2100 2835 numeros
2123 2781 2199 2835 ita
2227 2781 2535 2835 Bunsenius
2552 2778 2875 2854 conjungit:

1906 2886 2133 2940 Ramses
2156 2894 2354 2960 regnat
2381 2895 2509 2940 ante
2538 2883 2975 2958 expeditionem.
3024 2924 3036 2937 .
3132 2903 3180 2943 1.

1911 2972 2129 3026 Armais
2144 2989 2381 3046 regnum
2407 2970 2772 3026 administrat.
2817 3012 2828 3023 .
2867 3012 2881 3028 .
2917 3010 2933 3026 .
2980 3009 2995 3027 .
3031 3010 3045 3023 .
3133 2968 3190 3025 5.

1913 3060 2139 3114 Ramses
2158 3069 2357 3133 reg-nat
2377 3069 2512 3135 post
2532 3056 2969 3144 expeditionem.
3024 3101 3035 3113 .
3086 3055 3182 3130 59.
3231 3076 3274 3153 q

2393 3154 2401 3161 ’
3086 3161 3182 3216 66.
3229 3179 3285 3219 a.

1830 3275 2026 3335 Armai
2050 3294 2225 3337 unum
2257 3275 2480 3332 addidit
2501 3292 2739 3343 annum,
2770 3284 2836 3329 nt
2867 3292 3082 3329 summa
3114 3293 3393 3332 annorum

1832 3364 2168 3436 Josephiana
2218 3364 2599 3436 colligeretur.
2652 3361 2827 3416 Annis
2878 3359 2952 3435 59
3001 3370 3088 3415 tot
3136 3361 3395 3433 adjunxit

1831 3468 2075 3519 menses,
2117 3460 2264 3523 quot
2306 3449 2501 3504 eadem
2541 3465 2754 3503 summa
2790 3445 3043 3521 flagitare
3079 3446 3388 3510 videretur.

1836 3567 1910 3576 -
1937 3535 2211 3590 Eusebius
2240 3553 2349 3608 pro
2387 3536 2547 3589 annis
2581 3533 2658 3588 66
2694 3533 2884 3606 posuit
2910 3552 3086 3588 annos
3123 3534 3199 3590 68
3233 3536 3393 3606 inde,

1833 3631 1897 3676 ut
1921 3621 2202 3677 Bunsenio
2230 3621 2480 3691 videtur,
2528 3630 2713 3689 ortos,
2752 3619 2909 3694 quod
2945 3629 3156 3677 temere
3193 3624 3395 3695 aliquis

1834 3708 2127 3778 conjunxit
2157 3726 2332 3763 annos
2359 3708 2435 3764 66
2462 3727 2541 3763 m.
2587 3726 2621 3764 a
2644 3748 2660 3775 ‚
2690 3718 2748 3762 et
2774 3725 2866 3763 an.
2905 3725 2927 3761 ι
2961 3725 3040 3762 m.
3082 3715 3139 3772 4.
3175 3741 3250 3750 -
3277 3707 3393 3765 Pro

1834 3795 1994 3849 annis
2036 3791 2110 3866 59
2154 3794 2384 3868 Josephi
2428 3795 2583 3868 apud
2627 3793 2952 3850 Africanum
2989 3803 3045 3849 et
3093 3797 3392 3852 Eusebium

1832 3880 2005 3939 habes
2031 3899 2211 3937 annos
2245 3880 2313 3937 51
2356 3892 2411 3939 et
2440 3881 2537 3940 55.
2569 3883 2686 3937 Hos
2712 3891 3011 3952 corruptos
3039 3880 3296 3937 dixerim.
3324 3883 3393 3938 Id

1832 3970 1877 4023 si
1904 3969 2048 4023 nolis
2062 4008 2078 4035 ‚
2107 3986 2238 4023 cum
2249 3971 2527 4025 Bunsenio
2547 3968 2812 4041 suspicari
2832 3967 2962 4021 licet
2980 3966 3394 4041 distinguendas

1836 4072 1946 4108 esse
1990 4054 2125 4109 duas
2176 4056 2444 4113 Ramessis
2502 4053 2920 4126 expeditiones,
2969 4053 3046 4106 ita
3092 4063 3158 4106 ut
3210 4056 3393 4127 prima

1836 4140 2005 4194 fuerit
2032 4158 2310 4199 annorum
2340 4139 2372 4194 5
2390 4183 2405 4212 ,
2433 4133 2714 4197 altera‘vel
2735 4156 3012 4193 annorum
3034 4145 3064 4203 4
3089 4140 3179 4194 vel
3202 4159 3386 4197 anno-

1837 4244 1964 4280 rum
1982 4245 2046 4299 9;
2068 4229 2278 4284 scilicet
2302 4228 2590 4284 Diodorus
2605 4229 2661 4295 1,
2692 4225 2764 4281 55
2783 4267 2799 4294 ,
2833 4243 2901 4280 ιο
2916 4266 2933 4294 ,
2955 4226 3199 4283 Sesoosis
3221 4245 3390 4302 expe-

1839 4313 2150 4368 ditionibus
2170 4316 2408 4389 assignat
2433 4332 2608 4371 annos
2629 4331 2854 4369 novem.
2893 4313 3102 4387 Igitur:

3227 2893 3260 2951 t.

3245 2989 3268 3025 1

2036 4445 2320 4498 Ramesses
2349 4454 2477 4499 ante
2504 4440 2750 4516 expedit.
2802 4480 2816 4494 .
2861 4458 2954 4497 an.
2984 4459 3030 4497 1.
3077 4448 3109 4508 4
3152 4462 3231 4503 m.

2242 4529 2646 4603 expeditiones.
2688 4570 2702 4586 .
2749 4569 2761 4583 .
2799 4568 2815 4585 .
2978 4548 3034 4603 9.

2244 4628 2369 4690 post
2417 4614 2818 4690 expeditiones.
2945 4613 3035 4670 55.
3079 4615 3104 4638 ''
3147 4636 3224 4670 m.

2942 4719 3036 4780 66.
3080 4720 3109 4749 ⁴
3150 4741 3229 4778 m.

1844 4814 1941 4857 aut
1972 4821 1984 4855 ε

2243 4888 2370 4932 ante
2390 4875 2820 4949 expeditionem.

2240 4964 2421 5036 prima
2454 4961 2756 5036 expeditio.
2799 5002 2815 5018 .
2982 4896 3038 5018 5.

2242 5051 2413 5105 altera
2439 5048 2746 5121 expeditio.
2797 5092 2810 5106 .
2977 5068 3031 5121 9.

2246 5148 2374 5209 post
2415 5135 2813 5209 expeditiones.
2937 5133 3004 5190 51

2942 5240 3038 5297 66.
3087 5238 3140 5294 5.
