3900 6042
545 445 1717 583 ARISTOXENUS
1804 434 2905 596 TARENTINUS.

210 998 461 1054 Suidas‘:
493 991 860 1072 Ἀριστόξενος,
886 990 992 1056 υἱὸς
1038 991 1272 1062 Μνησίου
1306 996 1396 1050 τοῦ
1435 991 1524 1049 καὶ
1568 991 1688 1068 (καὶ

141 1106 251 1139 om.
280 1084 508 1140 Eudoc.
540 1102 602 1156 p.
638 1079 736 1155 7²)
769 1078 1093 1155 Σπινθάρου,
1125 1083 1403 1154 μουσικοῦ,
1444 1078 1548 1135 ἀπὸ
1574 1078 1690 1138 Τά-

141 1193 311 1247 ραντος
339 1172 435 1236 τῆς
466 1164 719 1230 Ἰταλίας.
749 1164 1036 1243 Διατρίψας
1060 1165 1107 1221 δ’
1143 1167 1196 1222 ἐν
1223 1164 1508 1242 Μαντινείᾳ
1545 1164 1687 1243 φιλό·

142 1280 286 1334 σοφος
313 1253 498 1330 γέγονε
514 1296 532 1323 ,
562 1252 654 1311 καὶ
682 1256 902 1329 μουσικῇ
927 1250 1221 1327 ἱπιθέμενος
1254 1252 1348 1309 οὐκ
1372 1252 1688 1329 ἠστόχησαν,

141 1342 389 1410 ἀκουστὴς
412 1345 508 1397 τοῦ
539 1362 597 1398 τε
620 1338 813 1417 πατρὸς
832 1339 921 1396 καὶ
957 1338 1216 1418 Λάμπρου
1239 1343 1328 1396 τοῦ
1355 1337 1688 1417 Ἐρυθραίου,

146 1422 247 1487 εἶτα
273 1428 570 1507 Ξενοφίλου
598 1430 689 1483 τοῦ
729 1423 1079 1503 Πυθαγορείου
1104 1428 1194 1483 καὶ
1225 1425 1367 1491 τέλος
1393 1423 1689 1502 Ἀριστοτί-

145 1519 278 1582 λους·
318 1517 389 1580 εἰς
421 1512 480 1571 ὃν
529 1511 853 1570 ἀποθανόντα
900 1510 1110 1590 ῧὸρισι,
1153 1510 1282 1570 διότι
1320 1509 1569 1568 κατέλιπε
1597 1513 1688 1579 τῆς

144 1605 323 1680 σχολῆς
342 1601 600 1678 διάδοχον
644 1597 981 1678 Θεόφραστον
997 1642 1016 1673 ,
1063 1600 1220 1656 αὐτοῦ
1261 1596 1412 1665 δόξαν
1454 1595 1687 1674 μεγάλην

147 1690 195 1744 ἐν
219 1691 318 1752 τοῖς
346 1689 636 1764 ἀκροαταῖς
656 1688 760 1749 τοῖς
789 1683 1166 1761 Ἀριστοτέλους
1193 1682 1416 1761 ἔχοντος.
1501 1681 1688 1757 Γέγονε

146 1773 194 1830 δὲ
229 1772 312 1830 ἰπὶ
348 1776 454 1830 τῶν
499 1769 841 1849 Ἀλεξάνδρου
882 1770 972 1828 καὶ
1011 1773 1112 1829 τῶν
1153 1768 1432 1844 μιτίπειτα
1458 1768 1690 1847 χρόνων,

146 1865 210 1926 ὡς
249 1851 376 1917 εἶναι
418 1859 529 1917 ἀπὸ
573 1857 704 1933 (ἰπὶ
737 1859 975 1932 Bernh.)
1017 1860 1109 1927 τῆς
1154 1857 1254 1935 ρια’
1309 1856 1690 1931 Ὀλυμπιάδος,

149 1947 413 2025 σύγχρονος
439 1944 755 2024 Δικαιάρχῳ
788 1948 863 2022 τῷ
895 1942 1196 2022 Μισσηνίῳ.

219 2036 545 2109 Spintharus
588 2032 657 2107 (Ἴ
677 2073 694 2100 ,
742 2050 911 2105 quem
952 2050 1063 2085 una
1099 2049 1229 2085 cum
1269 2032 1604 2086 Aristoxeno
1633 2041 1690 2085 et

153 2122 460 2194 Xenophilo
475 2162 494 2189 ‚
515 2121 645 2175 aliis
661 2120 805 2174 inter
828 2119 1157 2173 clarissimos
1176 2119 1416 2171 musicos
1440 2126 1691 2171 recenset

155 2210 386 2263 AElianus
412 2210 483 2263 N.
517 2211 631 2263 An.
675 2207 762 2274 11,
814 2224 876 2260 11
898 2245 915 2273 ‚
953 2216 1115 2278 pater
1154 2205 1473 2259 Aristoxeni
1513 2204 1691 2258 nostri

163 2297 426 2349 Tarentini
444 2293 542 2367 (cf.
563 2293 759 2366 Steph.
781 2294 844 2348 B.
865 2312 923 2346 v.
949 2289 1145 2367 Τάρας)
1165 2291 1372 2346 dicitur
1393 2290 1543 2364 apud
1558 2292 1693 2346 Dio·

158 2399 336 2454 genem
366 2384 432 2436 L.
483 2381 576 2447 11,
621 2397 695 2432 ao
727 2377 809 2452 (v.
841 2378 913 2434 fr.
959 2377 1072 2452 26)
1109 2389 1166 2433 et
1191 2379 1419 2433 Sextum
1449 2377 1692 2450 Empiri-

159 2485 272 2521 cum
295 2467 432 2523 Adv.
465 2466 738 2521 mathem.
768 2467 842 2522 vl
863 2506 878 2533 ,
898 2484 957 2538 p.
988 2463 1099 2535 357
1133 2461 1313 2538 (Καθὸ
1339 2460 1431 2520 καὶ
1460 2460 1692 2539 Ἀριστό-

159 2547 279 2615 ξενον
319 2550 405 2607 τὸν
455 2549 759 2627 Σπινθάρου
811 2546 1029 2625 λέγομεν
1076 2538 1204 2606 εἶναι
1250 2547 1553 2625 μουσικόν).
1607 2552 1691 2605 De

161 2641 346 2694 Maesia
373 2637 609 2694 aliunde
635 2655 754 2691 non
791 2646 1027 2694 constat.
1073 2639 1397 2709 Vereorque
1427 2653 1498 2690 ne
1536 2635 1637 2689 ista
1671 2651 1686 2690 :

163 2723 376 2792 Μνησίου
399 2728 490 2781 τοῦ
512 2721 612 2780 καὶ
640 2718 933 2800 Σπινθάρου
956 2723 1100 2778 male
1117 2740 1175 2777 se
1201 2723 1460 2778 habeant.
1485 2722 1692 2794 Saepius

163 2813 293 2864 enim
333 2810 392 2865 fit
431 2823 496 2866 ut
535 2829 611 2865 eo
651 2809 826 2864 modo
868 2809 1082 2864 diversa
1124 2808 1552 2882 conjungantur.
1589 2807 1694 2861 Di-

166 2896 386 2951 cendum
411 2896 571 2951 haud
604 2895 777 2951 dubie
819 2908 939 2951 erat
983 2916 996 2950 :
1025 2892 1266 2964 Μνηοίου
1307 2892 1341 2963 ἢ
1372 2890 1687 2968 Σπινθάρου.

168 2983 275 3037 Hoc
301 3003 433 3038 vero
457 2983 653 3038 neseio
681 3001 750 3037 an
785 2982 860 3036 ita
896 2983 966 3036 sit
999 2981 1427 3055 explicandum,
1456 2991 1521 3035 ut
1544 2979 1692 3047 Μνη-

167 3065 266 3131 σίας
307 3088 604 3143 perperam
655 3068 728 3124 ad
772 3069 1136 3125 Tarentinum
1187 3069 1461 3135 trahatur,
1512 3085 1690 3139 quum

166 3157 417 3226 pertineat
442 3156 513 3212 ad
539 3157 939 3212 Aristoxenum
962 3155 1285 3227 Cyrenaeum
1313 3153 1411 3228 (**)
1437 3154 1692 3227 philoso-

167 3240 322 3311 phum
336 3284 350 3309 ,
367 3243 658 3297 hominem
676 3239 1035 3295 delicatulum
1050 3279 1066 3307 ‚
1087 3239 1159 3294 de
1178 3258 1294 3312 quo
1312 3260 1371 3296 ν.
1401 3241 1695 3295 Athenaeus

169 3327 222 3395 1,
247 3346 303 3401 p.
343 3348 403 3399 7,
433 3341 487 3385 et
527 3329 632 3402 qni
669 3329 996 3383 Athenaeum
1043 3329 1451 3400 exscripserunt
1496 3326 1695 3381 Suidas

169 3431 205 3469 s.
223 3434 272 3469 v.
302 3426 352 3470 et
376 3416 692 3471 Eustathius
719 3413 791 3467 ad
819 3414 883 3469 ll.
915 3411 974 3479 λ,
995 3432 1051 3486 p.
1079 3412 1192 3468 868
1217 3413 1308 3471 ed.
1336 3416 1505 3470 Rom.
1530 3413 1694 3468 Certe

172 3499 409 3556 familiam
453 3502 622 3556 fuisse
662 3499 1064 3572 Cyrenensem‚
1094 3500 1153 3553 in
1189 3518 1300 3572 qna
1325 3501 1559 3554 Mnaseae
1584 3517 1694 3553 no-

173 3603 285 3640 men
301 3587 658 3652 occurrebat,
676 3596 831 3658 patet
855 3603 886 3640 e
904 3587 1170 3640 Pausania
1191 3587 1295 3654 VI,
1333 3583 1400 3640 ι3
1416 3625 1432 3654 ,
1461 3590 1518 3649 4.
1545 3585 1694 3641 Mn·

174 3668 278 3734 σίας
300 3692 428 3728 vero
468 3684 525 3730 et
555 3669 798 3740 Μνησίας
837 3682 894 3725 et
923 3668 1135 3738 Μησίας
1162 3671 1412 3743 ejusdem
1456 3671 1699 3725 nominis

177 3759 438 3815 varietates
464 3762 554 3817 vel
579 3759 915 3832 corruptelae
941 3769 1083 3814 sunt.
1113 3760 1177 3813 V.
1221 3758 1412 3832 Steph.
1441 3757 1603 3813 Thes.
1632 3776 1682 3813 v.

178 3842 418 3911 Μνασέας.

247 3932 487 3988 Ceterum
519 3932 849 4006 Spintharus
868 3932 1108 3987 Socratis
1140 3930 1539 4007 consuetudine
1570 3934 1700 3987 usus‘

181 4020 274 4074 est;
294 4012 682 4083 Spintharique
709 4011 1039 4065 auctoritate
1064 4012 1339 4080 nituntur,
1363 4028 1484 4082 quae
1512 4009 1583 4066 de
1612 4012 1701 4064 in-

183 4094 298 4151 dole
337 4100 574 4155 Socratis
620 4106 811 4153 narrat
853 4098 1212 4153 Aristoxenus
1261 4096 1330 4154 sr.
1385 4096 1481 4154 28.
1542 4098 1699 4152 Idem

182 4183 481 4254 Spintharus
500 4186 709 4242 Thebis
736 4203 865 4240 cum
891 4184 1281 4257 Epaminonda
1313 4192 1558 4239 versatus
1585 4195 1697 4252 est,

185 4278 301 4324 teste
331 4273 625 4328 Plutarcho
663 4274 749 4328 De
772 4272 913 4331 Gen.
946 4272 1106 4327 Socr.
1140 4289 1191 4325 c.
1217 4270 1314 4339 23,
1344 4288 1402 4343 p.
1433 4268 1568 4341 592,
1598 4270 1640 4324 F
1683 4286 1699 4326 ε

189 4352 450 4435 Σπίνθαρος
482 4361 510 4415 ὁ
548 4359 867 4437 Ταραντῖνος
912 4356 1006 4413 οὐκ
1042 4353 1215 4430 ὀλίγον
1257 4356 1396 4430 αὐτῷ
1438 4354 1702 4429 (Epami-

187 4443 399 4519 nondae)
422 4443 786 4522 συνδιατρίψας
809 4445 1028 4501 ἐνταῦθα
1050 4440 1234 4519 χρόνον
1263 4441 1344 4499 ἀεὶ
1372 4440 1537 4511 δήπου
1565 4437 1703 4516 λέγει

190 4527 351 4596 μηδενί
375 4552 445 4600 πη
472 4533 575 4588 τῶν
603 4530 717 4589 καθ’
764 4529 946 4588 ἑαυτὸν
975 4526 1261 4609 ἀνθρώπων
1307 4525 1704 4607 ἰντετυχηκίναι

244 4692 299 4753 (Ἴ
329 4696 384 4744 V.
418 4698 648 4747 Diatribe
673 4698 736 4749 de
763 4700 1090 4758 Aristoxeno,
1121 4695 1420 4760 philosopho
1444 4698 1695 4760 peripate-

193 4761 299 4817 tico.
320 4769 517 4815 auctore
537 4771 597 4818 G.
626 4771 681 4818 1..
707 4771 908 4818 Manus.
934 4767 1191 4817 Amstelod.
1224 4771 1356 4816 1793.
1377 4770 1428 4815 8.

245 4832 283 4888 ('
290 4832 329 4889 *)
351 4835 666 4886 munerantur
679 4841 911 4900 pra-terea
931 4839 1242 4887 Aristoxenus
1253 4836 1547 4887 Selinuntius
1565 4835 1705 4896 poeta

197 4906 260 4955 11)·
295 4900 600 4962 Hephaestion.
643 4906 890 4956 Euchirid.
935 4920 980 4968 p.
1023 4909 1084 4955 45
1120 4905 1197 4956 ed.
1235 4905 1437 4966 Gsl'ord3
1466 4903 1702 4965 aristoph.

196 4964 326 5015 schol.
349 4971 462 5019 nub.
495 4976 601 5024 487.
624 4976 701 5026 ct.
737 4977 908 5037 fragm.
945 4984 1025 5027 55.
1045 5006 1108 5018 -
1127 4976 1442 5026 Aristoxenus
1462 4969 1704 5035 medicus,

199 5034 427 5087 Alexandri
448 5042 689 5093 Philalethi
711 5044 858 5105 disc„
903 5046 1077 5108 soepius
1107 5046 1186 5096 ille
1221 5044 1442 5095 laudatus
1466 5056 1540 5105 ap.
1563 5042 1706 5092 Gale·

199 5110 303 5152 ”nm
323 5109 369 5154 et
388 5110 582 5161 coetium
613 5114 934 5164 Aurelianum.
958 5143 1017 5151 —
1037 5116 1169 5167 Alius
1183 5115 1381 5178 quidam
1400 5114 1709 5165 Aristoxenus

201 5182 270 5231 ⁸11·
294 5175 432 5224 sebol-
455 5182 666 5246 aristoph
707 5185 830 5235 Plut.
863 5191 966 5236 175.

1781 991 1913 1068 μήτε
1941 991 2153 1049 πλείονα
2181 992 2513 1069 γινώσκοντι,
2540 992 2663 1068 μήτ’
2693 993 2942 1054 ἐλάττονα
2970 996 3323 1075 φθεγγομένῳ.

1779 1082 1862 1137 Cf.
1890 1083 2115 1136 Jonsius
2146 1084 2266 1137 Ser.
2290 1084 2415 1138 hist.
2440 1083 2541 1156 ph.
2568 1085 2619 1153 Ι,
2652 1092 2740 1150 14.

1868 1191 1891 1216 κ
1921 1170 2041 1238 Qua
2067 1169 2139 1223 de
2166 1187 2328 1224 causa
2349 1181 2445 1225 aut
2474 1188 2590 1242 quo
2621 1180 2879 1243 tempore
2906 1172 3243 1225 Mantineam
3273 1190 3330 1225 se

1779 1256 2082 1309 contulerit
2121 1258 2515 1325 Aristoxenus,
2547 1257 2706 1328 quod
2729 1258 2935 1329 reliqui
2975 1269 3229 1312 auctores
3258 1258 3330 1311 de

1779 1358 1848 1395 eo
1865 1342 2056 1411 silent,
2081 1354 2235 1398 certo
2256 1343 2369 1399 dici
2388 1345 2604 1416 nequit.
2628 1346 3009 1399 Veruntamen
3028 1363 3148 1399 non
3167 1344 3329 1398 valde

1779 1446 1810 1480 a
1837 1446 1975 1483 vero
2003 1429 2188 1484 abesse
2215 1430 2479 1484 videntur
2507 1448 2632 1502 quae
2662 1429 2800 1484 dicit
2840 1430 3040 1485 Suidas
3080 1449 3093 1483 :
3127 1449 3257 1484 nam
3284 1433 3329 1484 si

1780 1514 1920 1586 quid
1962 1516 2242 1587 conjicere
2278 1517 2469 1584 liceat,
2492 1517 2830 1571 Mantineam
2852 1518 3079 1588 petierit
3099 1516 3171 1571 ad
3208 1516 3329 1570 edi·

1777 1601 2037 1656 scendam
2057 1601 2339 1657 Arcadum
2356 1604 2647 1671 musicam,
2668 1604 2880 1674 quippe
2898 1603 2955 1655 hi
2968 1643 2984 1671 ‚
3000 1612 3063 1656 ut
3081 1620 3149 1657 ex
3164 1602 3331 1656 histo-

1782 1687 1911 1742 ricis
1931 1687 2219 1754 novimus,
2254 1689 2420 1758 hujus
2447 1689 2580 1741 artis
2606 1688 2922 1760 peritissimi
2946 1687 3329 1759 habebantur;

1782 1790 1957 1845 quare
1983 1773 2055 1829 de
2090 1776 2156 1828 iis
2181 1775 2443 1848 Virgilius
2470 1775 2585 1830 Ecl.
2617 1775 2700 1842 X,
2728 1772 2798 1827 33
2824 1772 2960 1829 dicit
2991 1792 3006 1826 :
3048 1774 3172 1828 Soli
3192 1792 3331 1827 can-

1782 1870 1902 1914 tare
1921 1866 2096 1933 ppt-iti
2120 1863 2387 1916 Arcades.
2426 1886 2447 1909 ι»
2478 1863 2704 1928 nuans,
2734 1879 2794 1934 p.
2834 1880 2920 1915 ιι.
2951 1862 3204 1915 Fortasse
3228 1878 3325 1916 co·

1786 1954 1984 2019 gnatos
2013 1949 2070 2001 in
2097 1948 2486 2021 Peloponneso
2527 1947 2754 2016 habuit,
2784 1946 2845 2001 id
2870 1946 3029 2019 quod
3058 1948 3225 2002 etiam
3256 1947 3330 2001 de

1780 2034 2107 2088 Dicaearcho
2130 2036 2419 2089 statuimus
2449 2041 2531 2102 (ν.
2562 2052 2690 2106 pag.
2719 2031 2833 2087 225
2860 2031 2911 2105 )‚
2937 2050 3065 2087 cum
3100 2050 3215 2104 quo
3243 2031 3327 2087 fa-

1782 2121 2161 2176 miliaritatem
2208 2122 2413 2176 Nostro
2462 2120 2818 2175 intercessisse
2860 2119 2993 2174 inde
3020 2120 3327 2193 colligitur,

1782 2206 1941 2278 quod
1973 2208 2279 2261 Dicaearchi
2304 2207 2376 2262 ad
2416 2209 2813 2262 Aristoxenum
2842 2206 3131 2280 epistolam
3165 2223 3326 2261 com-

1780 2304 2058 2347 memorat
2079 2293 2274 2348 Cicero
2302 2294 2406 2365 Ep.
2431 2292 2501 2346 ad
2524 2297 2638 2350 Att.
2668 2293 2782 2347 XII
2798 2332 2814 2358 ‚
2838 2291 2909 2345 32
2943 2290 3037 2367 (¹⁸²).
3069 2292 3136 2345 In
3161 2292 3325 2346 Pelo·

1779 2397 2036 2451 ponneso
2063 2376 2270 2453 degens
2307 2379 2669 2433 Aristoxenus
2697 2379 2962 2434 convenit
2997 2378 3328 2448 Dionysium

1776 2465 2063 2536 juniorem
2081 2508 2097 2540 ,
2128 2467 2226 2538 qui
2254 2483 2402 2519 anno
2436 2462 2546 2528 343
2575 2481 2626 2522 a.
2655 2464 2719 2520 C.
2751 2463 3083 2518 Corinthum
3111 2463 3323 2517 abierat

1786 2551 1874 2625 (v.
1921 2552 1988 2607 fr.
2014 2572 2051 2625 9
2082 2547 2278 2626 extr.)

1868 2663 1891 2688 «ι
1922 2641 2193 2695 Praeterea
2222 2637 2504 2713 (Mahnius
2524 2635 2738 2710 pergit)
2771 2635 3031 2690 discimus
3051 2653 3121 2690 ex
3144 2635 3332 2690 verbis

1781 2725 1966 2781 Suida!
1992 2727 2395 2783 Aristoxenum·
2420 2734 2691 2796 quattuor
2721 2722 2975 2777 habuisse
3011 2723 3330 2795 magistros,

1781 2813 2027 2885 primum
2046 2823 2264 2885 patrem
2282 2829 2443 2865 suum
2458 2851 2474 2878 ,
2495 2821 2611 2864 tum
2626 2811 2930 2881 Lamprum
2948 2806 3295 2879 eqhraeum
3310 2846 3327 2875 ‚

1784 2899 1989 2954 deinde
2016 2899 2429 2972 Xenophilum‚
2460 2908 2517 2951 et
2539 2896 2784 2968 denique
2805 2896 3185 2952 Aristotelem.
3210 2897 3336 2950 Re-

1783 2986 1912 3040 licta
1933 2986 2107 3060 igitur
2131 2997 2362 3060 paterna
2391 2984 2685 3057 disciplina
2703 2982 2951 3056 primum
2977 2981 3176 3035 habuit
3198 2999 3332 3036 ma-

1783 3073 2018 3147 gistrum
2044 3076 2340 3147 Lamprum
2368 3070 2744 3143 Erythraeum.
2789 3069 2895 3123 Hic
2934 3069 3209 3140 Lamprus
3242 3069 3333 3122 vi-

1784 3159 1952 3216 detur
1968 3160 2164 3232 junior
2187 3160 2285 3213 illo
2315 3158 2597 3214 celebrato
2627 3157 2773 3210 inter
2810 3155 3016 3227 lyricos
3038 3164 3238 3228 poetas
3259 3155 3332 3209 ab

1784 3249 2119 3303 Aristoxeno
2148 3246 2301 3320 apud
2345 3243 2625 3300 Plutarch.
2659 3244 2746 3297 De
2785 3259 2924 3296 mus.
2954 3260 3014 3315 p.
3064 3247 3246 3307 1142,
3290 3241 3333 3295 B

1787 3334 1885 3407 (fr.
1918 3332 2047 3408 73).
2073 3334 2174 3389 Ille
2204 3333 2354 3388 enim
2382 3332 2533 3386 idem
2561 3330 2787 3385 videtur
2813 3340 2983 3401 atque
3011 3330 3056 3382 is
3073 3367 3090 3396 ‚
3114 3327 3186 3382 de
3217 3345 3334 3399 quo

1783 3438 1841 3476 se
1878 3422 2146 3475 musicam
2188 3419 2445 3475 didicisse
2492 3416 2770 3490 professus
2809 3426 2890 3470 est
2942 3415 3196 3469 Socrates
3238 3432 3333 3487 ap.

1785 3508 2005 3565 Platon.
2033 3507 2095 3560 in
2115 3508 2426 3562 Menexeno
2468 3502 2555 3578 (c.
2588 3501 2643 3571 3,
2672 3521 2734 3576 p.
2760 3501 2896 3569 236,
2928 3502 3008 3576 Α,
3032 3499 3103 3556 cs.
3132 3500 3334 3559 Athen.

1785 3594 1870 3648 XI
1893 3634 1911 3667 ‚
1938 3610 2003 3666 p.
2041 3592 2176 3661 506,
2197 3591 2304 3665 F),
2324 3591 2535 3664 quique
2562 3588 2857 3662 Sophoclis
2882 3588 3143 3661 magister
3162 3587 3336 3641 musi-

1787 3697 1877 3735 ces
1901 3689 1958 3734 et
1990 3678 2228 3735 saltandi
2256 3679 2388 3734 artis
2413 3677 2577 3732 fuisse
2610 3674 2851 3730 videtur.
2881 3673 3011 3729 vid.
3046 3673 3340 3728 Athenaeus

1786 3766 1844 3833 1,
1874 3783 1934 3838 p.
1964 3781 2061 3831 ao,
2095 3766 2166 3833 F,
2190 3765 2367 3820 schol.
2407 3762 2675 3836 Sophocl.
2707 3761 2767 3814 in
2789 3760 2906 3832 ejus
2938 3761 3097 3833 Vita,
3142 3759 3339 3813 Fabri-

1788 3851 1905 3906 cius
1922 3852 1987 3906 B.
2008 3852 2107 3909 Gr.
2137 3854 2193 3921 1,
2221 3870 2283 3925 p.
2305 3849 2415 3915 584
2434 3867 2568 3920 ‚nec
2588 3867 2707 3902 non
2726 3848 3056 3920 interpretes
3074 3844 3147 3901 ad
3168 3846 3340 3901 verba

1787 3937 1927 4010 Nep.
1957 3939 2017 3992 in
2044 3939 2153 3995 Vit.
2196 3940 2394 4011 Epam.
2426 3955 2477 3992 c.
2520 3954 2541 3989 1
2585 3954 2599 3988 ι
2632 3932 2986 3989 Citharizare
3023 3943 3084 3986 et
3112 3943 3340 3985 cantare

1787 4026 1870 4079 ad
1890 4024 2223 4079 chordarum
2254 4042 2446 4079 sonum
2486 4023 2675 4077 docens
2713 4031 2798 4074 est
2820 4039 2858 4073 a
2901 4020 3194 4089 Dionysio,
3242 4024 3340 4091 que·

1788 4131 1897 4167 non
1938 4117 2141 4167 me'nori
2162 4109 2289 4181 suit
2315 4116 2370 4165 in
2406 4114 2613 4165 musica
2648 4108 2865 4178 gloria,
2911 4121 3079 4178 quam
3116 4096 3338 4158 Dafmm

1788 4211 1888 4253 aut
1909 4202 2207 4272 Lamprus,
2231 4216 2455 4271 quorum
2480 4196 2813 4269 pervulgata
2827 4203 2953 4245 sunt
2971 4195 3199 4244 nomina
3222 4188 3334 4263 (““).

1788 4315 1868 4326 -
1895 4284 2248 4359 Xenophilus
2274 4284 2370 4355 qui
2400 4280 2605 4337 deinde
2633 4288 3001 4343 memoratur,
3031 4284 3113 4329 cst
3134 4276 3340 4329 nobilis

1791 4372 1883 4426 ille
1908 4370 2283 4426 Chalcidensis
2303 4369 2701 4443 philosophus,
2725 4363 2884 4436 cujus
2913 4365 3087 4419 vitam
3122 4362 3335 4418 descri-

1788 4459 1957 4530 psi>se
1997 4457 2222 4512 videtur
2264 4457 2383 4529 ipse
2422 4461 2780 4511 Aristoxenus
2825 4450 2910 4523 (v.
2957 4450 3027 4504 fr.
3094 4445 3210 4524 16).
3257 4479 3339 4491 —

1791 4546 2135 4600 Aristotelem
2159 4544 2480 4619 magistrum
2506 4540 2818 4598 Aristoxeni
2843 4538 3037 4605 fuisse,
3064 4555 3242 4609 quum
3270 4554 3338 4591 ex

1855 4761 1917 4821 (Ἴ
1954 4758 2085 4809 idem
2127 4758 2296 4807 cicero
2323 4755 2499 4819 sepius
2533 4754 2873 4804 Aristoxenum
2910 4762 3023 4799 cum
3063 4748 3338 4798 Dicoearcho

1792 4829 2135 4891 componit,ut
2152 4826 2200 4875 in
2223 4829 2376 4877 Tusc.
2402 4829 2447 4885 Ι,
2473 4830 2529 4874 18
2550 4825 2639 4885 (1ϊ.
2657 4823 2745 4883 82)
2765 4820 2977 4882 etEpist.
3000 4818 3062 4868 ad
3082 4820 3180 4868 Ait.
3205 4820 3336 4876 vill,

1793 4904 1822 4949 4
1849 4918 1862 4947 ι
1899 4895 2260 4948 Dicaearchum
2297 4894 2587 4945 mehercule
2618 4894 2715 4942 aut
2752 4893 3111 4941 Aristoxenum
3148 4887 3335 4935 diceres

1794 4970 2013 5027 arcessi,
2032 4978 2132 5015 non
2165 4977 2331 5015 unum
2355 4967 2586 5014 omnium
2606 4962 3018 5025 loquacissimum
3045 4959 3096 5006 et
3126 4958 3339 5005 minime

1794 5040 1979 5102 aptum
2000 5035 2074 5087 ad
2095 5034 2387 5085 dicendum.

1856 5108 1943 5171 θ’)
1962 5110 2215 5169 [amptum
2232 5104 2594 5167 grammaticum
2604 5099 2950 5150 commemorat
2969 5096 3158 5147 Aristot.
3179 5097 3340 5155 Magn.

1801 5179 1967 5228 Mor-al.
1999 5182 2066 5239 ll,
2096 5182 2141 5226 7.
