3900 6042
462 472 573 521 ‚⁴20
1558 459 2057 521 MANETHONJS
2096 458 2574 519 SERENNYTAE

460 592 547 669 (p.
574 591 645 648 56
670 592 750 667 A)
777 593 1110 659 afferuntur,
1136 590 1329 663 ibique
1344 588 1574 645 demum
1597 601 1825 646 notatur
1850 608 2007 646 sum-
2049 600 2060 622 ·
2098 591 2261 664 gibus
2298 590 2561 663 dynastiae
2597 590 2668 644 lv
2714 599 2770 643 et
2808 606 2876 641 ex
2922 607 2961 660 9
2997 583 3232 659 regibus
3280 583 3550 655 dynastiae
3595 590 3672 654 V,

461 698 608 735 mam
645 680 907 754 dynastia
937 676 1194 735 secundae
1234 695 1374 746 esse,
1414 696 1543 734 ann.
1586 676 1721 744 302,
1752 673 1890 732 κατὰ
1915 673 2010 743 τὴν

462 763 703 840 δευτέραν
741 764 940 822 ἔκδοσιν
984 763 1313 841 Ἀφρικανοῦ.
1364 761 1415 818 T
1418 765 1571 819 urbae
1615 766 1729 818 istae
1785 764 2010 818 nonnisi

463 855 825 908 librariorum
872 854 1110 919 fuerint3
1165 869 1503 922 quamquam
1558 851 1674 922 ipse
1725 850 2013 922 Syncellus

465 944 813 997 occasionem
854 942 919 995 iis
967 939 1206 994 dederit.
1254 939 1397 992 Nam
1441 956 1617 1009 quum
1662 938 1756 991 illa
1800 932 2011 1011 δευτέρα

465 1025 663 1091 ἔκδυσις
691 1028 936 1083 indicare
972 1026 1248 1092 videatur,
1278 1024 1522 1079 diversas
1560 1023 1725 1094 hujus
1747 1023 2013 1094 dynastiae

466 1114 861 1169 adornationes
887 1113 958 1166 ab
988 1108 1644 1176 Africano'memoratas,
1685 1110 1773 1163 vel
1802 1108 1874 1163 ab
1901 1109 2013 1162 alio

465 1200 536 1254 ad
563 1201 841 1255 Africanei
868 1199 999 1252 libri
1047 1197 1330 1270 exemplar
1375 1207 1661 1251 annotatas
1696 1213 1844 1262 esse,
1888 1197 2006 1266 ipse

466 1287 752 1359 Syncellus
797 1284 868 1339 de
903 1285 988 1338 his
1014 1284 1084 1338 ad
1111 1285 1417 1357 marginem
1454 1284 1535 1337 sui
1567 1283 1753 1355 operis
1780 1299 2014 1335 monere

467 1375 671 1445 potuit.
728 1371 946 1427 Deinde
992 1389 1127 1425 vero
1168 1370 1532 1424 memorabile
1575 1386 1704 1423 sane
1745 1379 1827 1423 est
1862 1367 2015 1441 apud

468 1460 887 1515 Eratosthenem
928 1476 1087 1531 reges
1110 1477 1312 1512 novem
1341 1458 1443 1531 (N0
1466 1454 1785 1532 vl—xlv)
1816 1458 1913 1529 qui
1943 1475 2013 1511 ex

466 1547 608 1599 serie
636 1545 889 1599 laterculi
913 1545 1115 1598 nostris
1142 1545 1365 1617 regibus
1392 1562 1597 1598 novem
1633 1542 2013 1615 respondent,

468 1650 703 1707 regnare
743 1650 847 1704 per
883 1650 1059 1686 annos
1096 1638 1241 1698 224,
1288 1643 1430 1703 quot
1467 1642 1679 1704 septem
1726 1629 2019 1703 prioribus

469 1718 695 1792 regibus
723 1719 915 1772 tribuit
938 1718 1240 1789 Syncellus.
1263 1720 1521 1791 Deinque
1558 1718 1863 1772 Bunsenius
1887 1716 2020 1769 alias

471 1805 547 1859 ob
578 1824 765 1873 causas
791 1805 943 1859 haud
971 1804 1419 1875 improbabiliter
1446 1806 1634 1859 statuit
1662 1803 1903 1857 Africani
1926 1820 2020 1855 re-

469 1910 593 1966 gem
633 1904 891 1946 octavum
925 1901 980 1944 et
1006 1909 1219 1944 nonum
1249 1908 1444 1944 errore
1483 1889 1723 1944 adscribi
1753 1888 2016 1960 dynastiae

469 1980 745 2035 secundae.
780 1979 879 2031 His
921 1978 1090 2049 igitur
1121 1977 1340 2031 indiciis
1374 1988 1561 2030 motus
1590 1975 1853 2048 equidem
1876 1985 2018 2047 puto

471 2065 733 2137 dynastiae
760 2062 1014 2116 secundae
1034 2062 1257 2135 regibus
1274 2063 1387 2116 sive
1412 2080 1613 2116 novem
1647 2063 1762 2115 sive
1802 2070 2018 2133 septem

471 2151 607 2204 olim
646 2149 865 2203 nonnisi
891 2154 1001 2213 224
1028 2167 1202 2202 annos
1228 2149 1525 2202 attributos
1561 2148 1742 2203 fuisse.
1767 2148 1894 2217 Quo
1918 2146 2019 2200 ad·

470 2239 632 2291 misso
650 2236 1111 2310 regibusThinitis
1122 2235 1517 2308 septemdecim
1534 2236 1877 2309 assignantur
1887 2235 2019 2288 anni

474 2323 1004 2392 263÷224=487.
1039 2325 1360 2396 Sequuntur
1388 2322 1625 2378 totidem
1658 2340 1813 2395 reges
1841 2324 2020 2377 Mem-

470 2412 639 2484 phitae
658 2411 812 2485 (dyn.
834 2413 939 2483 ul,
957 2408 1072 2486 lv),
1087 2413 1183 2484 qui
1199 2430 1300 2484 per
1313 2410 1550 2466 totidem
1567 2428 1744 2465 annos
1758 2419 2018 2483 regnant,

470 2500 620 2554 salva
664 2499 828 2553 unius
875 2498 1005 2552 anni
1065 2498 1381 2552 differentia
1427 2495 2015 2571 (214÷274=488)·

470 2588 501 2640 J
505 2604 593 2641 am
618 2605 753 2640 vero
772 2586 903 2643 anni
923 2584 1032 2654 487
1056 2586 1277 2639 tertiam
1295 2596 1511 2657 partem
1532 2582 1781 2638 efficiunt
1797 2582 2019 2656 periodi

471 2673 761 2729 Sothiacae.
808 2672 898 2727 Ad
943 2672 1285 2744 explendum
1322 2673 1541 2744 cyclum
1578 2687 1799 2727 neccsse
1841 2669 2016 2738 foret,

472 2770 534 2813 ut
555 2758 813 2830 dynastiae
840 2761 887 2813 V
908 2769 965 2812 et
984 2760 1057 2813 VI
1086 2760 1225 2813 alios
1244 2777 1420 2814 annos
1440 2758 1550 2828 487
1576 2756 2016 2830 suppeditarent.

471 2844 717 2899 Africani
755 2846 975 2898 numeri
1008 2847 1231 2899 nonnisi
1262 2843 1367 2910 451
1411 2861 1588 2899 annos
1612 2844 1893 2916 praebent,
1923 2844 2022 2915 qui

472 2949 588 2984 non
615 2933 667 2985 ei
685 2930 963 2985 debentur
980 2934 1320 2999 recensioni,
1352 2931 1424 2986 de
1448 2949 1560 3003 qua
1582 2949 1685 2984 nos
1710 2930 1829 3001 jam
1846 2930 2019 2984 verba

474 3016 722 3074 facimus.
763 3018 1021 3071 Ceterum
1051 3017 1362 3089 dynastiam
1403 3028 1612 3072 sextam
1659 3018 1778 3071 aliis
1818 3015 2021 3071 finiisse

474 3121 584 3156 una
620 3120 749 3157 cum
791 3103 1049 3156 Sothiaca
1085 3102 1357 3174 periodo,
1390 3105 1480 3157 vel
1511 3121 1580 3157 eo
1613 3103 1849 3157 indicari
1884 3104 2023 3156 mihi

472 3188 718 3259 videtur,
768 3187 926 3260 quod
951 3198 1297 3260 postremum
1338 3207 1574 3263 regnum
1614 3188 1730 3259 ejus
1757 3189 2021 3261 dynastiae

472 3275 577 3329 fuit
606 3275 935 3343 Nitocridis,
962 3276 1210 3330 mulieris
1231 3274 1387 3330 flava
1413 3276 1713 3348 rubrisque
1731 3277 1886 3349 genis
1902 3276 2020 3330 sor·

472 3379 665 3429 mosae,
699 3379 849 3433 quae,
899 3363 1060 3416 sicuti
1098 3363 1421 3418 Herodotus
1452 3372 1672 3429 narrat,
1710 3362 1772 3414 in
1811 3362 2024 3416 cineres

472 3466 530 3501 se
554 3447 856 3518 conjiciens
895 3450 1066 3505 vitam
1107 3448 1309 3509 finivit.
1353 3450 1555 3507 Nonne
1594 3450 1655 3502 in
1694 3450 2023 3504 memoriam

472 3533 589 3587 haec
637 3546 905 3589 revocant
951 3536 1303 3605 Phoenicem,
1353 3554 1512 3591 avem
1546 3535 1812 3605 rubram,
1855 3553 2024 3607 quam

474 3620 577 3674 sub
607 3618 775 3674 finem
816 3622 1041 3693 periodi
1071 3624 1341 3678 Sothiacae
1368 3641 1425 3678 se
1462 3624 1637 3696 ipsam
1663 3640 2024 3677 concremare

473 3706 909 3761 fabulabantur?
934 3710 1018 3761 Tu
1044 3709 1251 3766 videas,
1450 3700 1463 3711 ’

554 3794 654 3849 His
686 3793 927 3864 adjicere
965 3813 1144 3867 pauca
1179 3797 1343 3851 liceat
1379 3796 1451 3851 de
1476 3798 1815 3852 Manethone
1853 3796 2025 3849 Euse-

472 3881 572 3936 bii.
604 3882 825 3935 Etenim
854 3883 1123 3936 Eusebius
1150 3884 1372 3955 priores
1413 3900 1508 3943 sex
1536 3883 1814 3955 dynastias
1837 3882 2021 3937 ador-

474 3968 627 4021 navit
651 3968 802 4023 hunc
827 3971 887 4022 in
903 3969 1135 4023 modum
1165 3989 1178 4024 τ

632 4097 679 4153 Ι.
727 4094 762 4148 8
805 4096 1038 4150 Thinitae
1713 4094 1824 4148 252

606 4183 681 4238 11.
729 4202 765 4254 9
884 4214 963 4223 ——
1713 4200 1821 4259 297

594 4269 692 4322 111.
737 4268 771 4322 8
813 4269 1130 4341 Memphim
1715 4286 1819 4341 ¹97

591 4356 685 4411 lv.
714 4374 778 4424 17
809 4357 1125 4427 Memphitae
1717 4356 1829 4419 448

628 4435 694 4487 V.
820 4434 1023 4505 Phiops
1050 4452 1151 4495 rex
1720 4451 1827 4491 loo

601 4521 698 4574 vl.
746 4520 781 4572 6
825 4521 1140 4593 Memphitae
1717 4522 1827 4574 203

1700 4632 1843 4696 1497

554 4756 778 4810 Summa
823 4774 1100 4809 annorum
1128 4754 1322 4809 eadem
1359 4765 1440 4809 est
1467 4771 1633 4826 quam
1662 4772 1730 4809 ex
1758 4755 2025 4809 Africano

478 4842 765 4914 Syncellus
818 4852 1069 4914 exputat.
1111 4843 1186 4895 At
1230 4840 1537 4895 concordia
1596 4841 1713 4894 haec
1769 4842 2024 4895 calculo-

477 4946 604 4981 rum
639 4926 813 4980 modo
855 4928 1100 4982 absurdo
1140 4927 1337 4982 effecta
1377 4938 1485 4995 cst,
1514 4927 1780 4999 quoniam
1822 4930 2028 5000 quintae

478 5013 739 5085 dynastiae
761 5014 886 5067 loco
906 5032 1080 5068 unum
1094 5016 1327 5086 ponitur
1346 5033 1580 5089 regnum
1594 5015 1840 5087 Phiopis.
1859 5014 2028 5086 Quod

477 5101 798 5172 quiprimus
822 5103 1116 5169 commisit,
1130 5101 1442 5159 haud.vidit
1467 5102 1561 5155 ille
1591 5119 1655 5169 17
1675 5102 2024 5174 regesMem·

478 5185 659 5257 phitas
676 5186 934 5259 dynastiae
960 5199 1169 5259 quartae
1194 5189 1335 5242 male
1358 5184 1628 5242 conflatos
1650 5205 1763 5243 esse
1790 5206 1856 5242 ex
1887 5187 1921 5241 8
1946 5207 2029 5243 re·

2101 677 2345 750 ideoque
2363 677 2590 750 Pbiopis
2611 692 2845 749 regnum
2875 675 2942 726 iis
2960 673 3080 743 jam
3105 671 3537 744 comprehendi.
3567 674 3678 728 Se-

2103 767 2297 835 quitur
2314 782 2581 818 summam
2601 780 2879 818 annorum
2897 777 3020 814 non
3037 776 3152 814 esse
3179 777 3201 812 1
3215 766 3351 831 497,
3367 757 3470 812 sed
3498 758 3680 832 ¹397-

2105 853 2210 905 Hic
2233 870 2368 905 vero
2411 867 2689 905 annorum
2715 857 3016 919 computus
3031 846 3482 917 explicationem
3525 863 3680 917 pro-

2103 937 2348 991 babilem
2393 937 2655 992 admittit.
2701 936 3010 999 Nimirum,
3049 933 3098 985 si
3139 941 3294 985 recte
3337 930 3456 984 dixi
3508 934 3682 987 fuisse

2106 1025 2201 1094 qui
2255 1023 2387 1077 inde
2431 1042 2462 1077 a
2507 1022 2620 1077 fine
2660 1021 2927 1093 dynastiae
2961 1019 3109 1073 xlx
3137 1035 3321 1089 usque
3347 1018 3426 1072 ad
3464 1020 3683 1073 Meneni

2107 1122 2215 1164 tres
2249 1110 2520 1182 periodos
2567 1109 2724 1165 Soth.
2769 1103 3229 1172 numeraverint,
3275 1106 3459 1159 hieme
3497 1123 3686 1160 annus

2104 1199 2316 1269 primus
2351 1208 2487 1251 esset
2524 1212 2616 1252 an.
2651 1193 2802 1249 5565
2848 1192 2917 1266 (3
2943 1192 3184 1267 ><1‚l.61
3219 1202 3355 1246 ante
3391 1191 3578 1265 1183)
3611 1212 3666 1247 a.
3715 1185 3728 1199 ’

2104 1285 2237 1340 Chr.
2269 1315 2347 1325 —
2371 1286 2453 1338 Ex
2489 1282 2708 1338 Eusebii
2747 1298 2883 1336 vero
2917 1280 3164 1335 numeris
3197 1281 3421 1350 primus
3451 1280 3679 1351 cyclus,

2107 1371 2202 1443 qui
2226 1370 2605 1442 dynastiarum
2638 1370 2663 1422 1
2681 1369 2847 1423 —vl
2879 1384 3053 1439 regna
3075 1366 3553 1437 comprehendit,
3582 1366 3682 1420 di-

2105 1459 2377 1512 minuitur
2415 1458 2574 1511 annis
2609 1456 2683 1519 64
2727 1453 2902 1527 (1397
2938 1471 3032 1506 an.
3063 1471 3172 1525 pro
3214 1453 3404 1525 1461)
3448 1469 3465 1509 :
3501 1455 3682 1528 igitur

2106 1547 2282 1600 Menae
2310 1562 2487 1599 annus
2510 1544 2721 1616 primus
2743 1541 2889 1595 foret
2915 1559 3008 1596 an.
3045 1538 3190 1594 5501
3238 1558 3290 1596 a.
3327 1540 3426 1607 C.;
3459 1542 3513 1594 is
3538 1558 3681 1595 vero

2106 1632 2259 1705 apud
2299 1630 2690 1697 Panodorum,
2721 1629 3071 1697 Annianum,
3101 1627 3429 1698 syncellum
3449 1667 3470 1693 ,
3507 1625 3683 1695 alios,

2109 1729 2188 1773 est
2210 1717 2408 1772 mundi
2435 1718 2523 1771 vel
2552 1716 2752 1771 Adami
2776 1732 2953 1770 annus
2979 1714 3210 1785 primus,
3237 1712 3412 1769 Unde
3455 1714 3682 1788 colligo

2108 1805 2364 1864 Judaeum
2401 1805 2642 1875 aliquem
2669 1803 2757 1857 vel
2784 1801 3153 1857 Christianum
3177 1800 3544 1871 antiquiores
3577 1820 3686 1855 nu·

2111 1909 2296 1945 meros
2337 1891 2414 1945 ita
2450 1899 2687 1943 mutasse
2725 1898 2788 1941 ut
2827 1906 3000 1961 regna
3027 1887 3350 1941 mortalium
3379 1905 3510 1941 non
3553 1900 3686 1943 ante

2109 1975 2382 2030 mundum
2406 1984 2651 2030 creatum
2679 1974 3013 2046 inciperent.
3041 1972 3223 2045 quue
3258 1981 3418 2026 tanto
3458 1972 3690 2028 facilins

2115 2064 2480 2129 concesseris,
2509 2079 2681 2133 quum
2712 2060 2818 2114 alia
2857 2061 3153 2132 complura
3172 2060 3290 2129 jam
3323 2058 3686 2127 viderimus,

2110 2169 2232 2223 quae
2274 2152 2305 2205 J
2312 2150 2567 2206 udaicam
2611 2148 2908 2204 Eusebiani
2957 2147 3316 2206 manethonis
3390 2149 3690 2222 originem

2110 2250 2436 2312 coarguant.

2186 2326 2488 2399 Utcunque
2536 2323 2608 2379 de
2647 2324 2731 2377 his
2768 2333 2998 2390 statuas,
3057 2323 3247 2396 negari
3301 2325 3518 2394 nequit
3562 2325 3690 2379 Ha·

2109 2412 2413 2466 nethonem
2484 2414 2543 2465 in
2604 2411 2954 2483 temporibus
3006 2411 3117 2464 suis
3170 2408 3528 2464 adornandis
3581 2429 3690 2483 pe-

2109 2500 2276 2555 riodo
2303 2519 2463 2555 usum
2493 2517 2607 2555 esse
2633 2500 2911 2554 Sothiaca.
2939 2494 3086 2552 Num
3114 2498 3327 2570 primus
3347 2496 3414 2550 id
3449 2497 3688 2565 fecerit,

2110 2606 2180 2642 an
2222 2598 2351 2642 ante
2388 2606 2517 2642 eum
2565 2587 2657 2640 alii
2688 2585 2890 2640 eodem
2919 2583 3094 2638 modo
3139 2602 3259 2638 rem
3299 2585 3685 2653 instituerint,

2109 2674 2384 2728 incertum
2409 2685 2507 2731 est.
2537 2673 2885 2744 Quamquam
2914 2669 3209 2724 Boeckhius
3225 2688 3285 2742 p.
3325 2670 3424 2737 36,
3449 2671 3690 2726 Sothia-

2109 2779 2230 2814 cam
2259 2759 2561 2832 periodum
2588 2757 2890 2832 significari
2925 2758 3092 2811 etiam
3114 2755 3268 2828 apud
3311 2756 3690 2813 Herodotum

2111 2858 2316 2915 censet,
2336 2847 2435 2902 lib.
2460 2848 2536 2915 11,
2570 2853 2700 2912 142,
2721 2845 2818 2898 ubi
2836 2826 3142 2898 secundnm
3159 2843 3526 2898 sacerdotum
3548 2864 3691 2900 nar-

2108 2936 2384 2989 rationem
2405 2934 2644 2989 refertur
2666 2931 2798 2986 inde
2824 2949 2855 2986 a
2879 2931 3041 2993 Mene
3066 2948 3243 3002 usque
3265 2929 3337 2985 ad
3366 2931 3690 2988 Sethonem

2108 3022 2425 3076 sacerdotes
2488 3022 2652 3075 fuisse
2714 3017 2781 3083 34
2799 3036 2821 3071 ι
2872 3034 3145 3090 regesque
3181 3016 3418 3071 totidem
3437 3058 3454 3085 ,
3505 3029 3690 3092 atque

2111 3108 2257 3161 inter
2295 3108 2500 3161 horum
2528 3117 2784 3179 tempora
2822 3105 2998 3158 solem
3050 3113 3249 3175 qnater
3290 3102 3480 3158 sedem
3521 3124 3688 3160 snam

2111 3205 2365 3250 mutasse.
2407 3194 2623 3264 Quibus
2657 3193 2795 3246 mihi
2833 3192 2970 3245 alius
3008 3190 3239 3261 quidam
3268 3191 3460 3262 cyclus
3483 3209 3684 3247 sacer-

2112 3280 2312 3336 dotalis
2336 3281 2555 3336 subesse
2581 3279 2809 3333 videtur
2829 3275 2976 3353 (vid.
3001 3278 3223 3349 Fragm.
3249 3294 3377 3331 mea
3396 3277 3680 3335 Chronol.

2110 3385 2170 3439 p.
2221 3386 2320 3439 191
2379 3366 2545 3439 not.).
2589 3366 2846 3421 Ceterum
2902 3364 3059 3418 locus
3110 3361 3474 3417 Herodoteus
3529 3376 3684 3420 eate-

2113 3473 2217 3508 nus
2243 3454 2317 3508 ad
2357 3464 2599 3508 nostram
2636 3470 2756 3506 rem
2783 3451 2943 3519 facit,
2989 3459 3264 3524 quatenus
3290 3449 3465 3504 docet
3489 3469 3682 3506 sacer-

2114 3539 2273 3595 dotes
2301 3539 2593 3613 AEgyptios
2616 3548 2868 3610 tempora
2893 3538 3137 3591 historiae
3158 3538 3284 3591 luce
3311 3538 3464 3592 clara
3489 3549 3550 3592 et
3577 3541 3672 3592 in·

2115 3638 2277 3681 certae
2339 3627 2684 3699 antiquitatis
2748 3627 2825 3678 ita
2890 3622 3274 3692 conjunxisse,
3331 3633 3398 3677 ut
3455 3636 3674 3679 certum

2113 3714 2395 3785 quendam
2415 3713 2779 3787 periodorum
2796 3729 3091 3765 numerum
3112 3710 3424 3783 explerent.
3449 3712 3674 3784 Regum

2113 3814 2376 3854 numerus
2427 3799 2535 3863 341
2582 3818 2613 3853 a
2641 3797 2992 3854 Manethonis
3029 3796 3347 3851 rationibus
3389 3797 3550 3851 haud
3599 3799 3674 3853 ita

2114 3887 2281 3959 longe
2323 3887 2504 3954 abest3
2534 3904 2719 3958 neque
2743 3887 2920 3939 multo
2949 3884 3171 3956 longius
3207 3884 3427 3938 recedit
3453 3884 3676 3939 Diodo-

2114 3991 2208 4027 rus
2234 3971 2311 4047 (1,
2337 3974 2456 4048 44),
2483 3975 2581 4045 qui
2602 3991 2635 4027 a
2662 3974 2823 4027 Mene
2855 3988 2986 4044 rege
3009 3988 3187 4042 usque
3206 3969 3280 4023 ad
3309 3971 3398 4026 01.
3430 3970 3542 4024 180
3561 3972 3676 4026 sive

2116 4059 2192 4113 60
2219 4077 2270 4119 a.
2309 4061 2372 4117 C.
2422 4078 2598 4113 annos
2621 4060 2843 4113 circiter
2879 4058 3177 4131 quinquies
3202 4058 3362 4112 mille
3399 4055 3676 4113 effluxisse

2119 4148 2210 4200 ait.

2194 4236 2476 4304 Quatenus
2501 4234 2867 4288 sacerdotales
2886 4233 2971 4286 hae
2996 4231 3325 4286 traditiones
3349 4229 3527 4286 fidem
3559 4251 3676 4287 me·

2117 4332 2359 4389 reantur,
2382 4321 2500 4386 vel,
2527 4330 2588 4374 ut
2615 4320 2871 4374 disertius
2895 4337 3015 4373 rem
3037 4319 3293 4390 eloquar,
3319 4318 3458 4373 inde
3475 4337 3510 4373 a
3531 4337 3673 4391 quo-

2116 4425 2246 4460 nam
2276 4416 2529 4479 tempore
2559 4417 2708 4460 certa
2747 4424 2936 4460 rerum
2969 4406 3242 4461 memoria
3276 4404 3544 4459 succedat
3569 4405 3671 4479 fig-

2117 4495 2316 4547 mentis
2346 4493 2745 4562 conjecturisve
2771 4491 3155 4558 sacerdotum,
3192 4510 3299 4565 ego
3331 4490 3524 4546 dicere
3553 4511 3668 4547 non

2118 4577 2332 4646 habeo,
2371 4597 2465 4646 ac,
2500 4580 2582 4633 uti
2622 4597 2772 4633 nunc
2816 4598 2903 4634 res
2941 4579 3142 4645 habet,
3188 4580 3425 4631 omnino
3471 4581 3672 4633 certius

2118 4667 2428 4738 quidquam
2471 4666 2543 4721 de
2587 4667 2673 4721 his
2714 4667 3068 4739 pronuntiari
3117 4684 3279 4737 posse
3321 4664 3662 4738 negaverim.
3707 4670 3722 4685 ⁰

2118 4756 2407 4826 Temporis
2436 4755 2675 4826 spatium
2703 4754 2860 4825 quod
2890 4754 3284 4826 AEgyptiorum
3313 4771 3492 4825 regno
3519 4753 3666 4825 apud

2118 4842 2511 4895 Manethonem
2535 4841 2859 4913 assignatur,
2883 4841 3059 4911 majus
3085 4858 3198 4895 esse
3235 4857 3405 4910 quam
3441 4839 3663 4892 historia

2118 4928 2335 5001 generis
2363 4928 2588 4982 humani
2628 4926 2921 4981 admittere
2953 4925 3235 4988 videatur,
3276 4942 3444 4979 nemo
3485 4926 3664 4980 sanior

2118 5032 2236 5069 non
2262 5015 2546 5088 largietur.
2580 5017 2661 5069 Ac
2689 5014 2985 5086 probabile
3018 5024 3098 5067 est
3125 5013 3352 5087 longam
3385 5014 3545 5067 istam
3577 5030 3662 5067 re-

2119 5119 2252 5175 gum
2292 5101 2489 5155 seriem
2519 5101 2580 5154 in
2619 5100 3007 5173 antiquissimis
3033 5110 3182 5155 certe
3214 5100 3563 5173 temporibus
3595 5118 3659 5151 eu

2120 5184 2414 5242 conflatam
2457 5204 2598 5255 esse,
2644 5186 2798 5259 quod
2830 5187 3056 5243 diversae
3081 5184 3382 5261 ἀναγραφαὶ
3407 5188 3462 5239 in
3497 5204 3656 5240 unum
