3900 6042
1532 471 2029 535 FRAGMENTA.

3213 491 3330 541 409

140 603 747 683 δευτέρῳὟπομνηματι
766 598 1380 679 αὐτὸντὸνἘρατοσθένη
1391 598 1689 658 διαὸάλλειν
1786 605 2057 659 maximos
2075 645 2091 672 ,
2120 604 2224 658 nisi
2243 601 2390 659 forte
2421 621 2492 659 ex
2513 605 2821 661 Daimacho
2859 605 3113 678 quaedam
3142 627 3337 664 narra-

137 695 225 762 τῆν
252 698 343 749 τοῦ
379 689 747 770 Πατροκλέους
786 690 961 747 πίστιν
999 691 1058 746 ἐκ
1097 691 1190 757 τῆς
1212 688 1342 766 πρὸς
1381 687 1689 764 Μεγασθένη
1789 692 1925 744 tioni
1963 710 2073 745 suae
2115 691 2408 746 admiscuit
2438 710 2452 745 ι
2485 693 2530 746 is
2564 694 2712 746 enim
2741 691 2931 747 30000
2971 695 3340 767 longitudinis

137 776 411 857 διαφωνίας
440 777 564 854 περὶ
602 781 694 834 τοῦ
724 775 918 852 μήκους
944 779 1036 848 τῆς
1071 773 1294 845 Ἰνδικῆς
1331 779 1420 832 τοῦ
1469 773 1606 831 κατὰ
1632 773 1693 830 τὸ
1784 777 1959 832 stadia
1999 779 2204 835 attulit.
2244 777 2648 835 Schwanbeck.
2686 778 2927 851 majores
2963 799 3225 835 numeros
3259 783 3341 835 ita

140 865 329 942 βόρειον
361 861 618 941 πλευρὸν,
648 865 736 922 τοῦ
774 859 867 936 μὶν
900 857 1263 936 Μεγασθένους
1299 860 1533 936 λέγοντος
1569 881 1693 917 στα·

138 951 255 1008 δίων
283 950 486 1028 μυρίων
514 946 894 1026 ἑξακισχιλίων,
928 952 1015 1006 τοῦ
1046 946 1101 1005 δὲ
1130 947 1490 1028 Πατροκλέους
1515 945 1699 1024 χιλίοις

138 1038 327 1094 λείπειν
350 1035 611 1114 φαμένου.

894 1161 948 1219 5.

216 1295 421 1350 Strabo
446 1295 524 1363 11,
548 1312 609 1367 p.
632 1293 708 1365 69
724 1293 846 1349 init.
876 1291 1154 1347 :Patrocli
1172 1290 1343 1347 fidem
1357 1291 1697 1346 nonhaben-

147 1380 268 1434 dam
291 1398 407 1436 esse
439 1379 799 1452 Hipparchus
824 1377 986 1447 dicit,
1022 1375 1160 1431 δυοῖν
1188 1371 1697 1452 ἀντιμαρτυρούντων

148 1466 281 1540 αὐτῷ
321 1461 614 1539 Δηιμάχου
648 1484 703 1519 τε
729 1460 819 1520 καὶ
849 1460 1205 1539 Μεγασθὲνους
1224 1503 1242 1531 ,
1265 1455 1318 1517 οἳ
1341 1462 1455 1518 καθ’
1497 1458 1580 1525 οὓς
1605 1457 1699 1534 μὲν

145 1550 324 1616 τόπους
348 1549 645 1629 δισμυρίων
676 1547 1027 1623 τὸέδιάστημά
1062 1570 1189 1628 φασι
1216 1546 1276 1604 τὸ
1303 1546 1408 1604 ἀπὸ
1439 1550 1531 1617 τῆς
1563 1544 1701 1604 κατὰ

150 1636 480 1715 μεσημὸρίαν
532 1636 821 1708 θαλάττης,
866 1639 982 1694 καθ’
1018 1634 1102 1702 οὓς
1131 1635 1186 1693 δὲ
1231 1633 1322 1693 καὶ
1362 1632 1696 1713 τρισμυρίων.

152 1722 372 1788 Τούτους
396 1747 457 1801 γε
484 1724 553 1792 δὴ
582 1728 794 1782 τοιαῦτα
819 1721 985 1801 λέγειν
1016 1721 1107 1781 καὶ
1134 1719 1250 1785 τοὺς
1276 1719 1525 1798 ἀρχαίους
1549 1716 1700 1776 πίνα·

151 1832 239 1875 κας
267 1809 476 1877 τούτοις
500 1813 796 1889 ὁμολογεῖν.

224 1897 572 1977 Δισμυρίων]
604 1919 626 1954 ι
639 1918 789 1954 2000
811 1898 988 1954 stadia
1017 1907 1382 1971 exputaverat
1399 1896 1699 1964 Patrocles,

155 1986 302 2058 cujus
326 1988 667 2043 sententiam
706 1987 1092 2042 Eratosthenes
1115 1985 1426 2058 adoptavit.

232 2074 442 2130 Eadem
464 2077 677 2130 iterum
698 2075 873 2148 tangit
894 2074 1096 2129 Strabo
1113 2091 1172 2145 p.
1202 2091 1274 2142 7²
1301 2087 1398 2130 z...
1423 2068 1531 2134 τοῖς
1552 2088 1702 2147 τρισ-

157 2149 464 2236 μυρίοιςρῖς
502 2159 661 2238 φησὶν
690 2162 718 2216 6
745 2156 1014 2236 Δηίμαχος
1034 2156 1190 2234 μέχρι
1216 2159 1308 2225 τῆς
1326 2157 1395 2221 είς
1422 2154 1708 2232 Βακτρίους

160 2243 243 2302 καὶ
263 2244 584 2323 Σογδιανοὺς
619 2244 954 2324 ὑπερθέσεως,
975 2245 1092 2301 κτλ.
1116 2245 1275 2301 ld'em
1313 2263 1372 2318 p.
1396 2250 1466 2314 ⁶74
1492 2261 1507 2300 ξ
1538 2243 1608 2300 Οἱ
1650 2239 1708 2298 δι’

158 2354 215 2407 γε
259 2331 377 2410 περὶ
426 2331 715 2410 Δηίμαχον
772 2339 878 2397 τοῖς
934 2329 1257 2410 τρισμυρίοις
1317 2328 1406 2388 ἐὰν
1475 2327 1707 2406 προσλά-

164 2417 286 2475 ὅωοι
311 2417 370 2476 τὸ
397 2418 485 2476 ἐπὶ
508 2416 607 2489 τὴν
635 2416 987 2497 Ταπροβάνην
1006 2416 1095 2474 καὶ
1122 2414 1237 2481 τοὺς
1263 2414 1408 2496 ὅρους
1419 2418 1510 2484 τῆς
1536 2415 1707 2474 διακε·

163 2504 411 2579 καυμένης
423 2552 439 2577 ,
462 2504 558 2570 οὒς
574 2506 668 2562 οὐκ
686 2503 925 2568 ὶλάττους
946 2506 1047 2561 τῶν
1079 2499 1505 2581 τετρακισχιλίων
1520 2498 1709 2568 θετέον,

165 2593 446 2649 ἐκτοπιοῦσι
493 2591 568 2648 τά
607 2613 665 2649 τε
704 2589 920 2669 Βάκτρα
975 2589 1065 2647 καὶ
1123 2589 1219 2659 τὴν
1262 2587 1441 2666 Ἀρίαν
1485 2589 1556 2652 εἰς
1596 2585 1712 2651 τοὺς

167 2678 446 2757 ἀπέχοντας
472 2676 666 2744 τόπους
690 2682 784 2747 τῆς
810 2675 1214 2751 διακεκαυμένης
1242 2674 1477 2741 σταδίους
1494 2694 1711 2752 τρισμυ·

169 2765 295 2843 ρίους
331 2763 421 2823 καὶ
450 2762 929 2842 τετρακισχιλίους,
965 2761 1113 2827 ὅσους
1152 2761 1255 2819 ἀπὸ
1294 2766 1385 2819 τοῦ
1415 2763 1711 2837 ἷσημερινοῦ

170 2851 248 2910 ἐπὶ
296 2850 596 2930 Βορυσθένη
627 2851 783 2929 φησὶν
824 2840 957 2907 εἶναι
991 2852 1020 2907 6
1063 2847 1379 2928 Ἵππαρχος.
1421 2849 1504 2906 cf.
1548 2850 1713 2905 etiam

168 2961 224 3014 p.
252 2939 320 3011 75
348 2953 496 2997 extr.
1603 2979 1606 2982 ι

918 3076 972 3133 6.

245 3219 465 3274 Arrian.
498 3216 632 3273 Iud.
661 3216 724 3286 3,
756 3236 787 3286 7
824 3234 840 3274 t
874 3211 1195 3289 Μεγασθένει
1218 3212 1273 3271 δὲ
1299 3212 1359 3270 τὸ
1393 3212 1496 3271 ἀπὸ
1526 3215 1718 3270 ἀνατο-

172 3298 293 3357 λέων
322 3303 371 3366 ἐς
394 3300 623 3376 ἑσπέρην
643 3300 837 3366 πλάτος
872 3299 981 3357 ἐστὶ
1022 3304 1115 3370 τῆς
1143 3299 1318 3358 Ἰνδῶν
1342 3302 1456 3377 γῆς,
1479 3299 1512 3355 ὅ
1543 3323 1594 3356 τι
1621 3320 1719 3377 περ

175 3389 219 3443 οἱ
244 3387 389 3445 ἄλλοι
409 3392 581 3463 μῆκος
600 3386 851 3445 ποιέουσι·
876 3385 966 3443 καὶ
987 3385 1127 3463 λέγει
1146 3386 1498 3462 Μεγασθένης,
1527 3385 1721 3464 μυρίων

173 3472 258 3530 καὶ
282 3474 643 3553 ἑξακιςχιλίων
667 3475 889 3530 σταδίων
916 3463 1076 3544 εἶναι,
1102 3470 1289 3552 ἵναπερ
1313 3471 1374 3531 τὸ
1399 3473 1723 3551 βραχύτατον

174 3561 338 3621 αὐτοῦ.
349 3563 428 3621 Τὸ
454 3562 509 3619 δὲ
541 3559 644 3618 ἀπὸ
654 3559 844 3638 ἄρκτου
856 3559 980 3640 πρὸς
992 3559 1341 3638 μεσημὸρίην,
1352 3565 1501 3617 τοῦτο
1513 3561 1565 3617 δὲ
1579 3561 1720 3638 αὐτῷ

177 3651 332 3718 μῆκος
367 3649 573 3725 γίνεται
587 3691 603 3718 ,
624 3647 712 3704 καὶ
735 3645 912 3723 ἐπέχει
933 3645 1253 3724 τριηκοσίους
1290 3646 1379 3703 καὶ
1412 3645 1688 3725 δισχιλίους
1707 3689 1723 3717 ,

173 3731 349 3813 ἵναπερ
369 3734 429 3792 τὸ
449 3732 776 3793 στεινότατον
805 3734 982 3790 αὐτοῦ.
1015 3733 1102 3792 Cf.
1141 3735 1412 3792 Onesicrit
1435 3734 1506 3791 fr.
1554 3755 1572 3790 1
1593 3754 1613 3788 1
1630 3779 1643 3791 .

248 3823 536 3878 Diodorus
558 3823 617 3875 in
662 3822 728 3875 fr.
764 3840 785 3873 1
819 3820 853 3893 5
897 3840 930 3875 2
972 3820 1147 3875 Indiae
1185 3820 1624 3894 magnitudinem
1652 3822 1727 3876 ita

177 3906 388 3978 definit,
422 3922 489 3965 ut
531 3907 884 3963 latitudinem
934 3926 1057 3962 non
1094 3907 1313 3981 16000,
1348 3907 1444 3962 sed
1500 3907 1725 3976 280003

177 3996 585 4070 longitudinem
637 4013 755 4059 non
798 4012 1012 4061 20000,
1051 3993 1150 4049 sed
1194 3993 1381 4048 32000
1421 3993 1730 4048 stadiorum

177 4099 285 4137 esse
306 4083 476 4140 dicat.
526 4081 640 4138 Sed
674 4082 818 4135 bene
847 4081 1149 4136 tenendum
1187 4091 1266 4134 est
1288 4082 1587 4135 Attianum
1621 4083 1732 4135 suis

178 4171 418 4224 numeris
434 4167 651 4225 addere
674 4186 688 4221 ι
714 4164 899 4243 ἵναπερ
945 4166 1004 4221 τὸ
1046 4166 1398 4243 βραχύτατον,
1436 4165 1626 4243 ἵναπερ
1671 4166 1730 4222 τὸ

180 4252 514 4314 στεινότατον.
558 4254 845 4312 Diodorus
882 4255 1055 4328 igitur
1108 4255 1418 4308 enotaverit
1460 4271 1729 4308 numeros
1798 4293 1809 4302 .

184 4417 231 4466 in
262 4419 559 4482 longitudine
598 4419 760 4469 lateris
796 4417 945 4467 ludim
989 4418 1388 4480 septemtrionalis
1420 4416 1696 4466 annotanda
1713 4453 1728 4478 ‚

184 4495 307 4555 qnod
320 4531 336 4554 ,
355 4510 504 4558 qnam
526 4495 850 4556 Megasthenes
873 4493 1079 4543 sedecim
1098 4493 1308 4543 millibus
1323 4492 1585 4543 stadiorum
1608 4491 1727 4542 defi-

186 4571 278 4632 nit,
305 4570 695 4622 Patroclesmille
713 4569 867 4620 stadis
888 4569 1151 4620 cisummae
1169 4569 1389 4620 detrahit.

248 4735 509 4785 Panodem
541 4733 841 4796 Hipparchus
864 4654 982 4782 ἀίοὸἰί
1014 4732 1157 4782 tidem
1180 4705 1289 4783 non
1321 4733 1526 4794 mereri,
1563 4735 1731 4782 contra

189 4823 329 4871 quem
350 4811 450 4861 dno
463 4813 561 4861 sint
580 4811 906 4860 testimonium
931 4810 1134 4859 serentes
1172 4811 1461 4860 Deimachns
1482 4813 1532 4861 et
1562 4814 1726 4873 Mega-

160 4891 175 4908 ·
190 4890 399 4952 sthenes,
422 4890 508 4952 qni
535 4889 842 4939 intervallum
859 4902 889 4937 a
915 4890 1032 4938 mari
1055 4888 1353 4938 meridionali
1376 4890 1541 4950 vicies,
1559 4889 1732 4951 aliqui·

196 4968 282 5018 bus
306 4969 425 5018 locis
452 4970 597 5018 etiam
628 4967 789 5016 tricies
818 4966 950 5016 mille
975 4967 1239 5016 stadiorum
1273 4967 1513 5017 affirment
1533 4980 1660 5028 esse3
1685 4970 1734 5018 et

192 5057 301 5094 cum
321 5045 392 5095 tiis
415 5044 844 5100 consentaneum
865 5045 1051 5092 veteres
1063 5044 1263 5093 tabulas.

254 5207 575 5268 Megasthenes
604 5206 669 5255 ab
692 5205 874 5255 oriente
900 5126 966 5253 iii3
972 5160 1269 5255 occidentem
1306 5205 1607 5255 latitudinem
1647 5207 1728 5254 ln-

1790 876 1944 918 ortos
1986 874 2172 937 putat,
2227 875 2292 919 ut
2336 866 2395 918 in
2456 865 2747 920 latitudine
2792 869 3193 939 comprehensa
3230 871 3341 925 sint

1789 952 2032 1029 Cahuliae
2063 963 2118 1006 et
2149 954 2366 1007 Arianae
2396 963 2611 1024 partes,
2641 972 2808 1024 quam
2836 956 3069 1010 Seleuco
3097 957 3338 1012 Sandra-

1789 1048 1971 1093 cottus
1997 1037 2233 1108 ademit3
2255 1039 2311 1091 in
2336 1038 2528 1093 32000
2565 1039 2754 1094 stadiis
2784 1040 3150 1113 longitudinis
3183 1060 3341 1096 com-

1789 1124 1985 1197 plexus
2002 1134 2198 1179 auctor
2223 1127 2294 1179 sit
2311 1123 2571 1180 finitimas
2609 1125 2681 1180 ad
2704 1128 3157 1199 septemtrionem
3196 1147 3307 1202 gen
3323 1162 3340 1173 -

1788 1221 1867 1265 tes
1889 1251 1906 1279 ‚
1927 1230 1983 1266 v.
2016 1230 2065 1265 c.
2093 1212 2472 1269 Uttaracuras.

1865 1297 2124 1352 Ceterum
2152 1297 2500 1352 latitudinem
2530 1299 2910 1372 Megasthenes
2935 1317 3042 1371 pro
3069 1301 3151 1354 sui
3183 1319 3339 1354 com·

1785 1385 1908 1456 puti
1936 1386 2156 1438 ratione
2182 1385 2309 1438 satis
2325 1384 2471 1438 bene
2505 1386 2826 1453 constituit3
2853 1403 2983 1440 nam
3026 1378 3182 1457 quod
3214 1406 3340 1459 spa·

1788 1472 1926 1525 tium
1955 1470 2264 1525 stadiorum
2296 1470 2478 1525 16000
2507 1488 2622 1526 esse
2641 1470 2806 1539 dicit,
2838 1489 3033 1526 revera
3068 1484 3148 1527 est
3171 1460 3340 1528 circi-

1785 1566 1875 1611 ter
1931 1556 2119 1627 13700
2181 1556 2509 1614 stadiorum.
2559 1559 2694 1629 Quae
2761 1575 2898 1613 vero
2964 1557 3099 1613 dicit
3152 1559 3343 1615 22300

1787 1642 1997 1711 stadia,
2025 1644 2170 1698 linea
2191 1653 2344 1698 recta
2375 1645 2594 1698 nonnisi
2626 1644 2845 1713 16300,
2874 1645 2965 1698 vel
2988 1646 3031 1699 si
3049 1646 3342 1718 Taproba-

1787 1749 1899 1785 nen
1931 1732 2034 1785 ins.
2061 1731 2240 1798 addis,
2267 1729 2452 1800 17500
2475 1730 2650 1785 stadia
2674 1730 2944 1786 efficiunt.
2964 1732 3220 1786 Aliorum
3243 1751 3341 1786 au-

1790 1828 2013 1873 ctorum
2034 1835 2318 1873 mensuras
2344 1836 2414 1873 ex
2438 1819 2599 1872 variis
2616 1819 2940 1874 auctoribus
2958 1817 3119 1873 affert
3135 1820 3345 1875 Plinius

1790 1908 1862 1962 Η.
1892 1907 1963 1961 N.
1987 1908 2093 1975 vl,
2116 1905 2150 1980 S
2171 1924 2238 1961 2ι
2260 1948 2278 1979 ,
2309 1925 2378 1980 2,
2406 1906 2505 1961 uhi
2527 1906 2692 1961 etiam
2713 1908 2864 1962 haec:
2897 1909 3345 1980 Compluresau-

1792 2004 1899 2046 tem
1919 2004 2090 2047 totam
2115 1997 2288 2066 ipsius·
2305 1994 2704 2064 longitudinem
2723 1996 2830 2048 XL
2847 1995 3061 2048 efferum
3077 2000 3344 2049 noctium-

1763 2130 1767 2134 .
1791 2096 1896 2151 que
1921 2078 2135 2150 velifico
2163 2083 2382 2133 navium
2414 2096 2572 2132 cursu
2592 2080 3022 2134 determinavere
3053 2098 3072 2133 .·
3109 2091 3165 2134 et
3183 2099 3222 2133 a
3255 2099 3346 2135 se·-

1786 2171 2119 2238 ptemtrione
2135 2168 2218 2220 ad
2235 2167 2511 2221 meridiem
2528 2171 2689 2221 vides
2705 2172 2936 2223 etocn‘es
2946 2179 3176 2222 centena
3188 2172 3349 2240 quin-

1793 2256 2065 2325 quaginta
2105 2253 2192 2308 M.
2224 2271 2494 2326 passuum
2526 2253 2543 2324 (
2567 2270 2683 2307 esse
2726 2255 2953 2308 tradunt
2975 2250 3012 2329 ).
3063 2252 3351 2324 2850,000

1795 2355 1982 2410 passus
1994 2349 2214 2410 aequant
2236 2340 2429 2394 22800
2453 2339 2657 2406 stadia3
2676 2341 2773 2411 qui
2801 2359 3067 2396 numerus
3092 2343 3354 2414 proxime

1796 2424 1870 2480 ad
1898 2442 2056 2493 eum,
2073 2442 2242 2496 quem
2273 2426 2540 2480 Arrianus
2568 2424 2757 2495 tradit,
2782 2425 3017 2481 accedit.
3044 2426 3203 2482 Idem
3232 2428 3351 2482 Pli—

1796 2513 1922 2566 nius
1942 2511 1979 2567 1.
2001 2512 2040 2568 l.
2070 2511 2209 2580 21‚8
2235 2511 2374 2566 dicit
2396 2530 2429 2568 a
2451 2512 2784 2568 Palibothris
2806 2512 3023 2586 oppido
3052 2513 3125 2568 ad
3148 2515 3353 2568 ostium

1797 2597 2003 2672 Gangis
2025 2616 2139 2653 esse
2156 2597 2556 2655 Dcxxxvm
2574 2599 2745 2653 millia
2763 2617 3042 2672 passuum.
3068 2602 3195 2670 Quo
3224 2600 3356 2653 loco

1799 2684 2272 2740 Schwanbeckius
2297 2705 2357 2759 p.
2407 2704 2472 2755 17
2495 2685 2854 2740 scribendum
2900 2704 3013 2740 esse
3049 2685 3359 2759 probabili·

1800 2782 1885 2827 ter
1909 2771 2218 2827 admodum
2238 2773 2427 2828 statuit
2462 2789 2476 2826 ε
2506 2772 2980 2838 Dccxxxvlll‚
3023 2775 3060 2831 i.
3099 2790 3151 2827 e.
3200 2772 3357 2828 6000

1799 2859 2005 2927 stadia,
2051 2870 2191 2932 quot
2237 2858 2422 2914 eidem
2474 2859 2652 2931 spatio
2701 2858 2899 2913 tribuit
2953 2860 3353 2933 Megasthenes.

1801 2948 1924 3002 Alia
1938 2948 2180 3021 plurima
2199 2948 2257 3003 in
2285 2946 2485 3003 eodem
2503 2946 2688 3020 capite
2714 2963 2781 3001 ex
2802 2947 3153 3020 Megasthene
3175 2945 3359 3002 fluxe-

1804 3035 1937 3090 rint.

2562 3183 2612 3233 7.

1888 3295 2092 3350 Strabo
2107 3297 2195 3364 11.‚
2219 3313 2278 3367 p.
2310 3294 2384 3364 76
2410 3292 2830 3348 :Eratosthenes
2862 3291 3185 3365 perstringit
3222 3293 3362 3346 Dai-

1810 3382 2107 3449 maehum,
2138 3381 2237 3453 qui
2282 3381 2580 3435 oblocutus
2620 3389 2737 3433 erat
2768 3374 3087 3453 Μεγασθένει
3135 3373 3359 3454 φήσαντι

1813 3468 1866 3523 ἰν
1885 3468 1993 3531 τοῖς
2012 3464 2196 3530 νοτίοις
2224 3464 2402 3543 μέρεσι
2434 3467 2526 3534 τῆς
2548 3461 2766 3532 Ἰνδικῆς
2786 3461 2877 3528 τάς
2898 3485 2954 3520 τε
2984 3461 3199 3540 ἄρκτους
3228 3465 3362 3520 ἁπο-

1813 3550 2132 3630 κρύπτεσθαι
2161 3550 2250 3608 καὶ
2274 3550 2366 3617 τὰς
2396 3549 2544 3613 σκιὰς
2573 3549 2910 3608 ἀντιπίπτειν.
2935 3551 3076 3606 Vide
3103 3551 3299 3626 fragm.
3328 3570 3361 3605 2

1812 3640 2130 3710 Daimaehi3
2170 3641 2409 3696 Nearchi
2450 3639 2521 3697 fr.
2559 3656 2615 3693 2.
2663 3638 2748 3694 cf.
2799 3638 3168 3712 Megasthenis
3211 3638 3343 3711 Epit

1814 3725 1886 3782 fr.
1926 3745 1948 3780 1
1983 3727 2091 3800 §⁶2.

1894 3797 2255 3886 Strab011,p.
2278 3832 2346 3886 77
2378 3832 2416 3870 t.
2443 3810 2720 3888 Δηιμάχου
2744 3808 3001 3888 φήσαντος
3015 3810 3257 3884 μηδαμοῦ
3277 3811 3368 3875 τ’ἥς

1816 3896 2035 3968 Ἰνδικῆς
2070 3897 2192 3973 μήτ’
2235 3897 2657 3977 ἀποκρύπτεσθαι
2699 3896 2790 3961 τὰς
2823 3895 3040 3974 ἄρκτους
3076 3895 3197 3970 μήτ’
3228 3899 3369 3950 ἀντι-

1821 3982 2028 4041 πίπτειν
2067 3983 2160 4050 τὰς
2205 3983 2355 4049 σκιὰς
2422 3982 2550 4062 ὅπερ
2579 3982 2858 4060 ὑπείληφεν
2902 3986 2931 4040 6
2959 3978 3315 4058 Μεγασθένης.

2563 4112 2621 4170 8.

1907 4256 2116 4309 Plinius
2145 4256 2215 4309 n.
2243 4256 2314 4309 N.
2338 4256 2459 4322 v11,
2490 4218 2588 4322 2'2,
2620 4251 2682 4326 6,
2717 4274 2769 4323 p.
2799 4250 2912 4306 360
2935 4252 3111 4307 Tchn.
3144 4269 3157 4304 ε
3189 4250 3281 4305 Ab
3302 4254 3375 4305 tes

1826 4417 1921 4465 dian
1953 4430 2054 4466 esse
2095 4417 2232 4475 vult,
2271 4428 2420 4478 quam
2458 4416 2537 4464 alii
2563 4414 2909 4477 longitudinem
2936 4413 3147 4474 faciunt,
3172 4423 3375 4473 eamque

1825 4493 2152 4555 Megasthenes
2169 4495 2336 4540 auctor
2353 4495 2426 4541 est
2439 4528 2455 4553 ‚
2473 4491 2557 4540 ubi
2576 4491 2907 4541 brevissimum
2936 4489 3040 4551 eius
3055 4489 3262 4552 spatium
3277 4487 3372 4550 sit,

1817 4572 2023 4622 sedecim
2046 4570 2192 4620 millia
2217 4568 2480 4620 stadiorum
2514 4570 2774 4619 continere.
2808 4567 3198 4631 Aseptemtrione
3209 4569 3376 4616 autem

1823 4660 1991 4699 versus
2020 4647 2296 4710 meridiem,
2325 4659 2381 4696 es
2403 4647 2474 4697 illi
2498 4646 2694 4710 quidem
2722 4648 2795 4695 est
2818 4644 3067 4707 longitudo
3084 4679 3098 4704 ,
3123 4646 3174 4694 et
3205 4645 3369 4694 exten·

1821 4725 1956 4775 ditur
1976 4725 2038 4774 sd
2060 4724 2225 4788 viginti
2243 4727 2329 4774 tuo
2350 4723 2502 4774 millia
2522 4726 2571 4773 et
2592 4725 2807 4773 trecenta
2825 4722 2978 4772 stadia
2991 4756 3008 4782 ‚
3029 4720 3111 4770 nbi
3132 4719 3375 4784 angustis-

1819 4801 1943 4853 sima
1962 4803 2053 4853 est.

2565 4918 2619 4967 7.

1884 5044 2175 5095 Daimachns
2204 5041 2509 5106 reprehendit
2524 5041 2903 5104 megasthenem,
2922 5037 3052 5101 quod
3069 5037 3120 5087 in
3150 5037 3378 5087 austrinis

1824 5122 1973 5173 indiae
1997 5121 2213 5184 partibus
2248 5133 2386 5170 ursas
2410 5118 2628 5170 occidere
2648 5120 2697 5168 et
2715 5117 2909 5167 umbras
2924 5115 3163 5165 diversam
3184 5113 3234 5164 in
3257 5127 3368 5180 pnr-

1823 5206 1919 5253 tem
1937 5200 2108 5252 cadere
2124 5200 2337 5251 dixisset.
