3900 6042
1523 421 2015 483 FRAGMENTA.

112 546 407 617 Bruttios»,
432 545 784 598 Crotoniatas
807 553 910 596 etc.
932 545 1073 596 Nam
1099 553 1312 597 constat
1340 544 1517 615 Ulyssi
1544 544 1683 616 ejus·

3211 437 3327 485 479

1854 551 2072 602 Tzetzes
2121 548 2193 602 ad
2240 550 2376 620 Lyc.
2435 546 2582 617 1378
2633 567 2644 600 :
2695 544 2891 624 Γράφει
2930 545 2983 604 δὲ
3020 546 3244 605 τοιοῦτόν
3288 570 3342 602 τι

105 650 231 705 que
274 631 442 685 sociis
466 629 620 703 apud
660 625 877 685 κτίσεων
912 629 1212 702 scriptores
1246 628 1409 684 haud'
1428 631 1687 686 minimas
1778 633 1977 708 (quale
2013 634 2232 691 codrus
2265 634 2477 689 facinus
2514 633 2804 709 ediderat)
2830 636 3040 712 Δοῦρις,
3082 634 3337 713 Διόδωρος

106 738 235 774 esse
258 727 447 792 partes
463 718 523 771 in
546 717 744 771 fabulis
768 716 839 770 de
862 715 1088 769 urbium
1112 715 1431 769 Italicarum
1451 718 1685 791 origini-

109 807 249 859 bus.
279 805 373 859 Sic
392 804 593 859 Strabo
624 804 700 859 vl
721 844 738 875 ,
764 821 824 874 p.
857 800 1000 871 255,
1034 813 1098 856 ut
1118 821 1294 856 unum
1322 802 1551 858 afferam
1571 844 1587 871 ,
1615 803 1686 859 de

110 893 309 947 Polite
335 899 527 945 narrat
551 890 761 961 Ulyssis
778 890 935 943 socio
951 929 966 956 ,
990 890 1087 962 qui
1106 883 1315 943 Brutiis
1341 886 1542 964 δαίμων
1577 891 1681 966 βα·-

114 976 347 1055 ρῦμηνις
375 978 561 1033 fuerit.
587 976 777 1031 Simile
806 975 947 1048 quid
964 978 1133 1030 Duris
1155 975 1442 1032 tradidisse
1461 976 1686 1033 videtur

109 1068 193 1121 de
222 1066 547 1139 EurybatO,
572 1064 671 1137 qui
698 1082 788 1137 ap.
817 1065 1052 1118 Homer.
1084 1064 1194 1121 Od.
1228 1085 1284 1134 τ,
1313 1070 1425 1135 ²47
1447 1084 1573 1138 sqq.
1599 1067 1685 1119 uti

112 1153 403 1209 deformis
418 1154 592 1207 homo
621 1159 677 1206 et
695 1162 909 1206 tantum
937 1170 1057 1205 non
1078 1148 1459 1229 πιθηκόμορφος
1484 1162 1539 1207 et
1562 1146 1680 1228 κε’ρ-

109 1241 241 1318 κωψ
265 1240 609 1313 depingitur.
632 1238 909 1312 Cere-opes
928 1240 988 1292 in
1014 1238 1317 1293 Pithecusis
1345 1239 1536 1293 insulis
1561 1237 1653 1293 col
1673 1270 1689 1278 -

112 1330 338 1382 locavit
360 1328 688 1401 Xenagoras
730 1325 838 1404 (ll.
876 1321 1079 1400 νήσων)
1119 1345 1212 1399 ap.
1253 1327 1591 1399 Harpocrat.
1622 1346 1681 1383 v·

114 1413 383 1492 Κέρκωψ.
408 1418 490 1470 Ac
516 1416 645 1469 satis
684 1415 915 1486 antiquo
945 1424 1199 1486 tempore
1224 1410 1410 1490 ἄνδρας
1431 1416 1564 1469 istos
1592 1416 1691 1490 βα-

115 1500 441 1580 ρυδαίμονας
468 1503 702 1557 Italiotis
723 1513 779 1559 et
801 1500 1003 1557 Siculis
1028 1514 1195 1556 notos
1218 1501 1379 1557 fuisse
1399 1504 1530 1557 artis
1556 1521 1686 1557 mo·-

112 1591 427 1644 mumentis
445 1589 849 1662 comprobatur
870 1590 948 1661 (V.
974 1588 1255 1646 Welcker.
1283 1589 1437 1654 Crcl.
1461 1606 1525 1661 p.
1554 1595 1688 1662 409,

115 1697 184 1735 n.
218 1677 370 1751 6593
401 1678 624 1734 Mulier.
651 1678 785 1733 Dor.
815 1678 891 1745 11,
915 1695 975 1749 p.
1008 1675 1118 1746 457
1149 1687 1265 1730 not.
1289 1675 1329 1749 ).
1360 1677 1506 1730 Fieri
1527 1678 1692 1731 etiam

115 1768 318 1834 potuit
343 1776 409 1819 ut
435 1754 784 1820 occasionem
814 1763 885 1817 de
915 1762 1001 1816 his
1028 1762 1349 1834 exponendi
1369 1762 1689 1835 praeberent

118 1855 434 1910 Pithecusae
474 1851 664 1923 Libyae
707 1850 906 1923 urbeS,
950 1850 1235 1904 simiarum
1294 1849 1451 1902 cultu
1488 1850 1688 1918 clarae,

118 1951 269 2005 quas
313 1930 660 1999 Eumachus»,
705 1928 823 1983 dux
862 1929 1209 2002 Agathoclis,
1248 1929 1309 1981 in
1352 1937 1688 2000 potestatem

116 2025 372 2100 redegit.
402 2027 467 2079 V.
493 2023 735 2080 Diodor.
758 2022 900 2092 XX,
931 2020 1035 2091 58,
1070 2021 1125 2078 3.
1152 2052 1230 2063 —
1256 2009 1319 2089 ἦν
1349 2018 1403 2075 δὲ
1432 2016 1691 2099 Ἐφέσιος]

118 2113 457 2169 Notandum
474 2124 554 2167 est
570 2112 771 2185 Ephesi
791 2112 957 2166 etiam
973 2111 1287 2184 Cercopum
1307 2108 1498 2164 sedem
1513 2108 1690 2165 fuisse.

119 2200 417 2256 Zenobius
439 2201 501 2267 1,
534 2198 591 2267 5,
618 2217 648 2253 e
675 2197 807 2254 cod.
838 2199 881 2252 B
909 2217 964 2271 p.
992 2216 1024 2251 α
1055 2196 1147 2251 ed.
1179 2195 1421 2253 Leutsch
1452 2214 1465 2249 z
1502 2190 1685 2273 Ἀγορὰ

122 2282 438 2362 Κερκώπων
460 2305 474 2318 ·
500 2282 585 2339 ἐπὶ
611 2284 712 2339 τῶν
754 2282 992 2360 πονηρῶν
1028 2279 1118 2338 καὶ
1150 2282 1422 2352 κακοηθῶν
1459 2276 1689 2356 λέγεται.

122 2370 419 2447 Κέρκωπες
460 2367 562 2446 γὰρ
603 2367 898 2433 ἀπατεῶνές
936 2391 1068 2433 τινες
1096 2365 1326 2445 ἐγίνοντο
1364 2367 1416 2423 ἄν
1466 2363 1693 2445 Ἐφέσῳ,

1775 719 1865 776 καὶ
1903 717 2061 790 Δίων,
2088 718 2165 777 ὅτι
2200 721 2487 791 Σαυνιτῶν,
2517 717 2798 799 Τυρρηνῶν
2839 719 2930 778 καὶ
2965 719 3150 797 ἑτέρων
3173 722 3331 780 ἐθνῶν

1775 804 2139 882 πολεμούντων
2193 804 2475 881 Ῥωμαίοις
2501 809 2529 864 6
2572 805 2755 873 Almo<
2797 805 2996 872 ὕπατος
3038 805 3338 883 Ῥωμαίων,

1778 892 2131 971 συστρατηγὸς
2160 889 2232 949 ὣν
2259 892 2618 970 Τορκουάτου,
2652 890 2812 958 οὕτως
2838 890 3025 950 ἔδωκεν
3054 893 3235 952 ἑαυτὸν
3268 897 3339 959 εἷς

1779 978 2005 1061 σφαγὴν,
2038 980 2126 1037 καὶ
2156 978 2478 1060 ἀνῃρέθησαν
2502 983 2602 1037 τῶν
2623 978 2863 1038 ἐναντίων
2894 981 3075 1037 ἑκατὸν
3105 983 3338 1058 χιλιάδες

1780 1065 2094 1147 αὐθημερόν.

1856 1152 2234 1233 Τορκουάτου]
2264 1156 2511 1211 debebat
2543 1157 2614 1226 Q.
2651 1157 2822 1211 Fabii
2847 1154 3121 1212 Maximi.
3169 1158 3344 1213 Error

1780 1253 1859 1297 est
1885 1245 2125 1309 Τισίεω,
2154 1245 2253 1316 qui
2276 1244 2514 1299 Decium
2532 1241 2711 1297 filium
2732 1261 2860 1297 cum
2878 1253 3068 1315 patre,
3097 1243 3159 1299 Τ.
3185 1244 3342 1299 Man·

1780 1331 1839 1383 lii
1868 1331 2143 1403 Torquati
2184 1331 2427 1404 collega,
2465 1329 2800 1400 confundit,
2831 1341 3098 1385 monente
3140 1330 3340 1385 Hulle-

1780 1435 1969 1474 mane.
1988 1446 2066 1459 -—
2089 1414 2273 1473 ἑκατὸν
2291 1413 2544 1492 χιλιάδες]
2569 1418 2693 1471 Liv.
2720 1417 2799 1484 X,
2830 1435 2906 1489 29
2931 1437 2944 1470 ι
2977 1416 3144 1471 Coesa
3163 1434 3228 1472 eo
3253 1416 3347 1470 die

1784 1502 2022 1558 hostium
2050 1508 2255 1576 viginti
2283 1509 2525 1577 quiaque
2551 1505 2756 1572 millia,
2784 1515 2903 1558 octo
2931 1515 3118 1577 capta.

2101 1640 2197 1698 4ι.
2244 1630 2368 1709 (01.
2396 1652 2511 1688 -121
2535 1676 2552 1709 ,
2587 1639 2654 1701 4;
2685 1651 2735 1689 a.
2764 1633 2828 1687 C.
2865 1627 3024 1707 293.)

1860 1763 2154 1819 Athenaeus
2173 1765 2318 1834 ΧΠ,
2349 1782 2405 1837 p.
2430 1761 2570 1834 542,
2602 1767 2685 1818 A.
2671 1783 2685 1796 ·
2719 1766 2903 1840 Δοῦρις
2930 1763 2975 1818 δ’
3008 1762 3060 1818 ἐν
3083 1763 3148 1839 τῇ
3178 1759 3220 1821 δ’
3246 1762 3347 1817 τῶν

1788 1846 1921 1923 Περὶ
1947 1847 2280 1923 Ἀγαθοκλέα,
2301 1849 2391 1907 καὶ
2416 1850 2634 1920 πλησίον
2663 1848 2948 1911 Ἱππωνίου
2974 1848 3171 1911 πόλεως
3191 1847 3349 1912 ἄλσος

1781 1956 1833 1993 τι
1863 1933 2187 2011 δείκνυσθαι,
2211 1934 2391 1993 κάλλει
2416 1936 2657 2014 διάφορον
2681 1934 2769 1992 καὶ
2789 1935 3109 2013 κατάρρυτον
3135 1933 3342 2009 ὕδασιν,

1782 2024 1834 2080 ἐν
1855 2013 1899 2102 ᾧ
1918 2022 2007 2080 καὶ
2022 2021 2183 2081 τόπον
2207 2022 2324 2081 τινὰ
2344 2014 2475 2080 εἶναι
2493 2022 2809 2098 καλούμενον
2835 2020 3142 2098 Ἀμαλθείας
3165 2020 3343 2101 κε’ρας,

1783 2110 1811 2167 ὃ
1833 2110 1919 2167 τὸν
1952 2108 2165 2169 Γέλωνα
2187 2109 2602 2169 κατασκευάσαι.

1860 2197 1912 2254 ἐν
1940 2200 2006 2277 τῇ
2037 2196 2107 2273 δ’]
2137 2200 2214 2254 sic
2241 2198 2387 2254 bene
2425 2198 2744 2255 Bulleman.
2784 2216 2892 2271 pro
2931 2198 3157 2272 vulgata
3196 2197 3247 2253 ἐν
3285 2199 3351 2274 τῇ

1784 2283 1997 2362 δεκάτῃ.
2027 2287 2199 2359 Capta
2224 2286 2362 2341 urbs
2379 2287 2468 2341 ol.
2500 2293 2630 2353 124,
2653 2291 2722 2356 4,
2744 2295 2880 2340 teste
2901 2283 3162 2340 Diodoro
3188 2286 3351 2352 xxi,

1785 2374 1837 2431 8.
1852 2375 2053 2430 Strabo
2073 2376 2168 2441 vl,
2182 2392 2242 2447 p.
2270 2373 2418 2429 256.
2441 2366 2662 2447 Ἔχειδ
2686 2368 2928 2441 ἐπίνειον,
2952 2368 3352 2428 ὃκατεσκεύασί

123 2458 316 2523 οἵτινες
341 2456 663 2528 ἐξαπατῆσαι
690 2457 774 2513 τὸν
801 2456 903 2515 Δία
928 2455 1286 2534 πεπείρανται.
1319 2456 1404 2513 Cf.
1435 2456 1690 2512 Lobeck.
1782 2481 1907 2517 ποτε
1934 2457 2250 2536 Ἀγαθοκλῆς
2275 2457 2539 2536 κρατήσας
2567 2461 2656 2526 τῆς
2682 2454 2962 2521 πόλεως.«
2984 2459 3086 2512 Illa
3122 2476 3338 2530 oppor-

125 2549 507 2623 Aglaopham.
542 2567 601 2621 p.
641 2545 782 2601 1305
812 2564 937 2619 sqq.

872 2672 965 2746 39.

218 2792 408 2850 Schol.
437 2792 622 2864 Apoll.
654 2792 761 2848 Rh.
793 2792 819 2846 1
838 2832 854 2859 ,
896 2789 1002 2846 501
1044 2807 1059 2846 :
1092 2785 1275 2865 Δοῦρίς
1297 2807 1425 2865 φησι
1452 2784 1570 2851 τοὺς
1596 2784 1694 2843 ὑπὸ

128 2883 245 2937 τῶν
282 2876 541 2956 γιγάντων
565 2875 962 2955 κατενεχθέντος
990 2874 1184 2945 λίθους,
1211 2873 1327 2940 τοὺς
1369 2873 1465 2950 μὲν
1496 2874 1565 2938 εἰς
1599 2872 1692 2942 τὴν

130 2966 411 3026 θάλασσαν
444 2964 694 3031 πεσόντας
733 2962 969 3042 γενέσθαι
1006 2962 1221 3033 νήσους,
1248 2960 1365 3029 τοὺς
1397 2959 1451 3020 δὲ
1491 2963 1561 3028 εἰς
1594 2960 1690 3030 τὴν

130 3051 476 3199 γηέξρτῖοεοε
526 3142 820 3215 Phlegraeis
875 3134 1083 3213 campis
1118 3141 1287 3194 Italiae
1332 3139 1691 3215 Gigantoma-

1785 2549 2051 2619 tunitate,
2083 2556 2406 2620 opportune
2437 2557 2630 2600 monet
2669 2545 3060 2611 Hullemanus,
3099 2544 3345 2614 conjicio

1784 2636 2060 2691 Duridem
2084 2634 2157 2691 de
2185 2635 2317 2689 luco
2344 2651 2612 2691 narrasse.
2653 2656 2675 2681 υ

2523 2762 2613 2820 [ιιι.

1864 2890 2084 2944 Tzetzes
2111 2887 2186 2943 ad
2207 2889 2346 2958 Lyc.
2378 2902 2530 2954 772.
2516 2902 2531 2916 ·
2559 2886 2742 2961 Δοῦρις
2764 2885 2792 2939 6
2819 2880 3019 2956 Σάμιος
3038 2882 3092 2937 ἐν
3114 2883 3188 2960 τῷ
3216 2882 3349 2960 Περὶ

1786 2970 2152 3049 Ἀγαθοκλέους
2189 2967 2316 3050 φησὶ
2350 2968 2445 3039 τὴν
2488 2966 2800 3039 Πηνελόπην
2843 2964 3177 3045 συγγενέσθαι
3216 2975 3349 3024 πᾶσι

1784 3083 1889 3124 τοις
1913 3062 2207 3141 μνηστῆρσι
2229 3056 2319 3114 καὶ
2340 3060 2584 3134 γεννῆσαι
2607 3055 2933 3134 τραγοσκελη
2957 3058 3130 3116 Πᾶνα.
3155 3057 3344 3114 ‹1220oe-

1788 3148 1865 3225 ρεῖ
1887 3145 1940 3204 δὲ
1966 3145 2082 3226 περὶ
2105 3149 2196 3202 τοῦ
2232 3143 2427 3210 Πανός·
2453 3147 2481 3200 6
2505 3144 2622 3202 Πᾶν
2641 3142 2743 3220 γὰρ
2773 3141 2973 3223 Ερμου
2999 3141 3088 3200 καὶ
3120 3140 3356 3209 Πηνελό-

132 3235 325 3289 chiam
348 3231 519 3286 Duris
538 3231 847 3303 assignavit.
872 3229 1050 3284 Allata
1070 3228 1263 3298 juncta
1285 3244 1397 3281 esse
1424 3235 1692 3300 poterant
1786 3257 1889 3305 πης
1917 3233 2078 3303 ἄλλης
2105 3232 2310 3310 γέγονε,
2337 3231 2426 3289 καὶ
2451 3230 2620 3310 ἔτερος
2646 3232 2764 3290 Πᾶν
2796 3231 2918 3294 Διὸς
2948 3229 3040 3287 καὶ
3078 3227 3340 3309 “.Υ6ρεως

132 3323 233 3385 35³2
265 3334 389 3391 ΨΜ
418 3316 490 3372 de
526 3316 829 3372 pubem-‘²
873 3326 929 3369 ⁰²
967 3316 1183 3371 AEmaeo
1217 3314 1479 3389 TYPhOUi
1506 3330 1695 3386 super·
1787 3324 1873 3382 Cf:
1904 3322 2156 3379 Eudocia
2178 3340 2237 3396 p.
2271 3319 2382 3376 323
2403 3362 2419 3389 ,
2447 3338 2570 3394 qua:
2600 3319 2796 3376 eadem
2818 3337 2881 3376 ac
2906 3321 3075 3376 Duris
3104 3318 3288 3375 affert.

132 3404 357 3477 injectis
380 3404 654 3461 feruntur.

481 3540 573 3599 40.
601 3530 723 3611 (01.
769 3550 870 3586 121
895 3573 911 3600 ,
940 3550 1002 3600 23
1031 3550 1083 3589 a.
1122 3530 1186 3588 C.
1219 3526 1374 3604 295.)

224 3668 465 3725 Diodor.
491 3668 654 3733 XXI,
678 3666 761 3722 6.
748 3686 762 3699 ·
795 3662 923 3724 Ἐπὶ
948 3669 1037 3723 τοῦ
1048 3662 1279 3737 πολέμου
1294 3666 1396 3721 τῶν
1416 3663 1701 3742 Τυρρηνῶν

133 3754 239 3814 καὶ
265 3753 515 3813 Γαλατων
534 3774 623 3810 και
644 3754 922 3828 Σαμνιτῶν
944 3751 1154 3809 καὶτῶν
1174 3749 1359 3830 ἑτέρων
1382 3770 1699 3826 συμμαχῶν,

134 3839 472 3919 ἀνῃρέθησαν
493 3838 592 3897 ὑπὸ
614 3837 913 3915 Ῥωμαίων,
940 3837 1148 3897 Φαὸίου
1182 3836 1543 3904 ὑπατεύοντος,
1575 3832 1700 3893 δέκα

136 3927 420 4008 μυριάδες,
440 3924 510 3993 ὥς
537 3949 664 4007 φησι
687 3930 888 4003 Δουρις.

881 4098 970 4149 39.

214 4208 357 4257 Duris
375 4207 511 4268 dicit,
534 4207 715 4269 lapides
752 4220 783 4255 a
821 4207 1107 4269 Gigantibus
1123 4205 1362 4266 dejectos,
1394 4205 1513 4266 quot
1539 4215 1706 4251 eorum

138 4290 201 4338 in
232 4299 369 4335 mare
387 4285 674 4347 deciderint,
699 4285 903 4347 insulas,
927 4287 1048 4348 quot
1070 4284 1120 4333 in
1139 4287 1315 4333 terram
1332 4317 1348 4344 ,
1389 4283 1577 4331 montes
1601 4292 1709 4329 eva·

138 4365 281 4413 sisse.

890 4454 980 4503 40.
1454 4486 1482 4506 ...

216 4551 273 4597 ln
290 4546 417 4596 bello
435 4548 749 4595 Etruseorum
763 4581 779 4606 ,
800 4546 1050 4596 Gallorum
1064 4581 1079 4606 ,
1100 4543 1369 4594 Samnitum
1384 4578 1400 4603 ,
1416 4544 1707 4591 ceterorum·

142 4638 250 4689 que
271 4624 508 4674 sociorum
522 4659 538 4684 ,
559 4636 588 4673 a
607 4624 861 4686 Romanis,
893 4625 1040 4674 Fabio
1057 4623 1256 4673 consule
1269 4658 1286 4684 ‚
1304 4621 1460 4671 deleta
1476 4623 1592 4670 sunt
1605 4632 1709 4669 een·

143 4709 261 4754 tum
288 4701 463 4761 millia,
486 4703 540 4749 ut
554 4700 696 4749 Duris
713 4703 938 4749 testatur.

214 4777 378 4829 Simile
390 4777 505 4838 quid
532 4777 762 4840 (facinori
780 4777 954 4840 codri)
975 4776 1143 4837 Duris,
1164 4775 1405 4826 Diodorus
1425 4776 1475 4824 et
1496 4773 1588 4825 Dio
1605 4784 1706 4823 uar-

149 4856 284 4905 rant.
304 4850 554 4914 Samnitis,
577 4852 790 4903 Etruscis
809 4853 1010 4916 aliisque
1024 4853 1212 4916 populis
1232 4851 1415 4901 bellum
1439 4849 1711 4913 gerentibus

150 4935 327 4983 eontra
358 4934 626 4991 Romanos,
663 4932 861 4982 Decium
892 4932 1168 4994 consulem,
1214 4931 1447 4992 collegam
1477 4931 1709 4992 Torquati

154 5016 167 5073 (
200 5014 257 5069 Q.
295 5006 441 5058 Fabii
468 5010 739 5071 Maximi),
767 5008 935 5059 eodem
976 5008 1120 5057 modo
1159 5008 1176 5071 (
1189 5021 1289 5072 quo
1318 5007 1513 5058 codrus
1551 4996 1706 5069 olim)

152 5088 309 5135 seruet
324 5084 467 5133 morti
485 5085 744 5147 dedicasse,
760 5085 1024 5149 eodemque
1036 5085 1114 5136 die
1131 5088 1324 5136 centum
1343 5085 1490 5135 millia
1502 5086 1709 5137 hostium

155 5162 409 5213 interfecta
434 5174 553 5211 esee.

2517 3446 2612 3513 43.

1854 3576 2101 3659 Argum.
2136 3568 2304 3642 Idyll.
2342 3569 2580 3625 Theocr.
2611 3570 2707 3635 vl,
2733 3586 2794 3641 p.
2832 3586 2899 3622 10
2923 3568 3017 3627 ed.
3042 3567 3293 3622 Diibner.
3332 3586 3346 3618 :

1796 3662 1920 3718 Ao&
1938 3656 1994 3735 ρί
2005 3680 2028 3723 ς
2055 3654 2252 3734 (Οὕρις
2280 3657 2438 3731 libri)
2461 3676 2640 3733 φησιν,
2666 3652 2753 3711 διὰ
2785 3652 2880 3723 τὴν
2909 3657 3014 3710 τῶν
3033 3650 3348 3731 θρεμμάτων

1791 3742 2175 3812 πολυπλήθειαν
2206 3762 2294 3799 και
2312 3765 2404 3801 του
2369 3744 2678 3819 ”γάλακτος
2695 3740 3001 3821 ἱδρύσασθαι
3033 3744 3137 3816 (sc.
3174 3739 3349 3798 Πολύ·

1796 3836 1995 3914 φημον)
2025 3830 2160 3910 ἱερὸν
2187 3831 2237 3887 ἐν
2270 3827 2435 3909 Αἴτνῃ
2465 3834 2530 3907 τῇ
2571 3827 2853 3908 Γαλατείᾳ.
2880 3829 3158 3896 Φιλόξ-νον
3186 3825 3239 3885 δὲ
3262 3826 3350 3884 τὸν

1802 3919 2058 3998 Κυθήριον
2089 3916 2518 3994 ἐπιδημήσαντα,
2552 3916 2641 3975 καὶ
2665 3915 2739 3992 μὴ
2768 3915 3049 3992 δυνάμενον
3078 3916 3350 3984 ἐπινοῆσαι

2489 4075 2617 4139 ἐι.

1860 4199 2004 4247 Duris
2035 4198 2157 4247 libro
2180 4198 2353 4258 quarto
2376 4198 2448 4244 De
2486 4194 2630 4243 rebus
2667 4192 2937 4255 Agathoclis
2962 4193 3029 4240 ait
3061 4202 3208 4252 prope
3231 4190 3347 4252 ilip-

1796 4276 1993 4339 ponium
2029 4274 2257 4337 oppidum
2293 4285 2461 4323 nemus
2493 4270 2747 4323 monstrari
2768 4269 2941 4319 eximia
2974 4266 3341 4329 pulchritudine

1795 4353 1931 4415 aquis
1955 4352 2186 4413 irriguum
2212 4368 2224 4398 ε
2259 4350 2308 4398 iu
2331 4362 2483 4411 eoque
2502 4360 2601 4397 esse
2621 4349 2780 4395 locum
2808 4344 3045 4408 quendam
3073 4345 3339 4394 Amaltheae

1797 4444 1945 4479 cornu
1971 4429 2290 4492 appellatum,
2314 4438 2344 4475 a
2368 4426 2548 4477 Gelone
2572 4426 2888 4474 exstructum.

2522 4526 2614 4577 42.

1859 4628 2002 4678 Duris
2028 4627 2216 4677 samius
2232 4627 2282 4676 iu
2315 4626 2587 4689 Agathoclis
2612 4625 2818 4675 Historia
2846 4624 3106 4686 Penelopen
3142 4622 3211 4671 ait
3233 4635 3348 4672 eum

1796 4708 2020 4757 omnihus
2057 4707 2238 4767 (aaut)
2262 4707 2418 4769 procis
2448 4718 2552 4755 rem
2583 4705 2831 4765 habuisse,
2864 4706 3010 4765 atque
3031 4702 3351 4764 peperlsseeis

1802 4789 2003 4835 Panem
2029 4783 2343 4847 capripedem.
2383 4786 2444 4833 At
2462 4782 2725 4833 hariolatur
2763 4782 2929 4843 Durisf.
2954 4793 3065 4830 nam
3103 4783 3201 4830 Pan
3227 4779 3351 4829 filius

1798 4864 1901 4912 erat
1918 4861 2137 4911 Mercurii
2155 4863 2207 4911 et
2225 4860 2349 4911 alius
2383 4860 2655 4923 Penelopa.
2680 4859 2906 4919 Alterque
2928 4860 3000 4908 eet
3029 4862 3125 4907 Pan
3147 4856 3281 4906 Jovis
3301 4862 3349 4905 et
3463 4923 3476 4931 ι

1802 4939 2026 4989 ιεεοίνὶω
2050 4937 2191 4988 fliius.

2530 5020 2619 5070 ⁴8.

1864 5118 2006 5168 Duris
2022 5117 2139 5167 dicit
2159 5120 2353 5180 propter
2383 5128 2610 5178 peeorum
2635 5115 2994 5165 multitudinem
3024 5117 3076 5163 et
3101 5112 3239 5162 laetis
3268 5127 3345 5160 eo-

1802 5190 1927 5253 piam
1947 5188 2159 5239 Galatea
2192 5189 2240 5238 in
2262 5190 2404 5238 AEtua
2426 5189 2592 5238 fanum
2607 5202 2634 5238 ε
2653 5187 2946 5250 Polyphemo
2964 5187 3203 5235 mentum
3225 5196 3344 5236 eme.
