3900 6042
510 436 617 478 XV!

503 546 774 607 Καικίλιον
824 544 1186 623 ἀπεχώρησεν.

499 635 603 691 τοῖς
631 624 935 704 πραχθεῖσιν
972 620 1365 700 ἀγανακτήσας,
1387 620 1480 691 τήν
1516 645 1573 679 τε
1604 624 1825 696 γυναῖκα
1852 620 1955 679 ,καὶ
1990 619 2058 676 τὰ

499 712 653 771 τέκνα
681 716 769 769 τοῦ
790 712 1048 770 Τελεστοῦ
1074 708 1347 766 συλλαὸὼν
1375 706 1758 787 ἐτιμωρήσατο.

577 801 734 859 XIX.
778 797 906 857 ιὍτι
930 797 1253 872 Πτολεμαῖος
1275 800 1303 854 ὁ
1338 795 1664 873 Φιλομήτωρ
1691 787 1816 866 ἧκεν
1845 796 1915 861 εἷς
1940 798 2053 854 Συ-

504 886 617 965 ρίαν
641 884 1011 964 συμμαχήσων
1029 882 1344 964 Ἀλεξᾶνδρῳ
1363 882 1448 941 διὰ
1476 882 1785 953 οἰκειότητα.
1875 886 2056 942 Κατα·

502 971 649 1048 γνοὺς
701 971 755 1030 δὲ
803 974 958 1029 αὐτοῦ
995 975 1087 1041 τῆς
1128 973 1300 1049 ψυχῆς
1334 973 1564 1041 παντελῆ
1599 969 1933 1045 ἀδυναμίαν,”
1970 967 2058 1026 καὶ

500 1057 863 1137 προσποιηθεὶς
892 1056 1314 1115 ἐπιὸουλεύεσθαι
1348 1056 1441 1127 τὴν
1478 1056 1573 1133 μὲν
1600 1056 1857 1135 θυγατέρα
1890 1057 2059 1114 Κλεο-

501 1146 707 1224 πάτραν
774 1144 1015 1221 ἀπήγαγε
1060 1143 1189 1224 πρὸς
1241 1144 1562 1222 Δημήτριον,
1621 1144 1710 1202 καὶ
1756 1142 2059 1218 συνθέμενος

501 1234 673 1311 φιλίαν
700 1230 973 1309 ἐνεγύησεν
999 1234 1142 1311 αὐτῷ
1167 1230 1383 1301 ταύτην.
1409 1233 1480 1289 Οἱ
1512 1230 1566 1289 δὲ
1586 1228 1707 1309 περὶ
1739 1230 1824 1288 τὸν
1848 1229 2058 1309 Ἱέρακα

504 1321 596 1378 καὶ
625 1319 867 1380 Διόδοτον
915 1324 1005 1378 τοῦ
1049 1319 1377 1397 Ἀλεξάνδρου
1419 1317 1831 1396 κατεγνωκότες,
1880 1317 1969 1375 τὸν
2004 1316 2058 1374 δὲ

502 1408 802 1485 Δημήτριον
835 1405 1142 1485 φοὸούμενοι
1166 1405 1251 1464 διὰ
1282 1406 1374 1472 τὰς
1405 1409 1475 1472 εἷς
1511 1406 1597 1463 τὸν
1622 1404 1823 1484 πατέρα
1851 1426 2059 1482 γεγενη-

501 1493 658 1569 μένας
686 1492 976 1571 ἆμαρτίας,
1009 1492 1276 1551 ἀνέσεισαν
1317 1491 1433 1558 τοὺς
1466 1490 1743 1571 Ἀντιοχεῖς
1770 1490 1897 1569 πρὸς
1926 1489 2060 1548 ἀπό-

501 1602 703 1650 στασιν,
749 1580 838 1638 καὶ
874 1580 959 1637 τὸν
990 1581 1321 1655 Πτολεμαῖον
1362 1582 1430 1645 εἰς
1458 1580 1552 1650 τὴν
1599 1578 1748 1637 πόλιν
1790 1577 2060 1656 δεξάμενοι

499 1668 731 1743 διάδημα
775 1666 1087 1747 περιέθηκαν
1135 1669 1229 1743 (2),
1274 1666 1364 1725 καὶ
1403 1666 1499 1738 τὴν
1548 1666 1815 1745 βασιλείαν
1865 1666 2057 1744 ἐνεχεί-

501 1774 670 1834 ρισαν.
756 1753 824 1813 ‘O
850 1753 906 1811 δὲ
936 1759 1027 1823 τῆς
1059 1753 1151 1825 μὲν
1189 1753 1455 1831 βασιλείας
1483 1755 1577 1811 οὐκ
1609 1753 1934 1832 ὀρεγόμενος,
1965 1752 2060 1821 τὴν

498 1839 553 1898 δὲ
579 1841 772 1910 Κοίλην
808 1839 1003 1919 Συρίαν
1038 1842 1300 1915 ἐπιθυμῶν
1327 1839 1788 1918 προσκτήσασθαι,
1820 1838 2060 1897 συνέθετο

499 1927 626 2005 πρὸς
663 1926 963 2007 Δημήτριον
990 1925 1362 2005 κοινοπραγίαν
1393 1929 1450 2005 (3)
1495 1926 1601 2005 ἰδία
1632 1926 1887 2006 κυριεύειν
1922 1928 2061 1985 [lto-

500 2014 713 2090 λεμαῒον
742 2018 832 2082 τῆς
862 2013 885 2091 [
918 2013 1142 2084 Κοίλης]
1176 2013 1401 2091 Συρίας,
1433 2013 1520 2070 τὸν
1556 2013 1611 2070 δὲ
1638 2012 1940 2091 Δημήτριον
1967 2016 2060 2083 τῆς

501 2097 748 2178 πατρῴας
776 2098 1064 2177 βασιλείας.

585 2188 716 2245 XX.
760 2185 889 2245 “Ori
922 2183 1245 2265 Ἀλέξανδρος
1273 2185 1506 2257 ἡττηθεὶς
1533 2184 1665 2261 μετὰ
1694 2185 1743 2266 φ’
1772 2184 1867 2257 τὴν
1893 2185 2060 2266 φυγὴν

1258 413 1354 473 ΕΚ
1399 413 1554 472 ΤΗΣ
1599 406 1964 473 ῙΣΤΟΡΙΑΣ
2005 411 2391 472 ΔΙΟΔΩΡΟΥ
2435 412 2917 473 ΣΙΚΕΛῙΩΤΟΥ.

1273 543 1342 602 ‘O
1390 543 1442 601 δὲ
1493 542 1926 622 Ψευδοφίλιππος
1971 540 2058 600 ἐπὶ
2148 553 2307 608 Quare
2344 553 2491 601 iratus
2528 552 2951 615 Pseudophilippus
2980 564 3178 601 uxorem
3215 565 3270 601 ac
3308 550 3483 602 liberos
3506 548 3711 605 Telestis

2149 673 2487 735 comprehendi
2510 677 2560 722 et
2582 674 2814 736 supplicio
2836 674 2959 723 affici
2979 675 3139 735 iussit.

2210 808 2338 855 xlx.
2376 807 2662 857 Ptolemaeus
2695 807 2992 856 Philometor
3018 808 3068 856 in
3106 807 3290 868 Syriam
3320 811 3449 857 venit
3484 810 3540 856 ut
3566 821 3710 871 opem

2152 921 2294 970 ferret
2311 921 2581 971 Alexandro
2600 923 2802 983 cognato
2820 934 2925 970 suo.
2992 920 3086 971 Sed
3108 921 3191 970 ubi
3206 922 3430 982 cognovit
3455 921 3560 983 ejus
3572 926 3712 971 stim·

2148 1048 2280 1084 mam
2321 1034 2468 1083 animi
2509 1035 2880 1085 imbecillitatem
2898 1070 2912 1094 ‚
2945 1034 3179 1084 simulans
3219 1034 3413 1083 insidias
3453 1033 3542 1083 sibi
3584 1038 3713 1084 stru-

2150 1140 2280 1199 ctas,
2314 1139 2616 1200 Cleopatram
2641 1137 2786 1186 liliam
2807 1137 2868 1186 ad
2893 1138 3188 1187 Demetrium
3220 1137 3440 1197 abducit,
3459 1141 3509 1187 et
3538 1139 3716 1199 juncta

2147 1243 2360 1292 amicitia
2378 1243 2489 1292 huic
2509 1242 2653 1291 tiliam
2672 1256 2807 1291 suam
2822 1241 3101 1304 despondet.
3121 1244 3309 1291 Interea
3327 1242 3500 1291 Hierax
3523 1244 3574 1291 et
3598 1243 3711 1292 Dio·

2148 1351 2291 1400 dotus
2307 1349 2367 1399 de
2386 1350 2527 1399 rebus
2546 1349 2802 1398 Alexandri
2823 1348 3143 1411 desperantes,
3158 1349 3397 1412 simulque
3411 1351 3714 1399 Demetrium

2147 1455 2420 1504 metuentes
2439 1455 2633 1515 propter
2656 1466 2712 1501 ea
2732 1465 2843 1514 quae
2864 1452 2913 1501 in
2943 1454 3128 1514 patrem
3159 1453 3263 1514 ejus
3283 1465 3430 1514 prava
3456 1453 3714 1503 commise-

2152 1565 2290 1625 rant,
2321 1564 2664 1613 Antiochenses
2682 1561 2746 1611 ad
2761 1561 3079 1612 defectionem
3112 1564 3352 1624 excitant,
3371 1564 3421 1612 et
3453 1563 3718 1613 Ptolemaeo

2149 1670 2200 1719 in
2218 1669 2387 1718 urbem
2409 1671 2599 1731 recepto
2613 1667 2833 1717 diadema
2847 1667 3100 1730 imponunt
3118 1670 3413 1731 regnumque
3427 1668 3470 1718 ei
3483 1670 3714 1719 offerunt.

2157 1775 2218 1823 At
2239 1773 2526 1821 Ptolemaeus
2551 1740 2753 1833 regnum
2784 1770 2998 1821 mimime
3023 1773 3276 1833 appetens,
3296 1783 3464 1820 verum
3501 1773 3719 1835 Coelesy·

2160 1876 2280 1925 riam
2301 1874 2474 1924 ditioni
2491 1887 2592 1924 suae
2614 1872 2875 1937 adjungere
2897 1875 3122 1937 cupiens,
3144 1875 3211 1923 ita
3238 1887 3350 1924 cum
3373 1876 3620 1926 Demetrio
3639 1876 3721 1927 de*

2150 1983 2318 2044 pactus
2345 1982 2443 2039 est,
2475 1981 2533 2028 ut
2569 1980 2667 2042 ipse
2698 1979 3008 2041 coelesyriam
3041 1979 3306 2040 obtineret,
3335 1981 3610 2030 Demetrius
3630 1991 3720 2032 au·

2149 2093 2247 2140 tem
2269 2103 2411 2152 regno
2430 2092 2633 2151 poterno
2653 2088 2902 2148 potiretur.

2209 2198 2315 2245 xx.
2338 2193 2602 2245 Alexander
2621 2195 2759 2245 Bala
2778 2193 2945 2256 proelio
2969 2194 3155 2255 victus,
3175 2206 3289 2242 cum
3317 2194 3594 2256 quingentis
3611 2208 3722 2245 suo·

502 2271 785 2342 ἐποιήσατο
807 2276 899 2343 τῆς
918 2270 1160 2351 Ἀραὸίας
1182 2274 1252 2338 εἰς
1278 2271 1370 2338 τὰς
1387 2272 1709 2348 καλουμένας
1731 2268 1910 2343 Ἄδας,
1930 2271 2059 2350 πρὸς
2153 2294 2263 2332 rum
2285 2279 2445 2342 sugam
2466 2279 2672 2330 intendit
2692 2279 2860 2329 urbem
2878 2280 3065 2330 Arabim
3088 2294 3255 2331 versus
3268 2316 3284 2342 ,
3305 2295 3452 2344 quam
3483 2284 3615 2333 Abas
3632 2297 3720 2335 vo-

503 2359 724 2418 Διοκλέα
747 2358 834 2416 τὸν
860 2359 1132 2431 δυνάστην,
1162 2358 1290 2439 πρὸς
1317 2357 1373 2416 ὃν
1411 2350 1473 2430 ἦν
1502 2359 1700 2418 καὶτὸν
1728 2359 1835 2418 υίὸν
1867 2357 2055 2417 Ἀντίο-

501 2467 597 2522 χον
625 2444 1099 2523 προεκτεθειμένος,
1123 2445 1247 2505 ὄντα
1278 2446 1482 2517 νήπιον.
1530 2437 1640 2507 Εἶθ’
1672 2450 1733 2524 (1)
1753 2451 1800 2505 οἱ
1823 2446 1942 2526 περὶ
1966 2446 2054 2504 τὸν

505 2531 760 2603 Ἧλιοίδην
780 2533 868 2590 καὶ
893 2530 1086 2592 Κάσιον
1105 2536 1167 2610 (2)
1196 2533 1470 2610 ἡγεμόνες,
1493 2532 1542 2592 οἳ
1568 2540 1795 2606 συνῆσαν
1820 2538 1881 2612 (a)
1906 2533 2056 2593 Ἀλε-

502 2619 703 2699 ξάνδρῳ
722 2666 737 2693 ,
770 2618 935 2699 λάθρᾳ
966 2619 1430 2699 διεπρεσὸεύσαντο
1455 2621 1688 2701 περὶτῆς
1722 2622 1852 2687 ἰδίας
1874 2623 2055 2700 ,ἀσφα-

500 2706 638 2771 λείας
660 2708 746 2782 (ε),
766 2706 1204 2784 ἐπαγγελλόμενοι
1225 2708 1584 2789 δολοφονήσειν
1599 2709 1685 2767 τὸν
1709 2708 2055 2785 Ἀλέξανδρον.

2147 2375 2278 2435 cant,
2296 2372 2359 2421 ad
2382 2371 2642 2434 principem
2669 2370 2908 2427 Dioclem,
2935 2369 3063 2431 apud
3093 2383 3238 2432 quem
3256 2371 3403 2420 etiam
3430 2372 3590 2422 lilium
3622 2380 3723 2423 An·

2147 2456 2363 2506 tiochum
2377 2490 2392 2515 ‚
2408 2456 2588 2502 tenerae
2613 2452 2772 2501 adhuc
2793 2452 2968 2513 aetatis,
2985 2451 3289 2513 deposuerat.
3313 2454 3481 2502 Postea
3499 2453 3726 2505 Heliades

2146 2541 2194 2586 et
2213 2537 2380 2587 Casius
2405 2536 2579 2596 duces,
2598 2534 2682 2598 qui
2702 2548 2814 2584 cum
2832 2534 3104 2585 Alexandro
3126 2537 3290 2596 erant,
3317 2536 3643 2587 clancularius
3658 2537 3722 2588 de

2148 2641 2237 2677 sua
2261 2627 2471 2690 ipsorum
2487 2626 2743 2676 securitate
2762 2625 3020 2688 legationes
3034 2626 3268 2676 miserunt
3282 2664 3297 2689 ,
3320 2627 3432 2677 dolo
3446 2641 3498 2678 se
3517 2628 3726 2679 Alexan-

2149 2713 2294 2763 drum
2352 2711 2596 2761 occisuros
2650 2723 2754 2759 esse
2808 2710 3158 2772 promittentes.
3228 2715 3447 2769 Quorum
3497 2712 3720 2774 petitioni

503 2880 671 2929 reuda.
695 2884 767 2930 De
784 2882 985 2930 victoria
1002 2895 1147 2943 quam
1167 2881 1228 2929 de
1246 2883 1472 2931 Romanis
1489 2881 1579 2931 sub
1603 2886 1655 2931 P.
1673 2883 1902 2931 ,Iuventio
1922 2882 2128 2942 praetore
2157 2881 2435 2942 reportavit,
2459 2894 2505 2928 v.
2535 2880 2703 2941 Polyb.
2721 2870 2947 2929 XXXVI!
2964 2916 2978 2939 ,
3007 2887 3019 2927 1
3049 2878 3086 2927 d
3099 2891 3119 2934 ,·
3153 2880 3254 2928 Liv.
3279 2883 3362 2941 Ep.
3389 2887 3450 2929 50
3470 2884 3601 2930 extr.
3628 2883 3721 2930 Res

502 2950 707 3012 pertinet
723 2950 784 2999 ad
805 2962 883 3000 an.
908 2953 1011 3000 148.
1032 2977 1096 2987 —
1116 2967 1221 3012 προ
1236 2966 1301 3013 εχ
1315 2968 1338 2998 ε
1354 2969 1369 2999 ι
1383 2950 1433 3013 ρί
1446 2967 1476 2999 σ
1491 2950 1616 3013 ατο]
1634 2951 1998 3013 προεχειρήσατο
2018 2949 2192 2999 codex.

563 3032 689 3078 xlx.
726 3028 835 3078 Fol.
862 3035 974 3089 183,
993 3036 1019 3076 2
1035 3052 1099 3065 -·
1122 3031 1175 3077 14
1204 3041 1250 3075 r.
1269 3030 1448 3077 Contra
1470 3028 1793 3077 Alexandrum
1815 3027 1975 3076 Balam
1990 3062 2005 3086 ‚
2025 3025 2112 3087 qui
2144 3027 2447 3088 Cleopatram
2471 3026 2716 3076 Ptolemaei
2741 3025 3073 3075 Philometoris
3102 3025 3247 3075 liliam
3278 3025 3486 3076 duxerat
3513 3030 3530 3087 (
3554 3031 3648 3079 170
3671 3041 3719 3079 a.

501 3101 562 3150 C.
581 3098 787 3147 Maccab-
820 3102 866 3156 1,
898 3104 980 3160 10,
1003 3098 1090 3157 57)
1106 3134 1120 3155 .
1145 3110 1173 3146 e
1192 3099 1334 3146 Creta
1353 3098 1666 3160 proficiscitur
1685 3110 1883 3160 regnum
1910 3099 2165 3158 paternum
2186 3100 2555 3159 recuperaturus
2575 3098 2847 3146 Demetrius
2866 3096 3091 3157 (Nicator
3107 3096 3154 3158 ),
3175 3097 3302 3147 lilius
3329 3098 3557 3147 Demetrii
3575 3102 3721 3151 Sote-

504 3168 571 3217 ris
590 3168 607 3229 (
629 3174 712 3217 165
728 3181 815 3216 aer.
842 3168 957 3227 Sel„
979 3171 1065 3216 148
1085 3179 1131 3215 a.
1148 3169 1226 3227 c.;
1245 3167 1454 3217 Maccah.
1480 3171 1528 3227 1,
1558 3175 1629 3216 ιο.
1649 3168 1846 3229 Joseph.
1871 3170 1984 3216 xlll
2001 3203 2015 3229 ‚
2041 3168 2117 3228 4).
2142 3171 2266 3217 Tum
2288 3168 2337 3215 in
2359 3168 2547 3229 Syriam
2565 3181 2678 3216 cum
2697 3168 2912 3217 exercitu
2932 3167 3141 3217 accurrit
3161 3168 3476 3226 Ptolemaeus,
3496 3168 3559 3218 de
3576 3172 3724 3232 cujus

500 3238 712 3287 consiliis
729 3251 757 3286 a
777 3236 981 3286 Diodoro
1000 3236 1161 3286 dill'ert
1178 3240 1348 3286 auctor
1368 3237 1579 3287 Maccab.
1602 3241 1625 3287 1
1638 3275 1652 3298 ‚
1680 3244 1753 3300 11,
1781 3245 1795 3287 1
1819 3252 1945 3301 sqq„
1965 3237 2046 3300 qui
2070 3238 2136 3287 ita
2152 3239 2316 3287 narrat
2339 3257 2350 3286 ι
2381 3238 2472 3287 Καὶ
2499 3239 2525 3285 ὁ
2549 3238 2764 3299 βασιλεὺς
2786 3237 3024 3299 Αἰγύπτου
3043 3238 3231 3301 ἤθροισε
3253 3236 3463 3301 δυνάμεις
3482 3240 3719 3298 πολλὰς...

502 3309 583 3356 καὶ
609 3308 752 3357 πλοῖα
772 3306 922 3354 πολλά
938 3321 950 3334 ·
977 3307 1056 3354 καὶ
1081 3306 1275 3362 ἐζήτησε
1297 3313 1646 3370 κατακρατῆσαι
1665 3314 1745 3366 τῆς
1775 3308 2012 3371 βασιλείας
2030 3306 2316 3370 Ἀλεξάνδρου
2344 3306 2493 3368 δόλῳ,
2530 3308 2610 3355 καὶ
2641 3308 2904 3370 προσθεῖναι
2929 3308 3073 3364 αὐτὴν
3098 3312 3156 3370 τῇ
3181 3308 3398 3370 βασιλείᾳ
3434 3308 3597 3358 αὐτοῦ.
3627 3314 3721 3361 Καὶ

503 3377 680 3435 ἐξῆλθεν
699 3378 761 3432 είς
784 3377 949 3438 Συρίαν
967 3376 1119 3436 λόγοις
1145 3377 1405 3439 εἰρηνικοῖς,
1424 3379 1503 3426 καὶ
1521 3380 1707 3439 ἤνοιγον
1726 3380 1853 3440 αὐτῷ
1867 3381 1910 3426 ot
1926 3378 2020 3426 ἀπὸ
2039 3383 2132 3425 τῶν
2148 3378 2344 3436 πόλεων,
2361 3379 2441 3424 καὶ
2466 3377 2703 3434 συνήντων
2725 3378 2908 3439 αὐτῷ...
2929 3379 3015 3432 Ὣς
3034 3378 3085 3426 δὲ
3112 3378 3430 3439 εἰσεπορεύετο
3448 3379 3514 3434 είς
3534 3379 3622 3437 τὰς
3640 3381 3723 3430 πό-

502 3449 593 3504 λεις
616 3449 644 3495 δ
667 3448 978 3509 Πτολεμαῖος,
1002 3446 1241 3496 ἀπέτασσε
1264 3448 1347 3503 τὰς
1372 3448 1582 3511 δυνάμεις
1609 3450 1807 3513 φρουρὰν
1840 3451 1889 3498 ἐν
1926 3448 2102 3509 ἑκάστῃ
2136 3449 2344 3497 πόλει....
2364 3448 2421 3495 Ὁ
2441 3448 2491 3496 δὲ
2528 3447 2742 3509 βασιλεὺς
2767 3449 2855 3496 [lt.
2881 3446 3117 3509 ἐκυρίευσε
3135 3451 3230 3495 τῶν
3250 3447 3432 3495 πόλεων
3458 3453 3540 3505 τῆς
3564 3465 3719 3513 παρα·

502 3517 602 3573 λίας
623 3518 708 3573 ἕως
729 3517 994 3573 Σελευκείας
1011 3522 1091 3574 τῆς
1110 3518 1517 3580 παραθαλασσίας,
1537 3520 1618 3566 καὶ
1635 3520 1908 3580 διελογίζετο
1925 3520 2030 3581 περὶ
2048 3518 2333 3579 Ἀλεξάνδρου
2352 3515 2599 3576 λογισμοὺς
2616 3516 2860 3578 πονηρούς.
2884 3518 2977 3564 Καὶ
2997 3516 3240 3565 ἀπέστειλε
3256 3517 3469 3577 πρὲσόεις
3487 3519 3604 3580 πρὸς
3627 3525 3722 3579 An·

504 3590 693 3650 μήτριον
709 3588 787 3635 τὸν
804 3588 1015 3648 βασιλέα,
1032 3587 1193 3646 λέγων·
1217 3604 1240 3628 κ
1260 3591 1406 3648 Δεῦρο
1419 3623 1433 3647 ,
1450 3590 1722 3650 συνθώμεθα
1740 3590 1850 3652 πρὸς
1870 3589 2061 3643 ἑαυτοὺς
2076 3588 2316 3645 διαθήκην,
2337 3586 2416 3633 καὶ
2431 3585 2573 3633 δώσω
2588 3602 2664 3633 σοι
2682 3588 2765 3644 τήν
2780 3587 3008 3649 θυγατέρα
3023 3603 3112 3647 μου
3130 3588 3185 3645 ἢν
3206 3587 3301 3648 ἔχει
3316 3585 3616 3650 Ἀλέξανδρος,
3640 3592 3720 3639 καὶ

505 3657 795 3722 βασιλεύσεις
819 3663 899 3715 τῆς
920 3656 1155 3719 βασιλείας
1175 3660 1259 3704 τοῦ
1279 3658 1449 3720 πατρός
1472 3674 1577 3706 σου.
1601 3659 1993 3720 Μεταμεμέλημαι
2012 3661 2100 3722 γὰρ
2119 3658 2224 3714 δοὺς
2242 3658 2372 3717 αὐτῷ
2389 3656 2472 3710 τὴν
2488 3655 2712 3718 θυγατέρα
2731 3672 2820 3717 μου
2833 3691 2847 3717 ,
2872 3656 3065 3714 ἐζήτησε
3082 3656 3170 3718 γὰρ
3194 3655 3462 3704 ἀποκτεῖναί
3478 3672 3553 3718 με.
3580 3677 3606 3700 ν
3627 3661 3722 3708 Καὶ

503 3727 734 3787 ἐψόγησεν
758 3726 895 3774 αὐτὸν
918 3725 1052 3788 χάριν
1070 3728 1153 3773 τοῦ
1173 3725 1454 3788 ἐπιθυμῆσαι
1473 3729 1612 3777 αὐτὸν
1633 3733 1713 3786 τῆς
1733 3729 1971 3791 βασιλείας
1996 3730 2140 3777 αὐτοῦ
2161 3729 2262 3775 κτλ.
2280 3726 2463 3775 Contra
2481 3725 2719 3786 sosephus
2735 3728 2848 3775 xm
2862 3761 2878 3785 ,
2902 3731 2931 3775 4
2946 3731 2992 3785 ,6
3015 3728 3178 3774 narrat
3202 3737 3368 3773 revera
3403 3725 3720 3777 Ptolemoeum

506 3794 762 3846 Alexandri
792 3797 992 3857 petitum
1015 3808 1117 3844 esse
1140 3795 1351 3856 insidiis,
1368 3810 1490 3858 quas
1510 3811 1635 3858 aegre
1655 3812 1736 3847 rex
1761 3799 1999 3859 effugerit.
2023 3795 2358 3858 (Paneissimis
2383 3808 2486 3844 rem
2509 3798 2712 3856 tangunt
2726 3794 2826 3844 Liv.
2846 3798 2933 3857 Ep.
2957 3800 3044 3856 52;
3068 3793 3270 3855 Appiau.
3289 3797 3397 3854 Syr.
3422 3797 3511 3856 873
3531 3797 3717 3847 sustin.

504 3867 701 3925 XXXV,
745 3866 819 3923 2.)
844 3892 908 3905 —-
928 3871 973 3914 2.
999 3865 1095 3913 διὰ
1127 3866 1281 3925 δημα
1305 3866 1694 3930 περιέθηκαν]
1714 3868 1787 3917 Cf.
1809 3869 2003 3931 Joseph.
2035 3871 2175 3927 xm,
2194 3870 2241 3928 4,
2275 3871 2300 3916 7
2325 3880 2339 3913 :
2366 3866 2461 3915 Δύο
2501 3866 2775 3928 περιτίθεται
2810 3866 3096 3927 διαδήματα,
3132 3865 3181 3913 ἓν
3213 3866 3295 3928 μὲν
3324 3866 3379 3914 τὸ
3414 3871 3495 3923 τῆς
3529 3865 3720 3928 Ἀσίας,

506 3938 658 3998 ἕτερον
671 3936 720 3983 δὲ
738 3935 791 3983 τὸ
810 3940 888 3992 τῆς
904 3935 1155 3996 Αἰγύπτου.
1176 3935 1354 3984 Eodem
1370 3936 1512 3985 modo
1529 3939 1739 3986 Macoab.
1766 3941 1786 3988 1
1803 3974 1817 3998 ,
1846 3945 1918 4000 11,
1944 3945 2015 3987 13.
2039 3941 2109 3987 De
2129 3938 2384 3999 coelesyria
2400 3936 2659 3986 Ptolemaeo
2673 3936 2785 3985 data
2799 3936 2915 3985 nihil
2936 3935 3106 3998 legitur
3123 3932 3174 3984 in
3193 3935 3404 3984 Maceah.
3418 3937 3467 3984 et
3483 3938 3718 4000 Josepho.

505 4005 641 4067 Apud
672 4003 887 4053 Maccab.
910 4007 1070 4053 tamen
1107 4020 1168 4055 ex
1196 4007 1380 4067 reliquo
1410 4007 1696 4056 narrationis
1728 4011 1893 4057 tenore
1926 4010 2097 4070 sponte
2132 4007 2227 4057 hoc
2261 4007 2569 4069 suppleveris.
2611 4006 2751 4067 Apud
2787 4007 3052 4068 Josephum
3082 4006 3256 4055 diserte
3276 4004 3565 4056 Ptolemaeus
3587 4013 3722 4072 αὐτῷ

505 4076 705 4135 ἔφασκεν
725 4074 879 4136 ἀρκεῖν
897 4075 980 4131 τὴν
997 4080 1077 4133 τῆς
1098 4076 1333 4136 Αἰγύπτου
1359 4077 1616 4138 βασιλείαν,
1634 4076 1769 4126 nulla
1787 4075 1948 4126 addita
1967 4078 2194 4127 clausula.
2214 4080 2332 4127 Haec
2350 4077 2489 4127 sicuti
2513 4090 2623 4137 quae
2643 4076 2699 4125 t'r.
2721 4080 2806 4127 xx
2826 4078 3051 4139 leguntur
3068 4076 3130 4125 de
3151 4075 3287 4125 clade
3305 4079 3353 4125 et
3376 4078 3486 4139 luga
3502 4077 3717 4130 Alexan·

503 4142 609 4201 dri,
647 4143 884 4204 pertinent
905 4142 967 4192 ad
1000 4157 1181 4193 annum
1212 4147 1297 4194 146
1314 4158 1359 4194 a.
1395 4148 1453 4195 c.
1474 4147 1595 4206 (172
1614 4159 1699 4196 aer.
1731 4147 1827 4196 Sel.
1859 4147 2075 4196 Maccab.
2098 4150 2147 4208 1,
2171 4152 2246 4208 11,
2262 4153 2309 4196 9.
2328 4146 2360 4206 ).
2381 4175 2440 4187 -
2462 4153 2508 4195 3.
2539 4163 2755 4196 nervon
2773 4146 2840 4210 ρ.]
2856 4162 3068 4210 καινοπρ.
3093 4145 3262 4196 codex.
3282 4144 3464 4195 Deinde
3494 4149 3718 4210 supplevi

507 4225 552 4259 v.
577 4214 763 4269 Κοίλης.

569 4287 677 4335 XX.
719 4285 827 4334 Fol.
855 4290 968 4344 183,
1004 4289 1062 4335 14
1079 4314 1143 4329 --
1169 4292 1227 4335 22
1256 4299 1302 4336 r.
1339 4287 1516 4337 Eadem
1542 4290 1788 4352 (exceptis
1808 4291 1968 4340 verbis
1989 4285 2240 4351 postremis
2260 4285 2537 4348 Ἀλέξανδρος
2562 4288 2643 4347 μὲν
2667 4285 2800 4335 οὖν...
2822 4286 3051 4348 ἀνῃρέθη)
3072 4285 3294 4346 leguntur
3326 4285 3377 4332 fu
3410 4288 3528 4335 Exc·
3558 4286 3721 4338 Pboti

504 4368 552 4416 p.
577 4359 666 4402 519
694 4354 925 4415 (Diodor.
946 4357 1124 4405 xxxii
1138 4393 1153 4416 ‚
1178 4356 1272 4417 10).
1293 4358 1452 4406 Prima
1468 4360 1615 4409 verba
1637 4361 1790 4409 Photii
1807 4365 1920 4410 sunt
1942 4381 1956 4410 :
1977 4361 2033 4409 Ὀ
2051 4360 2100 4407 δὲ
2122 4355 2402 4418 Ἀλέξανδρος
2424 4357 2519 4406 ἀπὸ
2539 4357 2620 4419 μὲν
2634 4362 2714 4414 τῆς
2733 4356 2886 4419 μάχης
2905 4358 3021 4418 μετὰ
3040 4356 3084 4418 φ’
3101 4357 3185 4413 την
3202 4355 3345 4416 φυγὴν
3364 4354 3622 4413 ἐποιήσατο
3643 4358 3661 4411 t
3672 4357 3721 4406 in

504 4424 613 4473 cod.
646 4429 809 4473 Escor.
843 4425 915 4472 est
938 4425 1246 4487 ἐποιήσαντο)
1269 4429 1367 4476 κτλ.
1388 4453 1451 4463 -
1478 4436 1521 4478 1.
1541 4431 1643 4479 εἶτα
1666 4429 1806 4478 Phot.
1845 4462 1906 4474 -
1926 4438 1972 4480 2.
1994 4431 2091 4478 καὶ
2115 4424 2370 4487 Κάσιον]
2395 4425 2499 4473 hoec
2538 4439 2635 4474 om.
2655 4425 2867 4475 Photius.
2889 4427 3103 4476 Primum
3120 4423 3277 4474 scriba
3310 4424 3507 4474 dederat
3527 4427 3719 4488 βάσιον,

505 4493 635 4555 quod
654 4492 825 4542 deinde
836 4494 1062 4543 correxit.
1082 4521 1147 4531 —
1167 4502 1211 4544 3.
1231 4497 1561 4561 συνῆσαν).
1579 4505 1726 4557 νῆσαν
1745 4498 1896 4548 codex
1910 4535 1925 4559 ,
1940 4500 2107 4548 relicto
2124 4496 2328 4545 duarum
2349 4494 2596 4544 literarum
2617 4496 2786 4558 spatio.
2806 4522 2870 4533 —
2883 4500 2931 4545 4.
2952 4496 3064 4552 &oe
3078 4497 3148 4544 αλ
3166 4495 3323 4558 είας]
3341 4493 3539 4544 Photius
3554 4509 3722 4558 perpe·

506 4574 609 4611 ram
631 4562 897 4626 ἡγεμονίας.
918 4592 978 4603 -
1001 4563 1172 4613 Clades
1190 4568 1239 4613 et
1258 4567 1365 4626 suga
1385 4566 1641 4616 Alexandri
1660 4567 1898 4629 pertinent
1910 4567 1972 4616 ad
1986 4580 2167 4615 annum
2192 4569 2278 4614 146
2290 4600 2304 4624 ,
2319 4564 2389 4613 11ῑί
2403 4566 2665 4615 certissime
2682 4568 2886 4616 constat.
2909 4570 3090 4616 Verum
3111 4565 3350 4616 Diodorus
3367 4565 3473 4613 hoec
3490 4577 3589 4614 non
3605 4580 3718 4615 nar:-

508 4634 633 4681 ravit
644 4630 704 4680 ad
722 4644 904 4680 annum
926 4635 1012 4681 146
1025 4669 1039 4692 ,
1059 4632 1143 4681 sed
1162 4633 1229 4681 ita
1248 4634 1378 4687 uaud
1399 4635 1543 4686 dubie
1563 4650 1665 4686 rem
1688 4638 1908 4698 instituit,
1924 4640 1981 4686 ut
1994 4638 2248 4698 postquam
2271 4637 2541 4697 susceptam
2563 4637 2791 4686 Demetrii
2808 4639 2977 4686 contra
2996 4635 3327 4686 Alexandrum
3363 4634 3721 4697 expeditionem

512 4709 526 4761 (
546 4701 624 4750 01.
654 4706 759 4761 157,
780 4706 869 4751 4-
894 4702 968 4766 ζ-ξζ
992 4715 1037 4750 a.
1065 4705 1121 4752 c.
1137 4704 1155 4764 )
1174 4706 1436 4764 narrasset,
1460 4707 1623 4755 statim
1644 4708 1877 4769 reliquam
1896 4707 2039 4768 hujus
2060 4706 2173 4756 bem
2191 4705 2436 4755 historiam
2454 4719 2604 4769 usque
2625 4706 2686 4756 ad
2704 4706 2889 4756 cladem
2909 4708 3166 4769 stigamque
3184 4706 3439 4757 Alexandri
3464 4706 3722 4770 subjunge-

508 4774 599 4820 ret.
627 4770 810 4832 Saepius
834 4785 891 4820 eo
914 4772 1058 4821 modo
1088 4773 1323 4823 Diodorus
1343 4778 1663 4826 narrationem
1681 4777 1888 4840 disponit
1917 4790 2069 4840 eoque
2091 4775 2444 4837 chronologiam
2467 4788 2605 4825 suam
2630 4778 2845 4839 alioquin
2873 4791 3044 4841 parum
3077 4780 3351 4826 accuratam
3379 4776 3537 4825 multo
3570 4777 3726 4829 etiam

509 4839 856 4901 impeditiorem
882 4841 1051 4892 reddit.
1080 4845 1253 4891 Nostro
1270 4847 1433 4894 autem
1451 4846 1559 4894 loco
1582 4860 1728 4896 reseo
1742 4847 1990 4909 probatur,
2009 4846 2139 4910 qnod
2158 4859 2269 4909 quae
2289 4847 2551 4906 sequuntur
2569 4846 2617 4894 in
2637 4848 2756 4894 Exc.
2778 4846 3019 4895 Photianis
3029 4846 3090 4898 de
3109 4847 3367 4896 Masinissae
3385 4849 3435 4897 et
3450 4844 3513 4894 de
3536 4848 3721 4896 Prusia}

509 4909 603 4958 sine
613 4908 674 4957 ad
687 4921 766 4957 an.
791 4913 875 4959 149
895 4912 912 4971 (
931 4916 1037 4973 157,
1054 4912 1101 4972 4)
1117 4913 1280 4963 referri
1294 4915 1463 4964 solent.
1483 4917 1629 4965 Recte
1643 4916 1787 4977 igitur
1798 4916 1848 4965 in
1863 4915 2002 4965 editis
2015 4915 2210 4966 Diodori
2225 4927 2337 4977 quae
2348 4913 2410 4963 de
2426 4914 2539 4963 Bata
2555 4928 2584 4964 e
2604 4915 2741 4964 Phot.
2763 4918 2879 4966 Exc.
2895 4918 3169 4977 narrantur,
3184 4917 3348 4966 statim
3368 4918 3545 4978 postea
3560 4918 3714 4977 posui,

507 4992 621 5040 quae
644 4979 705 5028 de
733 4979 929 5042 Philippi
956 4983 1223 5047 Macedonis
1249 4988 1357 5048 post
1380 4986 1631 5035 victoriam
1657 4986 1990 5037 crudelitatem
2009 5000 2072 5036 ex
2087 4990 2205 5036 Exc.
2226 4984 2477 5034 Devirtut.
2503 4987 2712 5034 exstant.
2731 4986 2941 5036 Eandem
2961 5000 3122 5035 rerum
3136 4987 3307 5036 seriem
3322 4987 3537 5048 praebent
3553 4980 3718 5036 nosti-a

511 5051 675 5109 fragm.
694 5051 850 5099 xvm
870 5053 919 5099 et
941 5053 1067 5102 xlx.
1089 5056 1310 5104 ceterum
1333 5054 1549 5104 ordinem
1565 5056 1938 5116 traginentorum
1956 5069 2087 5105 nnnc
2103 5057 2376 5105 nostrorum
2399 5056 2749 5117 Excerptorum
2767 5068 2859 5118 ope
2875 5057 3146 5106 accuratius
3163 5056 3212 5105 in
3226 5055 3470 5105 nonnullis
3487 5055 3720 5116 retingere

509 5132 774 5180 possumus.
796 5120 1031 5171 Nimirum
1053 5123 1101 5171 in
1123 5124 1244 5173 libro
1262 5126 1412 5174 xxxi
1432 5125 1585 5186 capita
1599 5125 1864 5176 ordinanda
1884 5129 2000 5177 sunt
2017 5127 2147 5176 hunc
2159 5125 2207 5173 in
2227 5124 2424 5175 modum
2443 5140 2456 5173 :
2473 5127 2740 5174 01111111οο
2763 5145 2774 5174 :
2796 5140 2902 5187 cap.
2928 5135 3026 5176 1-
3047 5130 3315 5187 vl113xlv
3333 5129 3382 5176 et
3404 5128 3493 5175 XV
3512 5126 3532 5186 (
3544 5128 3713 5188 quate-

510 5201 600 5237 uus
626 5190 687 5237 ad
712 5192 828 5239 Exc.
864 5192 1081 5240 vatican.
1105 5192 1340 5255 pertinent
1360 5194 1408 5255 );
1442 5195 1512 5243 De
1531 5194 1670 5244 iusid.
1693 5195 1749 5243 l'r.
1770 5197 1919 5244 xvu.
1950 5224 2012 5236 —
2040 5199 2326 5246 Msesooum
2351 5215 2362 5245 τ
2386 5198 2498 5257 Cap·
2523 5197 2620 5256 1x3
2652 5198 2720 5244 De
2745 5198 2832 5245 ins.
2857 5197 2915 5245 fr.
2941 5199 3112 5245 xvlll.
3147 5224 3206 5234 -
3231 5201 3376 5246 511111
3403 5217 3414 5246 z
3443 5199 3513 5246 De
3542 5197 3630 5244 ins.
3652 5195 3713 5244 fr.
