3900 6042
1259 458 1705 520 CLEARCHUS
1746 459 2122 524 SOLENSIS.

84 588 577 662 populorumque
617 598 944 657 exerceant,
1002 588 1322 644 ostenderet
1368 599 1537 661 atque
1581 592 1658 645 sic

85 679 205 730 vitae
243 678 477 749 optime
502 677 858 731 instituendae
885 677 1031 731 viam
1055 688 1411 731 monstraret.
1445 679 1661 735 Certius

85 774 266 817 tamen
294 762 595 834 quiddam
617 766 782 817 statui
807 765 900 817 vix
921 774 1126 836 potest,
1145 781 1321 835 quum
1350 763 1659 838 fragmenta

86 862 296 906 tantum
325 870 456 905 non
494 853 688 906 omnia
716 850 982 906 fluxerint
1007 869 1078 907 ex
1115 852 1384 906 Athenaeo
1433 854 1659 925 Dipno·

85 939 366 1011 sophista,
399 939 512 1010 qui
553 956 728 1011 quum
762 956 829 994 ea
861 948 1078 993 tantum
1117 940 1394 1008 attulerit,
1426 958 1550 1011 quae
1586 940 1658 995 ad

89 1044 202 1079 rem
229 1044 393 1081 suam
421 1025 709 1093 facerent,
753 1027 982 1081 minime
1001 1025 1135 1081 inde
1156 1027 1409 1099 sequitur
1441 1028 1659 1101 reliqua

85 1115 330 1167 Clearchi
366 1114 575 1168 omnia
596 1112 843 1185 ejusdem
867 1111 1031 1167 fuisse
1052 1114 1289 1187 generis.

159 1201 506 1256 Ceterorum
565 1219 801 1274 operum
847 1210 1173 1274 argumenta
1230 1202 1358 1272 ipsis
1409 1201 1659 1273 reliquiis

91 1290 206 1342 satis
232 1288 629 1343 declarantur.
665 1290 799 1359 Quae
841 1290 1040 1360 utique
1085 1288 1268 1340 virum
1319 1304 1518 1361 mag-na
1550 1287 1656 1342 do-

93 1377 272 1429 ctrinae
299 1375 589 1429 varietate
617 1375 950 1429 instructum
987 1372 1260 1447 produnt.
1301 1374 1443 1427 Eum
1481 1374 1658 1428 multa

101 1464 480 1535 peripateticae
516 1462 791 1516 doctrinae
829 1461 1053 1516 decreta
1086 1462 1413 1533 pervertisse
1449 1456 1655 1534 (πολλὰ

94 1551 177 1602 τοῦ
234 1543 542 1623 περιπάτου
582 1622 594 1629 ,
611 1544 933 1625 παρέτρεψεν
964 1548 980 1620 )
1048 1556 1280 1603 testatur
1330 1547 1656 1603 Plutarchus

99 1636 196 1705 (fr.
242 1634 314 1703 76
335 1633 376 1708 ).
411 1636 620 1691 Oratio
649 1654 767 1689 non
809 1646 962 1690 caret
990 1634 1346 1705 jucunditate
1383 1634 1653 1707 quadam,

97 1731 145 1775 at
170 1740 282 1775 non
302 1724 500 1777 nativa
541 1723 670 1798 illa,
694 1722 792 1778 sed
816 1722 1044 1777 aliunde
1074 1723 1235 1777 allata
1274 1731 1329 1776 et
1373 1705 1648 1776 affectata.

103 1810 347 1880 Denique
368 1809 938 1884 Schweighaeuserus‚
961 1810 1206 1864 severius
1233 1806 1327 1863 ille
1351 1807 1581 1881 quidem
1599 1818 1655 1862 at

102 1914 204 1947 non
224 1914 457 1967 prorsus
493 1897 719 1969 inique,
749 1898 822 1950 ita
852 1895 1071 1967 judicat
1100 1894 1203 1969 (ad
1239 1896 1442 1951 Athen.
1473 1896 1649 1964 XIII,

101 2001 150 2054 p.
176 2001 271 2051 τοι
293 2024 308 2051 ,
330 1982 396 2056 C)
425 2003 438 2037 z
473 2009 498 2031 ιν
528 1985 936 2039 Clearchum...
959 1985 1156 2056 saepius
1185 1983 1395 2038 fatuum
1416 1985 1653 2056 scripto·

105 2087 206 2122 rem
243 2080 296 2124 et
329 2072 550 2143 partim
577 2072 635 2124 in
662 2068 1062 2145 exaggerandis
1098 2071 1306 2142 partim
1333 2071 1390 2123 in
1418 2078 1653 2124 contor-

104 2156 318 2226 quendis
373 2158 556 2213 rebus
588 2202 603 2227 ,
646 2176 782 2230 quas
835 2158 1059 2231 attingit
1082 2199 1097 2226 ,
1156 2157 1408 2230 ineptum
1450 2156 1653 2230 depre-

111 2243 400 2302 hendimus.
439 2270 463 2292 υ
509 2245 606 2301 Cf.
638 2244 797 2300 Idem
839 2246 897 2299 in
938 2244 1134 2299 Indice
1161 2262 1218 2300 ν.
1256 2245 1561 2299 Clearchus
1597 2256 1650 2299 et

113 2332 287 2400 passim
319 2333 373 2385 in
403 2333 858 2388 Commentariis,

757 2639 1001 2716 BlOI.

567 2832 613 2888 E
647 2832 871 2890 LIBRO
911 2832 1165 2888 PRIMO.

849 3000 870 3034 1
886 3021 898 3033 .

189 3118 466 3175 Athenaeus
481 3121 588 3189 vl,
604 3137 662 3193 p.
686 3120 912 3190 234,F:
938 3115 1205 3196 Κλέαρχος
1221 3117 1265 3175 δ’
1295 3120 1323 3174 ὁ
1347 3116 1559 3189 Σολεὺς,
1580 3109 1651 3184 εἷς

127 3202 163 3256 δ’
187 3193 314 3268 οὗτος
335 3206 436 3261 τῶν
462 3204 851 3284 Ἀριστοτίλως
869 3204 980 3263 ἐστὶ
1002 3207 1268 3279 μαθητῶν,
1291 3206 1343 3262 ἐν
1359 3206 1435 3285 τῷ
1453 3204 1649 3284 πρώτῳ

131 3291 212 3344 τῶν
246 3289 368 3348 Βίων
407 3291 534 3349 τάδε
565 3291 784 3370 γράφει·
811 3319 836 3345 ι
860 3289 987 3351 Ἔτι
1015 3290 1069 3348 δὲ
1098 3290 1389 3369 παράσιτον
1423 3296 1513 3348 νῦν
1550 3291 1644 3367 μὲν

130 3374 199 3429 τὸν
216 3376 408 3451 ἄτιμον,
428 3379 551 3438 τότε
571 3379 626 3436 δὲ
654 3378 743 3438 τὸν
771 3382 840 3446 εἰς
861 3379 920 3436 τὸ
943 3377 1199 3453 συμόιοῦν
1226 3377 1642 3456 κατειλεγμένον.

135 3457 210 3517 Ἐν
231 3468 340 3537 γοῦν
359 3467 462 3532 τοῖς
477 3467 730 3533 παλαιοῖς
753 3466 927 3541 νόμοις
958 3468 1012 3523 αἱ
1038 3465 1280 3523 πλεῖσται
1309 3468 1411 3523 τῶν
1433 3465 1633 3524 πόλεων

135 3544 194 3601 ἔτι
210 3548 289 3605 καὶ
314 3551 535 3631 τήμερον
562 3560 674 3619 ταῖς
709 3553 1067 3623 ἐντιμοτάταις
1097 3552 1285 3632 ἀρχαῖς
1306 3552 1640 3629 συγκαταλέ-

133 3656 252 3707 γουσι
275 3642 601 3717 παρασίτους.
640 3667 664 3693 1·

197 3720 390 3804 ἄτιμον]
412 3732 487 3785 sic
516 3750 626 3805 pro
653 3731 876 3805 vulgata
908 3728 1113 3806 ἕτοιμον
1142 3730 1502 3786 scribendum
1532 3748 1648 3786 esse

139 3809 358 3870 viderunt
405 3818 697 3874 Pici-sonus
742 3818 816 3873 ad
851 3819 1017 3876 Moer.
1055 3837 1117 3892 p.
1180 3817 1290 3873 332
1335 3830 1391 3874 et
1441 3820 1644 3892 Coray.

137 3914 209 3967 ap.
242 3900 537 3979 Schweigh.
573 3906 645 3961 ad
676 3907 736 3960 h.
775 3906 813 3960 l.
858 3916 914 3961 et
948 3907 1225 3961 Prellerus
1270 3905 1342 3961 ad
1381 3906 1646 3961 Polemo-

140 4001 244 4039 nem
282 4007 334 4060 p.
372 4010 474 4046 120
497 4034 513 4061 ,
544 3993 643 4049 ubi
665 3993 782 4049 haec
806 4009 821 4055 z
862 4016 885 4041 α
909 3993 1172 4049 Ceterum
1199 3992 1499 4049 Clearchus
1524 4011 1643 4048 uon

553 4159 601 4217 E
643 4156 873 4218 LIBRO
907 4158 1167 4218 Pntuo.

845 4289 891 4335 1.

193 4355 421 4410 Clearchus
448 4366 677 4427 Solensis,
710 4379 837 4415 nnus
868 4365 947 4415 ille
978 4377 1040 4415 ex
1076 4363 1341 4415 Aristotelis
1375 4362 1646 4426 discipulis,

147 4428 328 4482 vitarum
348 4437 464 4487 libro
481 4443 634 4504 primo
656 4441 821 4491 scribit
853 4442 957 4490 haec
987 4457 998 4489 :
1027 4459 1052 4483 «ι
1090 4443 1327 4491 Praeterea
1345 4443 1649 4502 parasitum

148 4512 254 4556 ”¹¹³⁰
284 4514 463 4573 quidem
498 4519 740 4569 bominem
778 4520 953 4569 vocant
974 4519 1118 4568 vilem
1155 4522 1204 4568 et
1230 4517 1506 4580 ignobilem,
1532 4517 1648 4566 olim

151 4594 242 4633 vero
257 4600 354 4638 eum
369 4594 447 4653 qui
470 4599 589 4646 esset
609 4596 670 4646 ad
694 4597 969 4647 convictum
991 4598 1258 4659 cooptatus.
1279 4596 1423 4645 certe
1446 4594 1648 4643 vetustis

151 4658 300 4720 '08³¹’OE
308 4669 529 4735 vleraeque
541 4675 759 4725 civitates
771 4712 787 4736 ,
805 4677 952 4737 atque
968 4674 1114 4724 etism
1134 4673 1194 4723 ad
1217 4674 1345 4723 hunc
1357 4673 1485 4722 diem
1503 4672 1647 4735 [non-

154 4737 294 4803 nunae]
314 4743 664 4800 honoratissimis
679 4748 1036 4813 magistratibus
1069 4748 1323 4798 accensent
1343 4746 1593 4797 parasitos.
1624 4766 1648 4788 ιι

511 4866 555 4924 Ε
597 4865 826 4925 LIBRO
867 4863 1236 4923 SECUNDO.

209 5030 437 5089 Euxitbeus
454 5044 810 5106 Pythagoricus,
840 4965 897 5094 {t
919 5045 986 5093 ait
1017 5042 1278 5094 Clearchus
1313 5039 1653 5103 Peripateticus

163 5109 336 5159 mundo
351 5114 460 5164 libro
481 5121 726 5182 vitarum,
759 5122 959 5184 illigatas
989 5119 1113 5169 dixit
1136 5131 1238 5168 esse
1268 5117 1454 5179 corpori
1482 5120 1531 5166 et
1551 5119 1650 5165 ter-

166 5191 269 5229 renae
288 5186 387 5239 vitae
415 5196 611 5260 animas,
649 5212 802 5260 ponuat.
831 5210 998 5246 caussa
1033 5217 1042 5244 :
1071 5200 1119 5246 et
1156 5195 1358 5245 edixisse
1393 5193 1563 5251 deum,
1603 5192 1649 5240 ni

3174 481 3284 531 30³

1749 593 1821 647 de
1846 594 2286 650 sacerdotalibus
2314 596 2421 650 illis
2444 597 2813 669 epulonibus,
2844 600 2915 654 de
2940 602 3142 672 quibus
3168 615 3295 656 sunt
3354 620 3371 637 x

1749 694 1932 736 cetera
1977 683 2225 736 Athenaei
2254 684 2568 737 testimonia
2603 682 2626 759 (
2656 703 2688 739 e
2744 687 3047 742 Polemone
3075 692 3246 761 petita
3274 694 3291 761 )

1748 769 1904 840 loqui
1932 769 2178 837 videtur,
2215 788 2412 825 verum
2438 771 2510 825 de
2540 772 2604 824 iis
2633 773 2728 843 qui
2754 774 2925 847 vulgo
2960 775 3295 829 dicebantur

1747 852 1981 911 ἀείσιτοι.
1998 855 2083 911 Cf.
2102 858 2412 911 Aristotelis
2430 859 2598 930 Resp.
2620 859 2821 915 Athen.
2836 860 2903 915 fr.
2920 868 2989 929 47
3006 861 3079 930 b.;
3094 862 3294 916 Thoin.

1746 944 1894 1017 Mag.
1939 962 2000 1016 p.
2036 942 2148 998 280
2185 943 2276 999 ed.
2311 945 2548 1014 Ritsch.,
2586 947 2776 1000 Moeris
2816 964 2874 1020 p.
2908 945 3019 1002 322
3061 950 3238 1004 Ρίεῐεε
3270 970 3283 1003 :

1747 1028 2102 1107 Παρασίτους,
2130 1027 2249 1096 τοὺς
2286 1029 2509 1108 δημοσίᾳ
2539 1029 2868 1106 σιτουμένους
2895 1034 2948 1089 ἐν
2984 1035 3058 1111 τῷ
3097 1056 3296 1112 πρυτα-

1745 1115 1863 1195 νείῳ
1893 1115 2145 1187 Ἀττικοί,
2176 1119 2366 1191 quales
2402 1129 2560 1173 erant
2600 1131 2802 1193 praeter
2838 1133 3102 1195 prytanes
3142 1124 3295 1196 lega·

1749 1215 1946 1277 tosque
1987 1204 2317 1279 peregrinos
2355 1205 2671 1262 sacerdotes
2709 1208 3005 1279 Eleusinii,
3047 1209 3156 1265 alii.
3206 1210 3291 1264 Cf.

1745 1293 1918 1365 Corp.
1942 1294 2148 1347 Inscrr.
2174 1311 2234 1348 n.
2273 1311 2381 1366 190
2402 1310 2547 1367 sqq.,
2578 1296 2990 1350 Westermann.
3023 1299 3108 1351 De
3131 1298 3294 1370 publ.

1744 1379 1950 1436 Athen.
1976 1380 2180 1435 honor.
2210 1377 2395 1455 (Lips.
2437 1379 2621 1454 1830)
2652 1399 2713 1454 p.
2742 1378 2815 1447 45
2846 1400 2971 1455 sqq.
3012 1408 3033 1429 υ

2164 1536 2209 1588 Ε
2251 1535 2475 1591 LIBRO
2516 1536 2869 1593 SECUNDO.

2490 1692 2548 1733 2.

1823 1802 1981 1859 Idem
2010 1804 2103 1875 1v,
2133 1823 2193 1878 p.
2228 1803 2425 1875 157,C
2450 1825 2461 1859 :
2496 1801 2733 1870 Εὖξίθεος
2762 1807 2789 1861 ὁ
2818 1804 3199 1883 Πυθαγορικὸς,
3226 1805 3295 1870 ὥς

1742 1910 1868 1967 φησι
1896 1886 2168 1968 Κλέαρχος
2189 1891 2217 1945 ὃ
2243 1887 2644 1967 περιπατητικὸς
2668 1891 2721 1947 ἐν
2740 1888 2962 1969 δευτέρῳ
2990 1889 3143 1961 Βίων,
3174 1891 3286 1948 ἕλε·

1740 1998 1826 2053 γεν
1857 1974 2145 2034 ἐνδεδέσθαι
2169 1979 2241 2056 τῷ
2272 1974 2476 2053 σώματι
2508 1976 2597 2033 καὶ
2621 1976 2695 2056 τῷ
2723 1976 2846 2054 τῇδε
2885 1975 2981 2056 βίῳ
3003 1976 3095 2043 τὰς
3121 1977 3293 2036 ἇπάν-

1740 2085 1844 2120 των
1870 2058 2042 2142 ψυχὰς
2077 2062 2330 2142 τιμωρίας
2369 2061 2541 2142 χάριν,
2574 2062 2664 2120 καὶ
2698 2058 2994 2122 διὲίπασθαι
3022 2064 3110 2122 τὸν
3142 2065 3251 2123 θεὸν
3271 2109 3286 2133 ,

1741 2151 1810 2213 ὡς
1829 2193 1846 2221 ,
1883 2151 1928 2205 εἰ
1956 2147 2030 2224 μὴ
2071 2155 2311 2225 μενοῦσιν
2339 2149 2425 2207 ἐπὶ
2453 2148 2651 2216 τούτοις
2670 2193 2690 2225 ,
2725 2149 2820 2216 ἕως
2848 2148 2909 2208 ἂν
2940 2149 3073 2208 ἑκὼν
3110 2151 3293 2217 αὐτοὺς

1739 2234 1894 2313 λύσῃ,
1912 2233 2097 2293 πλέοσι
2121 2236 2209 2293 καὶ
2229 2235 2455 2312 μείζοσιν
2472 2238 2821 2309 ἐμπεσοῦνται
2837 2237 2951 2295 τότε
2972 2237 3179 2312 λύμαις.
3198 2238 3294 2296 Διὸ

1741 2320 1966 2394 πάντας,
1995 2320 2404 2397 εὐλαὸουμένους
2427 2322 2521 2394 τὴν
2546 2325 2647 2381 τῶν
2673 2323 2864 2403 κυρίων
2891 2323 3162 2397 ἀνάτασιν,
3199 2348 3289 2401 φο-

1742 2408 1945 2465 ὅεῖσθαι
1975 2414 2066 2467 τοῦ
2092 2413 2183 2480 ζ’ῆν
2212 2408 2422 2475 ἑκόντας
2458 2409 2706 2480 ἐκὸἥναι,
2733 2409 2887 2486 μόνον
2926 2433 2982 2468 τε
3013 2410 3099 2468 τὸν
3128 2414 3182 2469 ἐν
3215 2414 3290 2490 τῷ

1738 2494 1874 2575 γήρᾳ
1895 2495 2115 2554 θάνατον
2144 2496 2415 2562 ἀσπασίως
2439 2494 2789 2575 προΐστασθαι
2821 2497 3156 2576 (προσίεσθαι
3183 2500 3293 2555 Ca-

1737 2585 1894 2644 saub.
1909 2589 1949 2655 )‚
1965 2583 2339 2661 πεπεισμένους
2356 2582 2451 2655 τὴν
2473 2583 2724 2641 ἀπόλυσιν
2740 2587 2831 2654 τῆς
2849 2586 3019 2664 ψυχῆς
3043 2582 3176 2660 μετὰ
3191 2587 3283 2653 τῆς

1738 2672 1840 2727 τῶν
1867 2668 2058 2747 κυρίων
2098 2669 2362 2747 γίγνεσθαι
2381 2669 2610 2747 γνώμης.

1819 2758 2123 2813 Euxitheus
2153 2759 2532 2833 Pythagoreus
2551 2759 2778 2814 aliunde
2801 2777 2919 2813 non
2945 2768 3129 2816 notus.
3151 2761 3291 2815 Pro-

1737 2844 1924 2900 babile
1963 2856 2044 2900 est
2083 2845 2326 2900 eundem
2359 2864 2473 2901 esse
2520 2857 2690 2918 atque
2716 2847 3081 2915 Dexitheum,
3122 2865 3290 2919 quem

1738 2932 1886 2986 inter
1909 2932 2157 2988 celebres
2188 2932 2567 3005 Pythagoreos
2594 2944 2873 2988 memorat
2895 2933 3186 2988 Iamblich.
3223 2935 3288 2990 V.

1739 3018 1901 3091 Pyth.
1930 3019 1964 3092 §
1994 3017 2107 3073 265
2132 3036 2259 3092 sqq.

1817 3226 1976 3282 Idem
1993 3226 2116 3296 XV,
2130 3246 2189 3301 p.
2211 3226 2346 3296 681,
2361 3228 2404 3284 C
2428 3247 2441 3281 z
2466 3225 2733 3305 Κλέαρχος
2752 3228 2799 3283 δ’
2818 3230 2870 3285 ἐν
2891 3226 3111 3305 δευτέρῳ
3133 3226 3288 3297 Βίων,

1738 3338 1763 3363 ι
1788 3310 1963 3391 Ὅρα,
2011 3311 2168 3391 φησὶ,
2235 3311 2352 3378 τοὺς
2402 3312 2462 3370 τὸ
2506 3312 2931 3388 κοσμοσάνδαλον
2981 3314 3284 3394 ἀνευρόντας

1738 3398 2063 3479 (ἀνείροντας
2083 3397 2135 3479 i’)
2161 3399 2631 3476 Λακεδαιμονίους,
2652 3399 2703 3458 οἳ
2722 3400 2809 3459 τὸν
2824 3401 3176 3459 παλαιότατον
3196 3405 3290 3471 τῆς

1737 3488 2007 3556 πολιτικῆς
2042 3485 2238 3562 κόσμον
2282 3487 2721 3563 συμπατήσαντες
2760 3487 3283 3567 ἐξετραχηλίσθησαν.

1741 3573 1937 3652 Διόπερ
1982 3574 2153 3639 καλῶς
2193 3572 2314 3651 περὶ
2354 3575 2524 3631 αὐτῶν
2575 3572 2779 3653 ιῖρηκιν
2831 3578 2860 3632 ὁ
2905 3572 3290 3655 κωμῳδιοποιὸς

1741 3657 2043 3739 Ἀντιφάνης
2070 3661 2123 3716 ἐν
2162 3659 2451 3739 Κιθαριστῇ
2469 3681 2480 3692 ·

1863 3798 1968 3848 οὐκ
1983 3798 2166 3860 emsa„
2179 3801 2226 3847 οι
2250 3799 2470 3855 Λάκωνες
2490 3802 2555 3856 ὡς
2572 3800 2824 3862 ἀπόρθητοι
2841 3814 2974 3861 m,

1857 3873 1938 3918 νῦν
1962 3870 2003 3918 δ’
2028 3870 2306 3932 ‘mmm’
2331 3870 2513 3933 ἔχοντες
2531 3876 2786 3934 πορφυροῦς
2818 3871 3161 3934 antomon„
3189 3895 3209 3914 ..

1735 3992 1821 4049 Cf.
1840 3994 2127 4049 AEschines
2145 3992 2352 4050 Contra
2369 3994 2786 4067 Ctesiphontem
2801 4013 2863 4069 p.
2885 4014 2956 4065 72
2972 4038 2988 4065 ,
3008 3994 3079 4050 33
3094 3997 3285 4069 Steph.

1738 4160 1967 4207 maneant
2003 4157 2051 4206 in
2079 4158 2152 4207 his
2177 4158 2330 4206 donec
2366 4156 2466 4221 ipse
2507 4158 2636 4207 ultro
2668 4170 2751 4207 eos
2778 4157 3050 4219 liberasset,
3089 4160 3189 4207 t'ore
3230 4160 3285 4207 ut

1736 4234 1787 4282 in
1813 4234 1953 4298 plura
1983 4232 2094 4285 dein
2123 4234 2438 4298 gravioraque
2476 4234 2602 4283 mala
2639 4233 2865 4283 incidant.
2895 4239 3055 4293 Quare
3094 4249 3288 4295 omnes,

1737 4313 1912 4361 veritas
1929 4311 2233 4360 dominorum
2251 4312 2407 4361 minas
2425 4311 2556 4371 illas,
2581 4322 2749 4360 cavere
2768 4324 2827 4360 ne
2843 4314 3011 4373 sponte
3027 4312 3125 4361 vita
3147 4325 3289 4359 exec-

1736 4386 1855 4438 dant
1888 4390 1939 4437 et
1968 4388 2120 4439 solam
2159 4388 2209 4437 in
2248 4389 2496 4437 senectute
2527 4390 2732 4437 mortem
2763 4386 2966 4436 libenter
3001 4387 3288 4446 admittere,

1736 4478 1985 4529 pei-simos
2018 4467 2149 4516 illam
2176 4466 2347 4516 animas
2377 4465 2708 4517 liberationem
2735 4478 2798 4515 ex
2833 4465 3141 4515 dominorum
3185 4466 3286 4514 lieri

1736 4544 1998 4593 voluntate.

1800 4714 2061 4765 clearchus
2098 4713 2310 4763 secundo
2349 4714 2471 4763 libro
2511 4715 2733 4764 Vitat-um
2788 4735 2800 4764 :
2844 4733 2869 4757 κ
2911 4714 3062 4775 Vide,
3108 4714 3284 4777 lnquit,

1736 4790 2149 4852 Lacedaemonios,
2186 4791 2299 4852 qui,
2336 4794 2591 4853 postquam
2639 4791 3057 4841 cosmosandalum
3093 4791 3289 4841 invene-

1741 4871 1884 4929 runt,
1912 4868 2193 4917 conculcato
2230 4867 2564 4930 antiquissimo
2591 4867 2980 4918 administrandae
3017 4867 3291 4931 reipublicm

1737 4950 1939 5009 ornatu,
1970 4946 2242 5010 praecipites
2280 4949 2498 4995 ructum.
2528 4950 2686 5005 Quare
2714 4947 2966 4996 commode
2992 4947 3040 4995 ln
3060 4960 3140 4995 eos
3169 4946 3292 4994 dixit

1739 5027 1948 5078 comicus
1969 5027 2259 5090 Antiphanes
2281 5026 2331 5074 in
2349 5026 2603 5076 citharista
2624 5040 2636 5073 ε

1794 5133 1957 5176 Nonne
1974 5130 2285 5186 superbiebant
2300 5130 2406 5173 olim
2428 5128 2749 5173 Lacedaemonii
2763 5129 2884 5183 ‹piasl
2901 5127 3284 5183 inexpugnabiles,

1796 5202 1923 5244 Nunc
1952 5210 2060 5243 vcro
2076 5199 2275 5243 serviunt
2296 5201 2475 5241 utentes
2491 5197 2725 5252 perplui-is
2744 5194 2973 5240 reticulis?
3004 5212 3021 5234 ι
