3900 6042
512 498 545 539 Χ
556 499 639 540 Kx

1189 476 1283 532 El(
1329 474 1485 532 ἹΊΙΣ
1530 473 1891 532 ΙΣΤΟΡΙΑΣ
1933 468 2322 530 nonium·
2365 468 3035 528 ΜΕΓΑΛΟΠΟΑΙΤΟΥ.

510 611 761 688 ὑπάρχειν
794 604 1157 684 Ἀγαθοκλέους
1182 604 1311 683 πρὸς
1339 613 1443 661 πᾶν
1470 602 1544 661 ἔτι
1575 605 1773 679 μᾶλλον
1803 603 1911 677 (11),
1940 625 2066 658 πυν·
2155 612 2302 649 neum
2315 598 2676 660 wunebaldum
2699 612 2813 648 vero
2836 597 3525 661 comperiebatctquibusipse
3543 610 3722 661 praes·

509 700 787 772 θανόμενος
822 694 877 753 δὲ
906 693 997 752 καὶ
1038 694 1129 758 τὰς
1157 696 1242 770 ὑφ’
1270 690 1452 749 ἑαυτὸν
1480 688 1797 765 ταττομένας
1826 689 2068 763 δυνάμεις

510 786 601 843 καὶ
625 784 717 850 τὰς
736 783 871 841 κατὰ
896 782 990 850 τὴν
1012 778 1391 857 Ἀλεξάνδρειαν
1421 780 1503 837 ἐπ’
1535 777 1714 854 ἐκείνῳ
1736 776 1828 842 τὰς
1856 777 2069 841 ἐλπίδας

510 872 650 949 ἔχειν
676 876 765 928 τοῦ
806 866 1082 925 καταλύειν
1112 865 1208 937 τὴν
1233 863 1599 941 Ἀγαθοκλέους
1634 863 1801 943 ῧῧριν.
1886 860 2068 933 Οὔσης

508 959 564 1014 δὲ
595 958 713 1036 περὶ
741 955 894 1014 αὐτὸν
927 953 1036 1019 οἵας
1064 952 1248 1032 εἴρηκα
1284 952 1602 1029 διαλήψεως,
1637 953 1840 1031 ταχέως
1875 949 1942 1009 τὰ
1975 955 2067 1022 τῆς

510 1047 762 1124 διαφορᾶς
817 1042 1031 1111 αὔξησιν
1082 1041 1237 1099 ἔλαὸε
1255 1085 1271 1111 ,
1328 1039 1704 1116 συνεργούντων
1762 1037 2067 1118 ἀμφοτέροιν

508 1134 638 1209 πρὸς
666 1133 760 1202 τὴν
785 1130 1027 1200 τοιαύτην
1048 1128 1309 1187 ὑπόθεσιν.
1393 1127 1457 1187 Ὁ
1483 1126 1577 1204 μὲν
1596 1126 1698 1204 γὰρ
1721 1127 2067 1201 Τληπόλεμος

511 1219 848 1288 ἐξιδιάζεσθαι
877 1218 1112 1275 σπεύδων
1136 1214 1253 1282 τοὺς
1278 1215 1533 1292 ἡγεμόνας
1557 1215 1645 1273 καὶ
1673 1213 1955 1292 ταξιάρχας
1977 1213 2068 1271 καὶ

508 1306 627 1372 τοὺς
661 1308 747 1365 ἐπὶ
773 1304 965 1364 τούτων
1000 1306 1089 1380 (15)
1130 1301 1501 1378 ταττομένους,
1527 1304 1714 1377 συνῆγε
1741 1300 1926 1365 πότους
1956 1301 2066 1356 ἐπι·

510 1397 682 1469 μελῶς
700 1439 713 1464 ,
739 1392 829 1451 καὶ
852 1392 997 1469 παρὰ
1025 1391 1117 1457 τὰς
1148 1388 1417 1457 συνουσίας
1444 1389 1509 1446 τὰ
1540 1390 1634 1466 μὲν
1677 1387 1778 1446 ὑπὸ
1814 1389 1916 1444 τῶν
1944 1384 2071 1463 πρὸς

508 1480 663 1558 χάριν
690 1479 942 1554 λεγόντων
972 1477 1352 1553 ἐκκηλούμενος
1382 1479 1500 1552 (lc),
1528 1476 1594 1533 τὰ
1622 1477 1674 1534 δὲ
1705 1474 1803 1533 ὑπὸ
1826 1477 1917 1543 τῆς
1939 1473 2072 1538 ἰδίας

513 1571 693 1645 δρμῆς,
712 1568 803 1624 ἅτε
821 1566 927 1631 νέος
948 1563 1020 1623 ὢν
1040 1566 1126 1623 καὶ
1145 1562 1290 1644 παρὰ
1306 1564 1392 1622 τὸν
1413 1556 1545 1623 οἶνον
1561 1562 1837 1640 γενομένης
1851 1565 1942 1630 τῆς
1962 1564 2070 1635 δμι·

512 1656 647 1725 λίας,
674 1655 901 1734 ἐρρίπτει
920 1653 1102 1732 λόγους
1120 1652 1258 1712 κατὰ
1278 1658 1373 1723 τῆς
1395 1652 1699 1729 συγγενείας·
1716 1655 1807 1720 τῆς
1825 1652 1927 1707 τῶν
1952 1649 2071 1727 περὶ

510 1744 597 1800 τὸν
623 1742 967 1818 Ἀγαθοκλέα,
986 1740 1078 1806 τὰς
1103 1740 1196 1816 μὲν
1220 1737 1384 1817 ἀρχὰς
1404 1736 1799 1816 αἰνιγματώδεις
1815 1782 1831 1811 ,
1854 1727 1945 1794 εἶτ’
1971 1738 2073 1810 ἅμ·

515 1830 789 1909 φιὸόλους,
820 1829 879 1887 τὸ
911 1830 965 1887 δὲ
994 1829 1288 1887 τελευταῖον
1318 1826 1670 1906 ἐκφανεῖςῇκαὶ
1697 1824 1792 1895 τὴν
1820 1824 2071 1902 πικροτά-

511 1940 604 1988 την
632 1917 845 1994 ἔχοντας
888 1915 1164 1992 λοιδορίαν·
1201 1915 1437 1992 ἐπεχεῖτο
1485 1915 1574 1991 (17)
1616 1911 1716 1989 γὰρ
1760 1918 1850 1971 τοῦ
1888 1917 2072 1991 θρανο-

511 2006 710 2083 γράφου
735 2004 825 2060 καὶ
847 2007 938 2073 τῆς
962 2001 1386 2079 καλλωπιστρίας
1430 2002 1517 2076 (18)
1557 2001 1644 2057 καὶ
1683 2004 1772 2071 τῆς
1813 1999 2071 2079 κουρίδος,

515 2092 589 2149 ἔτι
610 2092 663 2149 δὲ
688 2097 779 2148 τοῦ
796 2089 1070 2167 παιδαρίου
1095 2094 1186 2147 τοῦ
1209 2088 1384 2146 πάντα
1408 2088 1751 2159 πεποιηκότος
1774 2087 1863 2144 καὶ
1885 2111 2074 2145 πεπον-

515 2177 657 2243 θότος
675 2176 821 2255 παρὰ
841 2176 955 2242 τοὺς
973 2175 1181 2251 πότους,
1203 2174 1288 2234 ὅτε
1313 2174 1529 2255 ᾠνοχόει
1550 2176 1703 2255 τῷ(“)
1727 2177 1935 2252 βασιλεῖ
1952 2183 2074 2240 παῖς

518 2262 613 2325 ὤν.
700 2263 824 2323 Ἐπὶ
849 2262 903 2321 δὲ
931 2262 1129 2330 τούτοις
1152 2262 1234 2320 ἀεὶ
1264 2266 1365 2320 τῶν
1385 2262 1762 2341 συμπαρόντων
1783 2259 2073 2338 γελώντων,

515 2353 606 2411 καὶ
638 2350 1082 2427 συμὸαλλομένων
1101 2374 1151 2408 τι
1173 2348 1298 2429 πρὸς
1316 2350 1402 2408 τὸν
1426 2348 1749 2429 χλευασμὸν,
1778 2347 1980 2427 ταχέως
2008 2351 2077 2415 εἰς

516 2437 631 2504 τοὺς
678 2440 798 2518 περὶ
845 2438 928 2496 τὸν
975 2437 1291 2514 Ἀγαθοκλέα
1338 2436 1398 2495 τὸ
1458 2445 1678 2516 πρᾶγμα
1722 2435 2072 2514 παρεγενήθη.

518 2525 813 2599 Γενομένης
848 2526 891 2584 δ’
920 2526 1107 2604 ἔχθρας
1130 2524 1541 2603 ὀμολογουμένης
1561 2570 1577 2599 ,
1607 2522 1789 2590 εὐθέως
1817 2528 1844 2581 ὁ
1873 2523 2080 2600 Ἀγαθο-

517 2614 644 2683 κλῆς
670 2612 917 2683 διαὸολὴν
961 2616 1136 2688 εἰσῆγε
1163 2612 1299 2670 κατὰ
1330 2615 1419 2668 τοῦ
1447 2609 1828 2686 Τληπολέμου,
1862 2610 2075 2690 φάσκων

520 2701 675 2758 αὐτὸν
699 2700 1052 2780 ἄλλοτριάζειν
1084 2705 1176 2758 τοῦ
1209 2697 1462 2777 βασιλέως
1492 2698 1581 2756 καὶ
1610 2699 1787 2756 καλεῖν
1814 2697 2073 2777 Ἀντίοχον

520 2789 607 2844 ἐπὶ
638 2787 704 2844 τὰ
732 2788 1048 2866 πράγματα·
1072 2786 1163 2845 καὶ
1190 2784 1388 2852 πολλὰς
1412 2789 1484 2853 εἰς
1507 2793 1657 2844 τοῦτο
1695 2786 1757 2845 τὸ
1793 2784 1947 2863 μέρος
1976 2787 2075 2855 ηὐ-

517 2874 667 2949 πόρει
693 2874 1066 2943 πιθανότητας,
1094 2873 1183 2938 τὰς
1214 2872 1309 2948 μὲν
1334 2875 1392 2931 ἐκ
1415 2877 1516 2931 τῶν
1546 2873 1937 2949 συμὸαινόντων
1971 2894 2074 2927 πα-

521 2959 889 3038 ρεκδεχόμενος
935 2960 1026 3016 καὶ
1071 2958 1410 3038 διαστρέφων,
1456 2958 1547 3027 τὰς
1591 2959 1645 3017 δὲ
1681 2962 1739 3017 ἐκ
1779 2957 2079 3027 καταδολῆς

521 3045 767 3103 πλάττων
810 3045 898 3103 καὶ
945 3046 1318 3113 διασκευάζων.
1404 3049 1455 3105 Τ
1457 3051 1588 3103 αὔτα
1618 3048 1663 3103 δ’
1698 3045 1860 3103 ἐποίει
1895 3044 2080 3124 βουλό-

523 3155 670 3207 μενος
715 3133 781 3189 τὰ
823 3132 999 3202 πλήθη
1037 3130 1339 3211 παροξύνειν
1378 3131 1523 3191 κατὰ
1572 3138 1660 3193 τοῦ
1699 3131 2081 3210 Τληπολέμου·

524 3219 792 3279 συνέὸαινε
818 3220 871 3277 δὲ
896 3220 1208 3281 τούναντίον.
1292 3220 1472 3279 Πάλαι
1495 3225 1595 3301 γὰρ
1620 3221 1705 3280 ἐπὶ
1735 3225 1808 3301 τῷ
1839 3243 2081 3301 προειρη-

525 3308 666 3387 μένῳ
693 3306 784 3372 τὰς
827 3309 1050 3373 ἐλπίδας’
1072 3306 1277 3387 ἔχοντες
1317 3311 1363 3366 οἱ
1404 3308 1587 3368 πολλοὶ
1628 3308 1717 3367 καὶ
1764 3306 1878 3366 λίαν
1920 3307 2083 3378 ἡδέως

520 3395 697 3473 ἑώρων
722 3393 1062 3470 ἐκκαιομένην
1102 3392 1192 3465 τὴν
1224 3396 1492 3477 διαφοράν.
1579 3393 1814 3471 Ἐγένετο
1843 3396 1886 3452 δ’
1915 3399 1948 3465 ἡ
1983 3417 2080 3451 κα-

520 3482 692 3560 ταρχὴ
724 3487 811 3539 τοῦ
855 3480 975 3560 περὶ
1005 3482 1071 3539 τὰ
1113 3482 1287 3556 πλήθη
1334 3482 1617 3554 κινήματος
1670 3484 1762 3559 (19)
1807 3481 1892 3541 διά
1938 3506 2084 3549 τινας

522 3570 765 3636 τοιαύτας
794 3569 981 3641 αἰτίας.
1068 3569 1245 3630 Νίκων
1280 3572 1370 3646 (20)
1399 3574 1425 3628 ὁ
1450 3568 1700 3648 συγγενὴς
1720 3574 1822 3629 τῶν
1847 3570 1967 3650 περὶ
1994 3570 2081 3627 τὸν

2154 708 2412 770 set,etqui
2431 706 2733 757 Alexandriae
2750 703 3170 766 degerentmilites
3191 703 3358 764 inipso
3380 716 3489 766 spes
3508 704 3574 754 de
3591 719 3724 755 com·

2153 818 2386 881 pescenda
2406 816 2674 880 Agathoclis
2686 814 2938 864 insolentia
2955 814 3186 876 repositas
3204 814 3395 863 babere.
3414 815 3550 864 Talia
3567 829 3726 878 quun

2153 929 2353 991 agitaret
2408 927 2603 977 consilia
2615 963 2630 988 ,
2665 938 2777 975 mox
2815 926 2865 974 iu
2915 927 3073 987 majus
3101 926 3301 974 auctum
3341 924 3592 975 dissidium
3624 928 3724 985 est,

2153 1053 2240 1090 sua
2281 1043 2486 1102 utroque
2519 1039 2580 1087 ad
2623 1039 2717 1087 boc
2753 1037 3103 1087 contribuente.
3139 1040 3262 1087 Nam
3277 1038 3585 1099 Tlepolemus
3626 1039 3720 1088 du·

2154 1172 2261 1219 cos,
2284 1156 2589 1206 centuriones
2623 1158 2903 1216 ceterosque
2923 1152 3150 1202 ordinum
3179 1154 3434 1216 praefectos
3464 1154 3727 1203 conciliare

2154 1267 2243 1317 sibi
2262 1266 2458 1317 studens
2473 1267 2533 1316 ad
2553 1265 2931 1328 compotationes
2955 1264 3122 1314 scdulo
3149 1265 3481 1325 convocabat,
3515 1268 3567 1315 et
3599 1267 3725 1315 inter

2156 1378 2564 1427 confabulationes
2592 1376 2768 1439 partim
2785 1376 2848 1426 ab
2867 1377 3242 1425 assentatoribus
3271 1377 3512 1426 excitatus
3548 1378 3726 1440 partim

2155 1502 2243 1539 suo
2266 1489 2453 1551 ingenio
2467 1488 2716 1550 indulgens
2736 1487 2942 1550 (quippe
2960 1487 3188 1549 juvenilis
3200 1487 3360 1537 adbuc
3377 1490 3538 1539 oetatis
3555 1492 3663 1540 erat
3679 1492 3730 1540 et

2157 1601 2218 1650 ad
2241 1602 2413 1664 pocula
2434 1614 2678 1651 sermones
2702 1601 3080 1662 nectebantur),
3110 1601 3311 1650 dicteria
3334 1602 3545 1664 jaciebat
3574 1604 3625 1652 in
3654 1604 3725 1652 t'a·

2158 1711 2336 1759 miliam
2356 1710 2628 1772 Agathoclis
2655 1710 2864 1772 primum
2880 1710 3183 1772 obscuriora,
3205 1724 3322 1760 mox
3339 1713 3596 1774 ambigua,
3619 1716 3730 1763 tan-

2157 1820 2266 1869 dem
2286 1822 2452 1882 aperta
2469 1821 2520 1867 et
2537 1818 2828 1868 acerbissimi
2851 1819 2992 1880 plena
3011 1819 3235 1867 convicii.
3256 1819 3335 1868 Sic
3358 1820 3528 1881 pocula
3552 1822 3731 1884 imple·

2159 1931 2244 1979 bat
2273 1928 2591 1990 ebibebatque
2617 1928 2666 1976 in
2691 1928 2922 1977 honorem
2958 1927 3155 1990 pictoris
3173 1928 3408 1989 parietum
3439 1932 3490 1980 et
3512 1932 3733 1982 mulieris

2158 2038 2399 2087 comtricis
2420 2041 2470 2087 et
2500 2038 2768 2097 tonstricis‚
2795 2050 2939 2099 porro
2961 2037 3012 2085 in
3051 2037 3284 2087 bonorem
3311 2040 3479 2101 pueri,
3525 2043 3619 2104 qui
3656 2055 3732 2092 re·

2159 2152 2229 2213 gis
2252 2150 2301 2199 in
2322 2147 2762 2211 compotationibus
2798 2148 3025 2208 pincerna
3055 2148 3175 2196 nibil
3217 2161 3314 2198 non
3342 2150 3508 2199 feccrit
3529 2151 3736 2214 fierique

2165 2259 2255 2310 sibi
2279 2272 2445 2321 passus
2464 2258 2545 2307 sit.
2582 2261 2699 2307 llaec
2729 2270 2881 2320 quum
2919 2257 3016 2306 risu
3050 2259 3268 2307 convivoe
3290 2260 3577 2322 exciperent
3599 2266 3651 2312 et
3676 2262 3736 2312 de

2163 2382 2250 2418 suo
2272 2368 2453 2432 aliquid
2476 2366 2766 2417 cavillationi
2785 2366 3076 2429 adjicerent,
3110 2368 3207 2417 cito
3226 2369 3286 2418 ad
3309 2372 3628 2432 Agathoclem
3663 2389 3736 2424 res

2163 2479 2391 2541 pervenit.
2412 2478 2655 2535 Quoniam
2679 2476 2823 2539 igitur
2848 2476 2897 2524 in
2926 2477 3142 2525 confesso
3165 2477 3386 2528 simultas
3407 2482 3542 2541 erat,
3569 2484 3734 2533 statim

2163 2580 2446 2643 Agathocles
2471 2579 2754 2629 calumniari
2786 2579 3120 2641 Tlepolemum
3145 2582 3322 2643 coepit,
3358 2582 3593 2637 dictitans
3627 2600 3735 2638 eum

2162 2701 2192 2736 a
2215 2700 2324 2749 rege
2346 2687 2560 2736 alienum
2583 2698 2686 2735 esse
2719 2687 2770 2735 et
2801 2685 3094 2736 Antiochum
3129 2687 3193 2736 ad
3223 2702 3426 2750 reguum
3468 2704 3732 2745 arcessa-e.

2164 2804 2231 2850 Ac
2242 2798 2466 2849 multaad
2483 2771 2869 2861 persuadendum
2883 2800 3166 2859 argumenta
3189 2797 3237 2847 in
3257 2802 3482 2862 promptu
3505 2801 3735 2863 babebat,

2164 2924 2276 2974 quae
2299 2912 2374 2961 vel
2393 2924 2454 2959 ex
2475 2910 2532 2959 iis
2545 2921 2657 2972 quae
2677 2920 2845 2958 revera
2861 2906 3145 2957 accidebant
3160 2908 3492 2971 detorquendo
3510 2912 3736 2972 eruebat,

2166 3021 2242 3070 vel
2260 3034 2287 3069 a
2311 3020 2624 3070 fundamento
2637 3019 2736 3082 ipse
2749 3015 3050 3079 contingebat
3064 3016 3446 3081 adornabatque.
3463 3020 3736 3068 Consilium

2167 3139 2282 3176 vero
2304 3130 2432 3189 erat,
2457 3129 2511 3176 ut
2524 3128 2593 3177 sic
2614 3126 2975 3176 multitudinem
2999 3128 3166 3176 contra
3187 3126 3518 3188 Tlepolemum
3540 3140 3738 3177 exacer-

2167 3229 2339 3279 baret:
2368 3233 2419 3279 at
2435 3231 2730 3279 contrarium
2755 3243 2958 3292 prorsus
2990 3229 3168 3279 evenit.
3207 3232 3328 3280 Nam
3371 3230 3576 3292 vulgus,
3611 3231 3737 3293 quod

2165 3332 2264 3394 jam
2283 3331 2468 3381 dudum
2487 3332 2534 3382 in
2561 3331 2836 3394 Tlepolemo
2866 3345 2973 3395 spes
3007 3332 3356 3393 collocaverat,
3395 3332 3629 3382 lubenter
3654 3333 3738 3382 ad·

2170 3436 2370 3485 modum
2387 3435 2778 3486 exardescentem
2796 3436 2937 3485 istam
2950 3436 3246 3486 simultatem
3260 3436 3521 3498 spectabat,
3545 3438 3739 3487 luitium

2171 3553 2287 3589 vero
2309 3540 2471 3588 motus
2494 3539 2659 3601 populi
2695 3539 2878 3588 sactum
2903 3540 2978 3588 est
3007 3538 3072 3588 ob
3098 3552 3266 3588 causas
3285 3538 3578 3601 hujusmodi.
3601 3542 3739 3600 Nico,

524 3655 837 3733 Ἀγαθοκλέα
855 3702 872 3731 ,
902 3660 1087 3724 ζῶντος
1116 3656 1191 3714 ἔτι
1219 3662 1310 3715 τοῦ
1339 3657 1593 3735 βασιλέως
1616 3657 1998 3732 καθεστάμενος
2021 3650 2083 3728 ἦν
2172 3645 2327 3695 affini⁸
2353 3644 2655 3706 Ass³²¹¹⁰⁰¹532
2678 3658 2787 3705 “³80
2804 3645 3085 3707 superstite,
3109 3645 3245 3694 ⁰¹⁸⁸*
3268 3645 3522 3707 P‘aesoetffi
3545 3646 3739 3708 sumt,

521 3744 610 3801 ἐπὶ
634 3749 724 3801 τοῦ
748 3749 1010 3816 ναυτικοῦ,
1037 3743 1152 3802 τότε
1178 3743 1232 3802 δὲ
1253 3748 1357 3802 τῶν
1381 3745 1487 3799 ’“*.
2174 3752 2293 3799 tunc
2311 3750 2545 3798 vero'**.

598 3921 668 3966 14.
690 3918 779 3966 ἔτι
805 3920 988 3980 μᾶλλο
1002 3919 1060 3981 ν]
1091 3920 1170 3969 Sic
1192 3919 1361 3969 codex.
1384 3923 1506 3976 Qum
1528 3920 1567 3969 si
1592 3932 1705 3969 sana
1732 3922 1862 3979 sunt,
1882 3918 2035 3967 scribe
2057 3920 2166 3981 πρὸς
2184 3922 2296 3977 πᾶν,
2321 3916 2387 3965 ἔτι
2416 3918 2586 3979 μᾶλλον
2612 3915 2661 3963 δὲ
2683 3916 3020 3978 πυνθανόμενος
3038 3916 3138 3964 κτλ.
3162 3918 3382 3966 Attamen
3402 3921 3636 3980 corrupta
3660 3933 3743 3983 po·

520 3987 620 4034 tius
643 4000 743 4035 esse
777 3986 891 4035 mihi
914 3987 1153 4049 videntur,
1190 3988 1614 4050 reponendumque
1636 4007 1649 4037 z
1675 3989 1785 4050 πρὸς
1810 3989 1943 4036 πᾶνό
1970 4007 2013 4038 τι
2036 3989 2215 4050 μέλλον.
2244 4017 2307 4028 -
2340 3992 2410 4035 15.
2442 3987 2534 4034 ἐπὶ
2558 3984 2812 4047 τούτων]
2832 3985 3134 4034 scribendum
3163 3987 3320 4047 potius
3337 3986 3412 4035 ἐπὶ
3429 3988 3641 4049 τούτοις,
3661 4003 3740 4039 cos

525 4060 615 4117 qui
643 4060 760 4119 post
785 4058 1090 4106 taxiarchas
1121 4059 1287 4107 locum
1313 4060 1571 4113 obtinent,
1609 4059 1945 4120 ἑκατοντάρχας
1971 4062 2061 4106 etc.
2092 4084 2155 4093 —
2183 4064 2256 4106 16.
2279 4055 2507 4118 ἑκκηλ.]
2531 4057 2657 4113 ἐκηλ.
2689 4055 2859 4103 codex.
2890 4058 3115 4104 Ceterum
3147 4053 3336 4105 dubites
3374 4069 3436 4104 an
3474 4069 3573 4105 non
3596 4059 3742 4109 suerit

525 4126 842 4187 ἐπαινούμενος
856 4164 869 4185 ,
885 4139 979 4174 vox
1000 4128 1120 4175 bene
1142 4133 1272 4176 nota.
1294 4132 1474 4178 Contra
1495 4129 1694 4178 verbum
1714 4129 1917 4186 ἐκκηλέω
1936 4140 2170 4189 nusquam
2186 4163 2199 4185 ,
2219 4129 2453 4188 quantum
2472 4123 2589 4182 scio,
2607 4125 2843 4181 occurrit,
2865 4124 2951 4173 nisi
2975 4124 3104 4187 quod
3127 4126 3253 4185 apud
3276 4126 3566 4186 “esychium
3593 4146 3608 4176 τ
3635 4129 3741 4185 ἕξει

522 4198 866 4258 κελὲμησεν,
888 4197 1146 4255 ἐξηύλησεν,
1164 4200 1353 4258 ἐθελξεν,
1388 4200 1698 4249 casaubonus
1716 4199 1877 4262 reponi
1910 4200 2017 4248 vult
2044 4199 2327 4256 ἐξεκήλησεν.
2366 4226 2429 4239 -
2464 4200 2535 4244 17.
2558 4193 2860 4257 ἑπεχεῖτο]
2888 4194 3072 4243 dictum
3105 4198 3204 4253 est,
3221 4197 3276 4243 ut
3304 4196 3636 4257 ἐπιχεομένους
3655 4204 3740 4247 τοῦ

518 4267 791 4328 Δημητρίου
830 4280 905 4328 ap.
936 4267 1255 4328 Pliylarclium
1278 4268 1328 4315 in
1366 4268 1535 4316 Athen.
1568 4268 1789 4328 Deipnos.
1822 4271 1916 4328 Vl,
1947 4284 1993 4331 p.
2021 4276 2129 4330 261,
2153 4272 2216 4327 Β,
2241 4282 2327 4329 pro
2348 4266 2523 4328 quibus
2552 4266 2836 4315 Plutarchus
2863 4266 2910 4313 in
2936 4267 3147 4314 Demetr.
3172 4271 3231 4313 25
3260 4266 3529 4328 εέπιχύσεις
3555 4268 3738 4329 lapsa-

518 4351 684 4388 νοντας
713 4334 990 4397 Δημητρίου.
1023 4339 1092 4384 De
1113 4349 1231 4384 voce
1257 4337 1561 4398 θρανογράφος
1585 4336 1835 4397 bucusque
1858 4350 1916 4385 cx
1948 4352 2044 4385 nno
2075 4338 2323 4386 constabat
2345 4335 2604 4397 Hesychia,
2637 4336 2720 4397 qui
2748 4336 3081 4398 θρανογράφους
3104 4347 3204 4384 esse
3226 4334 3342 4384 dicit
3366 4338 3474 4392 τοὺς
3501 4337 3739 4401 εὐπρεπεῖς

516 4405 871 4466 τοιχογράφους.
903 4406 1097 4466 Proprie
1113 4410 1225 4456 sunt
1245 4408 1450 4467 pictores
1471 4407 1552 4469 qui
1575 4406 1814 4455 coloribus
1831 4410 2006 4456 ornant
2027 4409 2131 4462 τοὺς
2152 4407 2367 4469 θράνους,
2391 4406 2422 4453 i.
2447 4418 2494 4455 e.
2513 4419 2610 4454 sec.
2634 4405 2878 4454 Pollucem
2897 4407 2966 4465 Χ,
2988 4410 3077 4465 49,
3102 4403 3161 4452 τὰ
3183 4405 3292 4459 ξύλα
3309 4408 3370 4453 τὰ
3400 4409 3739 4458 κατακλείοντα

518 4476 630 4526 ’τοὺς
648 4474 901 4529 πλινθίνους
920 4475 1122 4536 τοίχους.
1148 4501 1209 4510 -
1243 4479 1316 4523 18.
1337 4474 1835 4536 καλλωπιστρίας]
1854 4476 1920 4524 sic
1941 4476 2104 4538 scripsi
2129 4489 2216 4537 pro
2242 4478 2350 4525 cod.
2372 4477 2762 4539 ἁμμουνκιστρίας
2778 4512 2793 4536 ,
2820 4489 3113 4539 quamquam
3138 4487 3233 4523 non
3263 4476 3427 4525 del’ore
3458 4490 3628 4539 spem,
3653 4480 3738 4541 qui

520 4542 685 4588 nescio
716 4555 860 4602 quani
890 4543 1132 4592 Ammonis
1156 4544 1418 4591 ministram
1443 4543 1777 4606 expiscandam
1821 4558 1923 4593 esse
1967 4549 2152 4607 putent.
2179 4572 2240 4581 —
2270 4548 2295 4572 *
2321 4547 2571 4609 ᾠνοχόει
2593 4552 2669 4608 τῷ
2689 4547 2707 4610 ]
2725 4546 2875 4595 codex
2904 4548 3155 4610 ᾠνοχοεῖτο
3193 4572 3254 4581 -
3281 4553 3353 4596 19.
3380 4549 3735 4615 κινήματος]

519 4614 773 4672 νικήματος
788 4612 957 4661 codex.
976 4639 1040 4649 —
1058 4621 1136 4665 20.
1158 4612 1374 4675 Νίκων]
1403 4617 1566 4662 Exstat
1580 4613 1722 4673 liujus
1739 4614 1930 4663 Niconis
1948 4615 2128 4665 mentio
2140 4616 2190 4665 in
2209 4616 2348 4666 editis
2366 4616 2386 4679 (
2402 4619 2504 4678 XV,
2526 4622 2584 4667 33
2598 4653 2611 4678 ,
2629 4618 2711 4679 7),
2727 4616 2805 4665 ubi
2825 4629 2921 4665 una
2938 4628 3050 4665 cum
3067 4617 3221 4665 matre
3239 4616 3513 4676 Agathoclis
3527 4621 3581 4667 et
3603 4631 3738 4669 som·

521 4679 663 4727 ribus
674 4681 963 4744 reliquisque
984 4685 1195 4745 cognatis
1210 4696 1239 4731 a
1261 4683 1401 4745 plebe
1422 4683 1684 4732 trucidatus
1705 4683 2013 4735 essedicitur.
