3900 6042
1450 436 1942 498 PRAGMENTA.
3163 454 3275 506 249

92 578 276 630 venet.
310 583 393 628 αἱ
426 590 441 625 :
472 568 608 648 Περὶ
635 571 922 644 μουσικῶν,
952 571 1042 624 cui
1070 566 1398 624 Dindorfius
1419 569 1640 648 addidi-t
1728 572 1899 643 possit
1926 570 2255 625 Plutarchus
2292 572 2422 624 Nou
2451 588 2610 642 posse
2637 590 2789 628 suav.
2822 590 2932 626 vivi
2960 593 3070 631 sec.
3120 577 3276 648 Epic.

95 679 281 716 vocem
319 655 566 733 ἀγώνων.
606 661 671 714 ln
713 657 931 712 Aldinis
970 667 1049 735 est
1076 652 1209 733 Περὶ
1241 656 1507 729 μουσικῆς.
1548 656 1631 713 cf.
1728 675 1789 729 p.
1830 657 1997 730 1096,
2025 658 2097 723 B,
2128 656 2227 710 ubi
2251 656 2367 710 haec
2402 676 2414 710 ε
2453 657 2608 721 Ποῒος
2635 653 2734 734 γὰρ
2763 653 2826 713 ἂν
2853 656 3007 723 αὐλὸς
3031 657 3065 727 ἢ
3094 658 3281 737 κιθάρα

98 748 157 802 fr.
190 745 283 807 43.

164 833 350 886 Partes
376 830 550 901 hujus
576 831 761 902 operis
786 829 1060 902 designari
1087 837 1224 902 puta
1256 829 1428 883 titulis
1458 846 1471 881 t
1506 824 1639 904 Περὶ

96 918 437 974 Διονυσιακῶν
505 913 748 991 ἀγώνων,
808 912 1206 982 Παναθηναϊκὸς
1263 914 1381 987 (sc.
1430 911 1567 988 ἀγών
1595 912 1641 991 ),

101 1000 435 1077 Ὀλυμπικός.

825 1092 917 1160 45.

230 1192 463 1273 ’ΠΕΡΙ
509 1211 1041 1287 ΔιοΝΥΣιΑκΩΝ
1096 1211 1434 1270 Arason.

131 1370 143 1384 .
170 1333 351 1388 Schol.
378 1333 667 1406 Aristoph.
696 1335 837 1388 Avv.
875 1330 1019 1395 1403
1050 1346 1064 1385 ε
1089 1325 1422 1405 Ἀντίπατρος
1453 1326 1505 1384 δὲ
1553 1325 1642 1384 καὶ

110 1416 371 1497 Εὐφρόνιος
412 1420 467 1475 ἐν
520 1426 631 1484 τοῖς
669 1415 1045 1492 Ὑπομνήμασί
1089 1437 1216 1495 φασι
1254 1413 1372 1479 τοὺς
1408 1413 1643 1481 κυκλίους

109 1506 274 1583 χοροὺς
310 1508 509 1575 στῆσαι
548 1508 752 1581 πρῶτον
793 1507 972 1562 Λᾶσον
1016 1501 1102 1560 τὸν
1146 1499 1458 1579 Ἑρμιονέα,
1499 1505 1547 1559 οἱ
1588 1500 1643 1559 δὲ

112 1588 416 1670 ἀρχαιότεροι
466 1590 779 1656 Ἑλλάνικος
822 1588 912 1647 καὶ
957 1587 1277 1666 Δικαίαρχος
1309 1587 1512 1666 Ἀρίονα
1556 1586 1643 1644 τὸν

114 1679 454 1753 Μηθυμναῖον,
480 1678 802 1756 Δικαίαρχος
821 1676 916 1753 μὲν
945 1678 996 1733 ἰν
1015 1679 1091 1755 τῷ
1116 1674 1251 1753 Περὶ
1278 1677 1633 1734 Διονυσιακῶν

112 1759 325 1836 ἀγώνων,
356 1761 672 1828 Ἑλλάνικος
700 1761 756 1820 δὲ
785 1764 837 1820 ἐν
852 1765 961 1828 τοῖς
985 1759 1353 1840 Καρνεονίκαις
1382 1763 1640 1838 (Κραναϊ-

114 1856 205 1915 zoi<
227 1864 281 1908 et
304 1851 623 1928 Καρναῖκοῖς
650 1853 779 1907 libri
802 1852 842 1925 ).

560 2075 1190 2135 ΠΑΝΑΘΗΝΑΙΚΟΣ.

186 2196 355 2251 Schol.
381 2198 553 2252 Arist.
584 2196 757 2268 Vesp.
800 2194 908 2260 544
948 2214 961 2247 :
996 2191 1088 2251 Ἔν
1115 2198 1220 2256 τοῖς
1258 2191 1643 2259 Παναθηναίοις

124 2280 163 2334 οἱ
186 2278 399 2357 γέροντες
439 2277 663 2344 θαλλοὺς
703 2278 906 2357 ἔχοντες
944 2277 1306 2353 ἐπόμπευον...
1356 2276 1424 2338 ‘0
1467 2274 1642 2354 μέντοι

129 2365 411 2443 Δικαίαρχος
438 2368 490 2424 ἐν
518 2368 598 2444 τῷ
631 2366 1020 2442 Παναθηναϊκῷ
1040 2365 1134 2422 οὐκ
1157 2353 1272 2420 οἶδα
1291 2360 1345 2430 ἐξ
1371 2361 1490 2421 ὅτου
1512 2361 1637 2421 ποτὶ

90 2518 99 2531 ⁸
129 2450 202 2505 καὶ
224 2449 308 2517 τὰς
325 2456 479 2531 γραῦς
502 2454 557 2510 ἐν
584 2452 693 2517 τοῖς
715 2449 1097 2522 Παναθηναίοις
1118 2449 1368 2528 ὑπείληφε
1391 2448 1643 2527 θαλλοφο·

133 2539 237 2613 ρεῖν,
252 2539 448 2596 πολλῶν
476 2536 728 2609 ἀλλήλοις
767 2536 1153 2614 ὁμολογούντων
1181 2533 1302 2613 περὶ
1327 2540 1419 2593 τοῦ
1451 2533 1636 2611 μόνους

132 2620 228 2687 τοὺς
250 2623 531 2702 πρεσὸύτας
567 2624 902 2705 θαλλοφορεῖν
916 2666 933 2693 ,
977 2621 1307 2700 Ξενοφῶντος
1345 2622 1440 2699 μὲν
1482 2623 1534 2680 ἐν
1564 2625 1639 2699 τῷ

134 2709 383 2873 zzz-5²:252?
428 2712 497 2787 (4
522 2755 538 2782 ,
596 2714 743 2787 17),
788 2708 1088 2788 Φιλοχόρου
1137 2706 1191 2766 δὲ
1233 2709 1287 2766 ἐν
1328 2713 1392 2786 τῇ
1434 2707 1646 2787 δευτέρα

136 2802 149 2869 1
823 2900 914 2964 47·

635 3019 843 3077 ΟΛΥΜ
853 3017 1109 3077 ΠΙΚΟΣ.

206 3149 471 3204 Athenaeus
489 3152 648 3218 XIV,
673 3169 733 3223 p.
756 3151 892 3220 620,
909 3153 961 3205 D
986 3170 998 3203 :
1022 3144 1158 3212 Τοὺς
1173 3146 1216 3204 δ’
1242 3144 1651 3222 Ἐμπεδοκλέους

142 3232 396 3309 καθαρμοὺς
424 3235 791 3316 ἐρραψῴδησεν
825 3234 1153 3311 Ὀλυμπίασι
1187 3234 1482 3308 Κλεομένης
1504 3239 1533 3292 ὁ
1557 3242 1649 3314 ρα-

144 3316 307 3394 ψῳδὸς,
326 3318 390 3386 ὥς
409 3345 533 3402 φησι
558 3322 883 3401 Δικαίαρχος
906 3325 960 3380 ἐν
983 3324 1059 3400 τῷ
1087 3320 1424 3400 Ὀλυμπικῷ.

211 3552 389 3609 Praeter
423 3559 617 3613 citatos
654 3552 867 3630 ἀγώνων
902 3558 1095 3610 titulos
1125 3557 1283 3612 ruisse
1307 3558 1470 3624 alios,
1501 3575 1649 3629 quo-

149 3653 251 3723 rutp
272 3645 466 3699 mentio
504 3663 661 3699 nunc
689 3643 1057 3713 desideratur,
1088 3654 1520 3699 consentaneum
1547 3656 1649 3700 est.

152 3723 314 3796 ltaque
349 3747 463 3801 quae
505 3742 822 3805 sequuntur
859 3730 1170 3804 fragmenta
1210 3730 1282 3785 ad
1323 3730 1473 3785 idem
1519 3728 1653 3807 Περὶ

153 3813 372 3878 μουσικῶν
399 3812 608 3891 ἂγώνων
648 3836 792 3890 opus
820 3835 932 3872 esse
958 3816 1254 3871 referenda
1284 3816 1646 3872 crediderim.

152 3896 453 3972 Quamquam
497 3903 621 3960 fieri
650 3905 827 3959 ‘facile
870 3905 1059 3978 potuit
1100 3914 1164 3958 ut
1209 3905 1314 3959 alia
1360 3905 1652 3976 complura

155 4000 297 4053 opera
314 3986 378 4042 de
401 3990 564 4046 rebus
584 3992 809 4046 musicis
825 4032 841 4059 ,
874 3992 946 4047 de
976 3991 1161 4046 choris
1184 4002 1240 4046 et
1270 3991 1655 4046 saltationibus

1729 739 2084 819 διηρμοσμένη
2119 739 2246 819 πρὸς
2283 738 2443 820 ᾠδὴν,
2467 740 2502 809 ἤ
2526 764 2602 807 τις
2622 740 2774 820 χορὸς

1824 870 2039 932 Εὐρύοπα
2054 870 2246 919 κέλαδον
2259 869 2532 932 ἀκροσόφων
2552 871 2804 933 ἀγνύμενον
2827 872 2905 920 δια
2936 874 3187 935 στομάτων
3290 909 3306 923 .

1732 981 2103 1062 φθεγγόμενος,
2132 980 2292 1048 οὕτως
2319 981 2577 1061 ηὔφρανεν
2602 982 2915 1063 Ἐπίκουρον
2943 984 3031 1042 καὶ
3060 986 3273 1066 Μητρό-

1733 1070 1915 1149 δωρον,
1938 1073 2011 1136 ὡς
2039 1067 2364 1147 Ἀριστοτέλη
2388 1072 2478 1128 καὶ
2496 1068 2832 1149 Θεόφραστον
2859 1071 2948 1129 καὶ
2971 1071 3278 1151 Ἱερώνυμον

1730 1155 1818 1213 καὶ
1846 1157 2168 1234 Δικαίαρχον
2191 1159 2237 1214 οἱ
2262 1156 2382 1234 περὶ
2422 1160 2594 1236 χορῶν
2622 1156 2766 1233 λόγοι
2793 1158 2883 1215 καὶ
2911 1160 3278 1235 διδασκαλίαι,

1731 1241 1908 1300 καὶτὰ
1941 1244 2007 1300 δι’
2049 1245 2220 1300 αὐλῶν
2247 1241 2602 1321 προὸλήματα
2630 1244 2719 1302 καὶ
2754 1248 2958 1325 ῥυθμῶν
2997 1246 3086 1302 καὶ
3115 1246 3280 1325 ἇρμο-

1731 1332 1877 1399 νιῶν;
1923 1318 2027 1387 οἷον
2082 1327 2167 1385 διὰ
2219 1327 2269 1386 τί
2325 1332 2428 1386 τῶν
2484 1328 2609 1387 ἴσων
2670 1331 2840 1388 αὐλῶν
2898 1333 2927 1388 ὁ
2994 1333 3281 1413 στενότερος

1734 1415 2014 1496 βαρύτερον
2045 1414 2349 1493 φθέγγεται·
2379 1407 2467 1472 {ai
2491 1413 2577 1473 διὰ
2608 1415 2692 1486 τί,
2718 1419 2809 1486 τῆς
2858 1415 3095 1495 σύριγγος
3148 1421 3280 1476 ἀνα-

1732 1501 2025 1579 σπωμένης,
2046 1511 2203 1560 πᾶσιν
2225 1500 2453 1569 ὀξύνεται
2475 1511 2580 1568 τοῖς
2596 1502 2858 1581 φθόγγοις,
2874 1504 3176 1580 κλινομένης
3201 1505 3277 1580 δὲ,

1729 1590 1888 1648 πάλιν
1912 1587 2155 1670 βαρύνει,
2190 1588 2280 1646 καὶ
2317 1590 2586 1668 συναχθεὶς
2613 1590 2740 1669 πρὸς
2767 1589 2855 1647 τὸν
2883 1588 3056 1668 ἕτερον
3085 1592 3274 1672 [βαρύ-

1731 1699 1875 1755 τερον
1898 1677 1919 1754 ]
1939 1722 1956 1750 ,
1986 1675 2211 1754 διαχθεὶς
2234 1674 2279 1733 δ’
2320 1675 2554 1755 ὀξύτερον
2584 1680 2734 1756 ἠχεῖ·
2760 1677 2850 1734 καὶ
2878 1676 2928 1735 τί
2951 1676 3145 1747 δήποτε
3176 1684 3279 1737 τῶν

1733 1763 1962 1843 θεάτρων
2003 1762 2067 1819 ἂν
2119 1762 2292 1840 ἄχυρα
2337 1768 2430 1833 τῆς
2471 1764 2764 1843 ὀρχήστρας
2810 1766 3204 1844 κατασκεδάσῃς
3243 1764 3277 1835 ἢ

1736 1856 1884 1930 χοῦν,
1921 1853 1950 1908 ὁ
1991 1850 2115 1915 λαὸς
2141 1850 2454 1929 τυφλοῦται·
2485 1850 2575 1907 καὶ
2606 1852 2838 1928 χαλκοῦν
2866 1849 3193 1931 Ἀλέξανδρον
3227 1856 3281 1911 ἐν

1740 1938 1921 2015 Πέλλῃ
1965 1937 2272 2012 βουλόμενον
2295 1940 2514 2006 ποιῆσαι
2547 1937 2607 1995 τὸ
2630 1936 2960 2018 προσκήνιον,
2993 1940 3086 1996 οὐκ
3109 1937 3278 1998 εἴασεν

1734 2029 1762 2082 ὁ
1788 2023 2056 2103 τεχνίτης,
2084 2027 2154 2090 ὥς
2190 2025 2558 2103 διαφθεροῦντα
2595 2027 2697 2082 τῶν
2726 2027 3019 2104 ὑποκριτῶν
3047 2023 3142 2096 τὴν
3171 2050 3277 2107 (ρω-

1732 2112 1824 2181 νήν
1843 2134 1857 2147 ·
1886 2110 1976 2168 καὶ
2003 2110 2056 2168 τί
2087 2108 2280 2179 δήποτε
2307 2114 2411 2168 τῶν
2438 2114 2600 2187 γενῶν
2630 2114 2803 2189 διαχεῖ
2829 2111 2888 2169 τὸ
2917 2114 3278 2191 χρωματικὸν,

1731 2203 1765 2268 ἡ
1791 2198 1834 2255 δ’
1854 2196 2077 2275 ἁρμονία
2099 2196 2416 2267 συνίστησιν.
2445 2202 2702 2273 Denique
2725 2200 2895 2255 verba
2918 2202 3201 2257 Ciceronis
3223 2205 3281 2257 in

1732 2288 1836 2361 Ep.
1869 2287 1941 2342 ad
1966 2292 2082 2342 Att.
2106 2288 2288 2356 XIII,
2332 2287 2404 2342 32
2433 2304 2448 2343 ε
2481 2312 2505 2336 «ι
2544 2287 2594 2344 '1‘
2598 2285 2912 2363 ριπολιτικὸν
2936 2307 3043 2342 non
3072 2295 3283 2345 invenio

1730 2387 1789 2429 et
1819 2377 2109 2448 epe'stolam
2136 2380 2256 2444 ejus
2270 2416 2285 2441 ,
2323 2394 2489 2446 quam
2516 2376 2599 2428 ad
2621 2377 3006 2429 Aristoxenum
3036 2382 3210 2443 misit,
3253 2403 3275 2424 υ

1732 2461 1804 2516 de
1837 2462 2071 2534 epistola
2112 2480 2234 2534 quae
2273 2461 2344 2516 de
2382 2462 2550 2516 rebus
2585 2463 2805 2516 musicis
2844 2462 3012 2517 suerit
3049 2465 3282 2539 intelligi

1732 2559 1980 2622 possunt.
2015 2552 2276 2604 Attamen
2313 2549 2502 2602 malim
2547 2549 2618 2604 de
2666 2561 2995 2622 argumento
3035 2552 3282 2623 cogitare

1732 2637 1843 2705 illi,
1879 2635 2035 2707 quod
2063 2632 2419 2712 Τριπολιτικῷ
2463 2634 2719 2702 suberat,
2762 2635 3017 2705 assimili,
3050 2634 3122 2690 de
3163 2653 3281 2709 quo

1733 2723 1961 2777 fortasse
1996 2731 2292 2795 propterea
2326 2720 2399 2775 ad
2427 2722 2822 2775 Aristoxenum
2850 2723 3120 2775 musicum
3141 2725 3281 2776 scri—

1732 2812 1841 2883 psit
1859 2851 1874 2877 ,
1927 2808 2087 2881 quod
2140 2807 2455 2862 doctrinam
2496 2807 2568 2863 de
2608 2808 2892 2862 elementis
2945 2808 3283 2864 harmonicis

1735 2894 2243 2951 accommodaverit
2293 2893 2364 2949 ad
2417 2896 2691 2949 rationem
2733 2913 2843 2967 qua
2891 2896 2953 2949 in
3000 2893 3281 2959 πολιτείαις

1736 2984 2007 3037 elementa
2053 2981 2179 3034 vitae
2220 2980 2457 3052 publicae
2507 2979 2868 3052 temperanda
2914 2999 3026 3036 esse
3070 2984 3276 3037 statuit.

1736 3070 1899 3126 Certe
1933 3069 2130 3141 saepius
2156 3085 2285 3121 eum
2309 3072 2428 3120 tum
2459 3068 2516 3119 in
2544 3067 2786 3139 politicis
2807 3078 2923 3120 tum
2949 3068 3010 3122 in
3031 3069 3281 3141 philoso-

1734 3155 1914 3229 phicis
1952 3155 2025 3210 ad
2052 3155 2317 3208 musicam
2355 3153 2671 3207 doctrinam
2710 3155 3009 3227 respexisse
3035 3167 3188 3229 patet
3213 3175 3282 3210 ex

1738 3245 1803 3296 iis
1829 3259 1956 3314 quae
1985 3243 2246 3314 leguntur
2273 3241 2333 3293 in
2365 3236 2473 3318 Βίῳ
2497 3237 2752 3304 Ἑλλάδος
2782 3240 2908 3317 (ap.
2939 3244 3176 3298 Varron.
3207 3244 3278 3297 R.

1738 3331 1805 3385 R.
1835 3331 1860 3382 I
1880 3369 1897 3396 ,
1939 3345 1971 3381 α
2004 3345 2019 3384 :
2059 3327 2128 3381 fr.
2165 3325 2218 3400 5)
2239 3369 2255 3397 ,
2283 3328 2384 3382 ubi
2420 3339 2706 3401 pastorum
2733 3330 2903 3383 vitam
2931 3333 3282 3397 incentivam,

1738 3416 2107 3487 agricolarum
2131 3420 2492 3468 stoecentivam
2520 3433 2633 3469 esse
2660 3414 2797 3468 dicit
2813 3456 2830 3484 ‚
2857 3425 3027 3487 atque
3051 3416 3110 3469 in
3133 3416 3286 3469 libris

1743 3499 1876 3578 Περὶ
1905 3502 2077 3577 ψυχῆς
2104 3500 2122 3574 (
2145 3519 2237 3574 ap.
2271 3502 2587 3556 Nemesium
2611 3504 2695 3556 De
2722 3512 2839 3558 nat.
2864 3502 3016 3559 hom.
3042 3521 3098 3575 p.
3134 3502 3208 3557 68
3231 3502 3279 3577 ),

1739 3590 1839 3644 ubi
1875 3590 2072 3642 animat
2099 3589 2433 3661 compositio
2461 3607 2594 3642 cum
2617 3589 2857 3642 mixtura
2885 3590 3280 3662 symphoniaca

1742 3676 2150 3730 elementorum
2195 3675 2535 3728 musicorum
2567 3685 2944 3747 comparatur.
2989 3676 3074 3731 Cf.
3118 3678 3284 3731 etiam

1739 3762 1809 3819 fr.
1842 3779 1936 3831 27.

2458 3860 2551 3922 48.

1820 3992 2116 4047 Athenaeus
2139 3994 2193 4063 1,
2211 4011 2270 4066 p.
2295 3999 2382 4062 14,
2402 3995 2452 4047 D
2482 4012 2494 4046 :
2522 3990 2661 4066 (Τῆς
2681 3987 2766 4047 διὰ
2787 3993 2877 4059 τῆς
2892 3988 3110 4068 σφαίρας
3128 3990 3288 4067 ὀρχή-

156 4068 461 4131 Dicaearchus
486 4079 896 4151 composuerit,
934 4096 1057 4150 quae
1081 4077 1435 4132 subindicare
1474 4077 1654 4132 videri
1745 4076 1902 4156 σιως)
1925 4076 2021 4147 τὴν
2060 4075 2257 4156 εὕρεσιν
2286 4076 2522 4153 Ἀγαλλὶς
2552 4080 2586 4147 ἡ
2620 4076 2918 4156 Κερκυραία
2941 4073 3286 4153 γραμματικὴ

842 4245 931 4295 45.

319 4322 410 4384 DE
445 4328 831 4389 BACCHICIS
871 4328 1454 4389 CERTAMINIBUS.

210 4428 421 4491 Antipater
433 4438 481 4485 et
492 4437 794 4501 Euphronius
810 4438 860 4487 in
878 4438 1244 4487 Commentariis
1259 4438 1428 4488 dicunt
1450 4439 1656 4500 cyclicos

163 4497 304 4552 choros
327 4508 517 4568 primum
530 4514 785 4564 instituisse
802 4517 977 4563 Lusum
994 4514 1398 4577 Hermionensem,
1419 4514 1651 4576 antiquio·

165 4586 223 4656 tos
236 4590 335 4630 vero
345 4620 358 4644 ,
380 4589 430 4636 ut
445 4591 713 4641 Hellanicus
727 4594 775 4640 et
788 4591 1094 4641 Dicaearchus
1104 4628 1121 4650 ‚
1146 4592 1309 4642 Arioui
1333 4594 1655 4654 Methymnoeo

165 4647 203 4695 Μ
216 4652 449 4723 vindicant,
470 4665 769 4715 Dicaearchus
784 4667 960 4715 scilicet
980 4666 1028 4714 in
1047 4666 1168 4714 libro
1190 4670 1261 4716 De
1285 4666 1527 4717 Bacchicis
1549 4678 1654 4716 eer-

166 4723 407 4796 liminibus,
430 4741 693 4791 Hellanicus
704 4744 866 4791 sutem
890 4743 939 4790 in
962 4743 1280 4791 Carneonicis.

843 4832 930 4881 46.

554 4930 1208 4991 PANATHENAICUS.

222 5024 507 5085 Panathenaeis
537 5052 669 5089 senoe
700 5040 887 5090 frondes
906 5040 1147 5102 oleaginas
1164 5042 1399 5101 gestantes
1434 5052 1655 5101 pompam

1744 4244 1917 4291 statuit
1942 4244 2091 4292 etism
2125 4244 2310 4292 vetulas
2332 4243 2522 4292 frondes
2555 4244 2785 4303 gestasse,
2822 4254 3112 4304 quamquam
3147 4241 3286 4290 multi

1743 4319 2093 4385 consentientes
2119 4320 2242 4368 inter
2264 4332 2315 4368 se
2344 4319 2405 4368 de
2433 4318 2625 4368 senibus
2660 4321 2848 4367 tantum
2884 4317 3195 4379 thallophoris
3212 4318 3285 4367 lo-

1742 4399 1975 4458 quuntur,
2000 4398 2071 4446 uti
2101 4397 2365 4458 Xenophon
2383 4398 2431 4445 in
2452 4396 2701 4459 Symposio
2724 4398 2774 4445 et
2792 4395 3106 4446 Philochorus
3127 4396 3178 4444 in
3205 4398 3288 4445 At-

1744 4472 1886 4521 thidis
1904 4472 2024 4521 libro
2041 4472 2267 4522 secundo.

2458 4554 2544 4603 47.

2284 4661 2746 4723 OLYMPlCUS.

1808 4792 2108 4854 Empedoclis
2127 4792 2338 4840 carmina
2357 4791 2571 4840 lustralia
2596 4789 2866 4839 decantavit
2893 4788 3129 4851 Olympiae
3154 4792 3288 4841 cleo-

1746 4884 1906 4922 menes
1928 4870 2190 4934 rhapsodus
2206 4906 2221 4931 ,
2245 4874 2302 4920 ut
2318 4872 2385 4920 ait
2412 4870 2776 4921 Dicam-chusia
2803 4868 3072 4931 Olympico.

2477 4955 2563 5004 48.

1809 5038 1974 5088 Pilaris
1994 5040 2255 5089 saltationis
2291 5038 2609 5087 inventionem
2632 5036 2834 5098 Affinis,
2860 5038 3112 5097 Corcyraea
3134 5048 3290 5096 gram-

172 5094 386 5155 duoebssssl·
401 5112 687 5168 Dicaearchus
705 5120 863 5168 tamen
882 5117 929 5168 in
950 5118 1316 5179 Panathenaico,
1332 5117 1490 5168 nescio
1510 5116 1655 5178 unde,
1746 5117 1918 5167 matica
1934 5157 1947 5179 ,
1984 5117 2227 5166 Nausicaae
2245 5116 2435 5174 tribuit,
2451 5113 2671 5178 populari
2689 5126 2790 5162 suae
2808 5112 3031 5162 nimirum
3050 5112 3288 5173 gratifica-
