3900 6042
1511 465 1993 530 FRAGMENTA

129 591 343 647 XXX]
360 590 873 663 Elephantinomm,
919 610 1145 664 quorum
1182 598 1397 665 pn'mus
1439 594 1666 666 Othius,

130 684 273 752 quia
291 678 616 731 satellitibus
644 682 759 731 suis
777 682 986 731 occisus
1019 690 1120 736 est.
1155 680 1395 749 Quartus
1421 680 1633 759 Pleiops
1642 722 1663 748 ,

131 769 219 836 qui
253 767 461 833 regiam
507 763 844 834 dignitatem
890 782 932 816 a
974 776 1133 819 sexto
1179 772 1368 821 oetate's
1403 786 1553 823 anno
1591 771 1672 823 ad

132 856 463 904 centesimum
481 868 647 922 usque
668 856 859 906 tenuit.

202 938 347 1007 Quos
371 936 635 992 Eusebius
661 946 934 992 memorat
960 938 1184 994 Othoen
1211 950 1268 994 et
1286 940 1556 1013 Phiopem
1584 961 1669 997 re·

131 1041 216 1096 ges
240 1025 520 1095 pertinent
546 1023 617 1077 ad
648 1023 956 1096 dynastiam
978 1034 1215 1094 sextam3
1257 1037 1457 1082 nostrae
1489 1027 1669 1100 dyna—

131 1111 235 1162 stiae
272 1126 428 1181 reges
462 1109 728 1164 Eusebius
756 1122 968 1181 quartae
1005 1110 1268 1183 dynastia:
1310 1125 1666 1169 accensuerat

3196 492 3307 543 553

1757 609 1908 669 tuor,
1933 603 1972 657 i.
2003 620 2058 656 e.
2089 598 2181 665 Δ’;
2211 602 2343 657 binc
2382 604 2655 660 oriundos
2680 605 2828 662 dicas
2851 626 3006 682 reges
3026 609 3090 667 A'
3124 623 3180 666 et
3223 611 3307 683 A',

1758 695 1814 739 et
1829 685 2035 743 deinde
2053 685 2172 745 AA'
2203 706 2347 760 quos
2395 693 2604 764 reperit
2631 692 2945 765 Syncellus,
2987 699 3084 768 qui
3117 709 3304 753 tamen

1756 788 1825 825 eo
1853 773 2105 846 ineptum
2123 792 2180 829 se
2197 776 2427 848 praebet,
2446 777 2602 849 quod
2624 779 2850 852 Phiopis
2883 799 3059 836 annos
3086 796 3308 838 centum

1757 868 2041 930 tamquam
2056 880 2328 916 summam
2357 882 2634 919 annorum
2666 868 2837 922 totius
2870 868 3132 939 dynastiae
3156 889 3311 925 com·
3415 922 3428 933 ,

1754 946 1991 1016 putavit.
2035 947 2188 1001 Nihil
2242 948 2516 1018 ejusmodi
2567 953 2627 1005 in
2676 953 2913 1007 Eusebio
2953 957 3310 1012 Armeniaco.

1754 1030 1981 1086 Summa
2003 1032 2275 1116 dynastiae,
2296 1038 2503 1107 quintae
2544 1048 2599 1092 et
2623 1049 2788 1093 sextae
2817 1051 2968 1095 recte
2997 1044 3229 1114 ponitur
3252 1045 3314 1098 in

1754 1115 1866 1172 fine
1891 1117 2029 1190 dyn.
2054 1121 2151 1175 vl.
2182 1123 2382 1178 Turbae
2411 1125 2523 1178 istae
2550 1125 2611 1177 in
2631 1124 2907 1181 divisione
2938 1126 3315 1199 dynastiarum

135 1200 212 1266 (v,
235 1193 450 1271 supra).
468 1197 534 1250 In
559 1208 712 1251 sexta
737 1215 835 1252 sua
853 1197 1102 1270 dynastia
1131 1217 1299 1252 unam
1318 1200 1668 1256 Nitocridem
1751 1205 1939 1257 nescio
1968 1222 2080 1276 qua
2117 1207 2466 1264 festinatione
2497 1213 2586 1265 vel
2610 1229 2725 1283 quo
2755 1230 2880 1267 casu
2905 1213 3226 1275 acciderint.

130 1292 409 1350 memorat,
441 1300 563 1354 quae
585 1300 675 1355 ap.
718 1284 966 1338 African.
998 1295 1152 1339 sexta
1190 1295 1246 1339 et
1272 1296 1554 1358 postrema
1587 1298 1669 1343 est

1831 1291 2000 1361 Quod
2043 1294 2369 1349 Africanum
2409 1298 2624 1366 attinet,
2668 1300 2871 1372 singuli
2915 1305 3134 1358 numeri
3175 1303 3313 1358 dant·

132 1368 256 1441 dyu.
282 1380 465 1425 sextae.
495 1371 693 1442 Itaque
717 1371 984 1426 Eusebius
1029 1372 1236 1444 quintae
1268 1372 1529 1445 dynastiae
1564 1374 1664 1429 ad·
1751 1393 2019 1431 summam
2033 1397 2123 1433 an.
2143 1381 2273 1437 218.
2290 1383 2466 1437 Verus
2484 1403 2748 1440 numerus
2772 1398 2848 1441 est
2863 1405 2955 1445 an.
2973 1389 3107 1454 248.
3125 1391 3193 1444 In
3205 1408 3318 1443 nu—

131 1457 337 1528 scripsit
361 1474 520 1530 reges
536 1456 797 1529 dynastiae
819 1468 983 1512 sextae
1002 1460 1412 1531 quinque3vel,
1438 1462 1485 1515 si
1509 1459 1664 1515 Men-

133 1542 442 1616 desuphidis
456 1561 665 1598 annum
687 1563 859 1599 unum
879 1547 1082 1614 omisit,
1099 1563 1258 1620 reges
1270 1548 1490 1619 priores
1508 1559 1664 1621 quat-

150 1801 154 1856 Ι
200 1848 593 1897 MANEmole
618 1849 765 1896 DYN.
788 1850 852 1895 V.
922 1851 1193 1898 PAPYRUS
1211 1851 1590 1900 TURINENSlS.

200 2060 236 2103 1.
270 2054 568 2104 Usercheres.
805 2061 863 2104 28

145 2125 150 2210 ξ
194 2153 238 2195 2.
269 2147 524 2208 snephroe.
808 2152 862 2196 13

198 2245 241 2287 3.
274 2238 644 2300 Nephercheres.
701 2280 705 2285 .
803 2246 862 2288 20

148 2344 153 2413 Ι
193 2334 237 2378 4.
271 2330 456 2381 Sisires.
832 2336 858 2381 7

148 2416 153 2431 ’
193 2429 235 2471 5.
270 2422 466 2473 cheres.
807 2429 865 2473 20

143 2499 148 2540 ¹
193 2522 233 2563 e.
266 2516 519 2565 nathum.
806 2519 865 2566 44

148 2572 152 2681 Ι
194 2611 238 2656 7.
272 2606 563 2658 menonem.
835 2614 866 2658 a

143 2747 148 2758 ,
195 2707 238 2748 8.
272 2699 544 2749 Tatcheres.
806 2703 866 2751 ⁴4

148 2776 153 2789 '
195 2792 241 2840 9.
276 2796 463 2843 onnes.
808 2800 865 2842 aa

740 2891 895 2905 —

555 2941 684 3003 (248)
778 2948 866 2993 218

192 3128 272 3176 vl.
316 3132 357 3174 1.
394 3124 591 3175 othoes.

206 3522 604 3578 Eratosthenes
625 3521 1024 3593 Elephantinos
1043 3538 1202 3593 reges
1218 3538 1338 3574 non
1357 3528 1608 3575 recenset
1630 3520 1690 3573 in

130 3610 360 3665 Canon'e
381 3608 819 3682 chronologico;
844 3626 974 3663 nam
994 3609 1092 3681 qui
1110 3608 1370 3679 proxime
1388 3607 1538 3680 apud
1561 3625 1691 3663 eum

130 3698 404 3767 sequitur,
450 3706 620 3767 caput
662 3705 743 3749 est
784 3694 1156 3767 Memphiticae
1200 3692 1467 3764 dynastiae
1504 3702 1687 3751 sextae.

133 3781 301 3837 Unde
344 3782 630 3855 colligitur
664 3781 1165 3853 Elephantinorum
1194 3779 1499 3853 dynastiam
1533 3779 1692 3851 juxta

130 3868 469 3941 Memphitas
498 3885 751 3941 regnasse
777 3869 836 3921 in
864 3870 1109 3942 AEgypto
1142 3868 1455 3940 superiore.
1486 3869 1689 3922 Monu-

131 3965 322 4010 menta
364 3973 396 4010 e
439 3954 645 4026 quibus
671 3955 899 4009 nomina
923 3955 1331 4028 adscripsimus,
1372 3954 1503 4010 vide
1539 3954 1692 4027 apud

132 4042 400 4116 Lepsium
438 4043 525 4112 11,
581 4061 630 4098 1.
663 4073 741 4085 --
780 4043 994 4097 Eorum
1030 4044 1276 4115 primum
1321 4059 1693 4097 msssan-ur

131 4143 331 4202 aperte
372 4129 678 4205 respondet
720 4129 1016 4184 Usercheri
1054 4129 1427 4184 Manethonis.
1477 4131 1692 4199 Quam-

131 4236 309 4290 quam
346 4217 593 4272 dubitari
621 4217 824 4290 possit,
851 4235 986 4270 num
1013 4227 1163 4271 recte
1200 4215 1270 4271 ad
1295 4216 1693 4290 Elephantinos

133 4321 299 4376 reges
326 4303 624 4370 referatur,
666 4322 840 4376 quum
867 4321 986 4357 non
1013 4304 1072 4356 in
1098 4303 1386 4375 superiore
1411 4304 1689 4377 AEgypto,

130 4391 233 4447 sed
283 4408 473 4464 prope
513 4390 835 4446 Gizehianas
894 4390 1214 4463 pyramides
1258 4399 1549 4462 repertum
1596 4392 1687 4449 sit.

132 4510 213 4521 —
242 4476 538 4534 Secundus
560 4496 659 4533 rex
686 4479 746 4531 in
769 4478 1213 4533 Manethonianis
1244 4478 1523 4532 laterculis
1545 4477 1691 4533 dici-

136 4567 292 4620 citur
316 4565 582 4637 Sephres;
614 4563 771 4637 quod
798 4582 1007 4619 nomen
1033 4565 1092 4617 in
1118 4564 1338 4619 Snefres
1362 4563 1690 4619 mutandum

133 4669 253 4706 esse
280 4652 452 4706 suasit
479 4667 720 4718 sanan,
760 4653 859 4722 qui
894 4661 1122 4705 octavus
1147 4661 1227 4705 est
1252 4652 1312 4705 in
1336 4650 1521 4705 tabula
1549 4651 1692 4709 Car-

132 4740 398 4793 naciana.
424 4767 499 4779 —
522 4738 691 4791 Tertii
720 4737 864 4811 regis
882 4755 1108 4805 nomen,
1125 4736 1556 4810 Nephemlzetes,
1577 4737 1693 4809 jam

132 4825 290 4879 inter
315 4823 649 4897 Memphitas
673 4822 810 4896 dyn.
840 4832 1050 4895 quartae
1078 4841 1164 4897 ap.
1190 4824 1583 4878 Manethonem
1608 4825 1693 4878 vi-

134 4909 363 4978 dimus;
385 4910 482 4965 scd
507 4909 585 4963 ibi
605 4927 833 4983 quoque
856 4910 1010 4965 nulla
1027 4909 1144 4980 ejus
1164 4928 1253 4983 ap.
1274 4912 1691 4966 Eratosthenem

131 4999 383 5055 mentio,
432 5000 616 5070 Quare
663 4998 769 5052 isto
807 4999 1214 5071 Nephercheris
1259 5017 1435 5073 regno
1475 5000 1693 5053 initium

135 5082 441 5156 quoddam
480 5085 568 5139 vel
601 5083 939 5157 praeludium
989 5083 1274 5141 divisionis
1319 5086 1480 5160 regni
1522 5087 1692 5159 AEgy-

134 5171 323 5243 ptiaci
353 5173 510 5245 argui
536 5171 848 5226 videbatur.
881 5174 1231 5245 Quamquam
1269 5173 1381 5227 hoc
1403 5191 1523 5227 non
1549 5172 1692 5228 adeo

137 5258 381 5321 firmum
408 5276 518 5314 esse
530 5300 546 5331 ‚
569 5270 735 5332 atque
751 5259 1183 5335 Nephercheren
1202 5259 1465 5333 dynastiae
1484 5269 1694 5333 quartae

1652 2065 1999 2116 U-sesra-aer.

1655 2157 1861 2204 Samo.

1652 2250 2016 2299 Namusa-as.

1751 1482 1908 1518 mero
1938 1467 2082 1539 regis
2107 1468 2196 1521 ve}
2230 1470 2416 1540 quarti
2442 1472 2532 1525 vel
2556 1473 2773 1544 septimi
2797 1474 2955 1529 litera
2970 1472 3018 1530 λ’
3054 1475 3326 1532 excidisse

1756 1550 2002 1621 videtur,
2029 1566 2294 1609 monente
2325 1556 2593 1611 Boeckhio
2617 1576 2678 1630 p.
2707 1558 2832 1628 ¹75·

1750 1855 2158 1906 mosum-mn.
2227 1839 2231 1843 ’
2510 1862 2755 1910 naum
2787 1861 3095 1913 Amnem.

2377 2066 2531 2114 xvll.
2561 2068 2891 2115 Neruo-seni
2921 2080 3050 2119 neni.

2353 2158 2531 2208 xvnl.
2565 2162 2983 2209 Ter-xa-ni-xi...

2399 2253 2526 2301 xlx.
2560 2252 2884 2300 Neruo-xasa
2917 2264 3121 2307 numu.

2421 2344 2526 2392 XX.
2561 2346 2899 2393 Men-amasa.

2403 2437 2532 2484 xxl.
2566 2438 2870 2485 suarna-aa.

2379 2529 2532 2577 xxn.
2566 2530 2831 2577 Iti-emm.

2354 2621 2529 2668 ΧΧΙΙΙ.
2564 2621 2910 2668 Nune-tama
2942 2631 3116 2668 asana.

2355 2713 2531 2760 xxw.
2567 2712 2898 2759 Nurac-na...

2386 2805 2531 2853 XXV.
2564 2805 3166 2854 aerumnam-sewen.

2355 3135 2527 3183 xxvl.
2561 3137 3001 3185 sumu-taam.

1778 3521 2013 3575 omnino
2030 3520 2436 3595 sejungendum
2457 3522 2529 3578 ab
2550 3523 2934 3596 Elephantinis
2949 3524 3175 3598 regibus
3194 3525 3329 3582 inde

1778 3607 2008 3663 sortasse
2044 3608 2373 3677 concludas,
2399 3609 2557 3683 quod
2588 3628 2798 3666 nomen
2825 3610 2945 3682 ejus
2983 3612 3043 3665 in
3071 3614 3327 3685 pyrami-

1778 3693 1917 3748 dum
1945 3712 2147 3767 campo
2187 3707 2475 3768 repertum
2513 3696 2614 3765 sit,
2651 3698 2710 3751 in
2752 3714 2935 3770 eoque
2968 3698 3128 3752 litera
3148 3700 3196 3753 R
3227 3717 3328 3754 ex·

1775 3782 2055 3854 primatur
2081 3783 2248 3837 oculo
2277 3780 2417 3857 (it-1⁸)
2438 3824 2454 3852 ‚
2477 3782 2632 3854 cujus
2651 3784 2779 3838 loco
2803 3801 2866 3838 os
2893 3784 3029 3859 (ro)
3061 3782 3330 3840 exhibent

1778 3867 2026 3938 ejusdem
2055 3869 2296 3924 nominis
2336 3871 2751 3943 inscriptiones,
2799 3872 3009 3942 quaein
3033 3872 3325 3943 superiore

1780 3952 2019 4030 AEgypto
2038 3957 2416 4028 reperiuntur.
2440 3987 2518 3997 —
2537 3958 2621 4012 De
2641 3968 2864 4028 quarto,
2884 3958 3081 4029 quinto
3097 3967 3151 4010 et
3169 3967 3328 4013 sexto

1778 4060 1909 4115 rege
1957 4043 2139 4096 omnis
2187 4042 2326 4097 fides
2369 4053 2450 4097 est
2496 4041 2650 4115 apud
2690 4060 2869 4097 unum
2909 4042 3323 4100 Manethonem.

1779 4127 1989 4185 Contra
2014 4131 2282 4201 postremi
2304 4148 2460 4203 reges
2476 4139 2584 4184 tres
2598 4146 2908 4202 eorumque
2925 4131 3091 4183 series
3109 4132 3329 4203 egregie

1777 4213 2073 4270 firmantur
2115 4234 2333 4288 papyro
2379 4216 2699 4283 Turinensi,
2746 4233 2814 4269 ex
2860 4233 2976 4287 quo
3015 4232 3124 4287 pro
3150 4215 3322 4273 ΤΑΓ-

1779 4301 2033 4359 ΧΕΡΗΣ
2060 4301 2167 4374 (sic
2186 4302 2335 4356 enim
2357 4319 2533 4374 graece
2552 4301 2793 4355 debebat
2808 4301 2974 4355 scribi
2995 4319 3103 4373 pro
3125 4297 3328 4376 Τανχέ-

1782 4388 1905 4464 ρης)
1953 4390 2223 4443 lenissima
2260 4389 2610 4442 correctione
2650 4387 2875 4460 Lepsius
2905 4389 3120 4459 scripsit
3142 4387 3325 4444 ΤΔΤ-

1780 4476 2054 4534 ΧΕΡΗΣ.
2077 4476 2163 4531 Ab
2190 4476 2347 4530 ormo
2359 4517 2373 4543 ,
2401 4474 2537 4550 ‘rege
2557 4487 2873 4548 postremo,
2891 4486 3155 4530 monente
3177 4478 3328 4531 Bun·

1778 4564 1961 4633 seni0‚
2005 4581 2126 4618 non
2163 4561 2411 4616 diversus
2451 4572 2530 4616 est
2573 4560 2800 4628 Othoes,
2837 4562 3037 4615 veluti
3064 4562 3330 4616 Eusebius

1778 4651 1973 4706 scribit
1997 4648 2214 4716 othim,
2252 4666 2420 4721 quem
2439 4645 2700 4703 Manetho
2723 4649 2812 4702 vel
2835 4646 2952 4720 ejus
2970 4660 3329 4721 excerptores

1780 4740 2027 4812 primum
2051 4747 2274 4809 ponunt
2298 4736 2578 4808 sequentis
2618 4735 2881 4808 dynastiae
2908 4751 2922 4791 :
2965 4752 3091 4789 nam
3122 4754 3326 4790 nomen

1779 4825 1958 4882 simile
1977 4836 2057 4880 est
2070 4835 2235 4896 atque
2254 4840 2519 4877 numerus
2532 4841 2808 4878 annorum
2826 4821 2974 4877 idern
2991 4822 3177 4894 plane,
3201 4840 3327 4877 cum

1782 4932 1883 4981 eo,
1919 4931 2085 4984 quem
2112 4912 2277 4965 Onno
2306 4910 2502 4964 tribuit
2523 4927 2767 4982 papyrus
2790 4909 3134 4978 Turinensis,
3161 4920 3328 4983 atque
3375 4965 3384 4972 ,

1783 5000 1994 5073 optime
2012 5000 2072 5053 in
2087 5008 2432 5073 postremum
2449 4995 2709 5069 dynastiae
2728 5013 2914 5069 regem
2930 4995 3154 5064 cadunt,
3170 4995 3326 5067 quod

1782 5085 1853 5141 de
1880 5085 2065 5141 Othoe
2092 5083 2379 5139 annotavit
2405 5082 2721 5137 Manethox:
2749 5077 2803 5145 ὃς
2833 5077 2935 5136 ὑπὸ
2972 5081 3074 5135 τῶν
3112 5079 3326 5158 δορυφό-

1783 5190 1883 5247 ρων
1921 5166 2167 5245 ἀνῃρέθη.

1858 5258 2099 5313 Nomina
2129 5256 2326 5315 tabula
2371 5255 2655 5329 Abydeuae
2697 5256 2795 5310 etsi
2846 5251 3027 5313 lacera
3069 5273 3138 5311 ex
3167 5265 3326 5328 parte
