3900 6042
1486 438 1977 522 ‘resonans

3219 455 3328 506 451

154 585 305 628 retur
341 572 427 644 (v.
472 572 637 628 Diod.
682 573 907 643 XVIII,
944 577 1009 635 41
1038 572 1081 644 ).
1126 573 1198 625 At
1232 587 1386 644 spem
1425 590 1701 628 successus
1791 574 1863 629 ad
1882 575 2074 648 Ipsum
2098 594 2127 630 a
2148 576 2399 647 partibus
2421 577 2824 648 Hieronymum
2850 577 3116 651 Antigoni
3133 581 3341 633 stetisse

155 662 314 715 diluit
340 678 497 714 mors
530 660 829 732 Antipatri.
858 660 989 730 Qua⁴
1016 677 1122 731 per
1156 659 1341 714 Asiam
1382 658 1699 732 divulgata,

154 748 468 819 Antigonus
512 746 691 800 multo
754 742 1131 800 confidentius
1179 745 1420 800 διενοεῖτο
1471 744 1703 801 ἐπελθεῖν

156 828 245 899 τὴν
273 828 454 888 Ἀσίαν
478 829 570 886 καὶ
595 828 714 894 τοὺς
737 826 832 903 μὶν
859 827 1291 906 προϋπάρχοντας
1317 828 1589 908 σατράπας
1616 832 1704 888 ἐκ·

159 915 351 986 ὅαλεῑν,
386 915 517 994 πρὸς
542 913 601 972 δὲ
617 917 719 972 τῶν
750 918 935 972 ἑαυτοῦ
962 913 1122 993 φίλων
1144 914 1454 972 καθιστάναι
1472 913 1562 980 τὰς
1588 919 1704 992 ἡγι·

160 1005 333 1078 μανίας
364 1005 641 1077 (Diodor.
668 1005 708 1061 l.
736 1005 775 1061 1.
802 1022 855 1058 c.
888 1002 963 1058 50
980 1041 997 1072 ,
1025 1004 1114 1078 6).
1141 1004 1325 1061 Ταῦτα
1348 1002 1404 1058 δὲ
1428 1001 1706 1074 διανοηθεὶς

162 1088 469 1166 Ἱερώνυμον
495 1089 563 1163 (⁴¹)
602 1085 696 1163 μὲν
722 1088 810 1145 τὸν
844 1086 940 1153 τὰς
972 1085 1200 1166 ἱστορίας
1237 1086 1512 1165 γράψαντα
1550 1109 1705 1162 μετι-

160 1175 431 1256 πίμψατο,
460 1175 608 1254 φίλον
631 1172 753 1232 ὄντα
777 1172 867 1232 καὶ
892 1173 1114 1244 πολίτην
1137 1171 1403 1248 Εὐμένους
1426 1177 1518 1230 τοῦ
1561 1175 1708 1251 Καρ·

164 1265 328 1321 διανοῦ
349 1266 441 1320 τοῦ
470 1259 889 1337 συμπεφευγότος
917 1263 987 1326 εἰς
1013 1261 1073 1318 τὸ
1097 1259 1289 1339 χωρίον
1312 1257 1373 1317 τὸ
1392 1258 1708 1335 καλούμενον

166 1353 337 1428 Νῶρα.
374 1352 575 1409 Τοῦτον
616 1348 669 1406 δὲ
713 1348 962 1424 μεγάλαις
1002 1347 1215 1427 δωρεαῖς
1256 1347 1710 1425 προκαλεσάμενος

164 1435 482 1505 ἐξαπάστειλε
502 1433 825 1514 πρεσὸευτὴν
852 1433 978 1512 πρὸς
1004 1433 1091 1492 τὸν
1124 1432 1363 1509 Εὐμένη,
1389 1434 1711 1511 παρακαλῶν

165 1530 252 1596 τῆς
298 1524 392 1600 μὲν
441 1521 563 1601 περὶ
611 1521 995 1582 Καππαδοκίαν
1043 1520 1220 1599 μάχης
1262 1518 1538 1598 γενομένης
1585 1518 1713 1598 πρὸς

168 1611 313 1670 αὗτὸν
351 1607 719 1679 ἐπιλαθέσθαι,
753 1609 989 1685 γενέσθαι
1026 1607 1080 1665 δὲ
1114 1606 1259 1687 φίλον
1301 1607 1393 1665 καὶ
1431 1604 1711 1684 σύμμαχον

170 1700 302 1779 αὐτῷ
329 1697 445 1757 κτλ.
478 1696 654 1775 (idid.
689 1695 790 1765 50,
820 1703 852 1762 ί.
875 1692 915 1771 ).
946 1721 969 1744 α
995 1696 1210 1767 Quibus
1232 1696 1398 1764 locis,
1422 1695 1712 1750 Briickne-

170 1806 258 1842 rus
284 1789 359 1841 ait
377 1827 393 1854 ‚
424 1802 771 1858 quamquam
794 1784 1012 1858 singula
1036 1800 1273 1856 quaeque
1294 1783 1468 1856 magis
1500 1783 1715 1855 perspi-

172 1893 268 1929 cue
286 1873 541 1946 exposita
558 1872 722 1940 velis,
749 1871 859 1926 hoc
882 1881 1067 1926 tamen
1090 1881 1285 1943 patere
1307 1887 1374 1924 ex
1395 1868 1716 1937 iisvidetur,

176 1960 497 2033 Hieronymi
529 1958 680 2032 apud
713 1959 1059 2033 Antigonum
1095 1975 1213 2011 non
1241 1956 1519 2010 minorem
1546 1953 1718 2010 fidem

174 2065 330 2119 quam
356 2045 515 2119 apud
542 2045 844 2100 Eumenem
880 2044 1063 2098 fuisse.
1101 2066 1125 2091 ι»
1158 2035 1421 2098 Ceterum
1455 2043 1599 2097 male
1632 2060 1721 2097 res

175 2135 335 2188 cessit.
354 2134 494 2188 Mox
520 2131 784 2204 proelium
807 2131 1156 2186 commissum
1173 2169 1188 2196 ,
1212 2146 1330 2201 quo
1353 2130 1500 2201 capti
1524 2129 1718 2185 Eume·

177 2239 264 2276 nes
279 2230 333 2276 et
349 2218 660 2277 Cardianus
677 2219 736 2272 in
751 2236 947 2272 manus
961 2228 1235 2272 venerunt
1255 2216 1542 2290 Antigoni.
1565 2216 1722 2272 Alter

177 2308 441 2381 supplicio
472 2305 736 2373 affectus,
768 2305 910 2360 alter
942 2304 1260 2358 humaniter
1299 2321 1331 2357 a
1370 2303 1586 2357 victore
1625 2321 1720 2357 ex-

180 2405 361 2467 ceptus
381 2405 479 2450 est.
516 2392 804 2448 Diodorus
837 2392 1030 2448 XVIII
1053 2430 1070 2459 ,
1108 2396 1179 2456 44
1196 2430 1213 2460 ,
1241 2409 1271 2460 7
1300 2408 1314 2443 ε
1350 2386 1575 2464 Ἀνήχθη
1600 2386 1645 2444 δ’
1669 2389 1721 2445 ἐν

180 2480 275 2544 τοῖς
306 2475 655 2559 τραυματίαις
681 2473 1013 2553 αἰχμάλωτος
1039 2473 1131 2531 καὶ
1157 2477 1185 2531 ὅ
1223 2472 1315 2540 τὰς
1337 2473 1565 2552 ἱστορίας
1601 2495 1723 2531 συν-

182 2564 449 2642 ταξάμενος
481 2560 795 2642 Ἱερώνυμος
812 2564 840 2618 ὁ
864 2559 1185 2639 Καρδιανὸς,
1208 2558 1263 2626 ὃς
1289 2558 1378 2617 τὸν
1407 2558 1501 2634 μὲν
1532 2556 1724 2639 ἔμπρο-

184 2658 292 2712 σθεν
311 2652 494 2731 χρόνον
536 2649 623 2707 ὑπ’
658 2646 920 2724 Εὖμίνους
955 2646 1244 2724 τιμώμενος
1281 2646 1532 2705 διετέλεσε
1542 2690 1559 2720 ,
1593 2644 1726 2723 μετὰ

186 2738 236 2797 δὲ
261 2739 341 2796 τὸν
365 2739 567 2799 ἐκείνου
591 2735 811 2794 θάνατον
833 2732 921 2791 ὑπ’
944 2732 1237 2810 Ἀντιγόνου
1268 2731 1519 2812 ἐτύγχανε
1542 2735 1724 2814 φιλαν·

187 2826 401 2903 θρωπίας
425 2824 524 2883 καὶ
553 2822 795 2886 πίστεως.
830 2846 855 2874 ι
894 2823 1029 2895 Quae
1052 2822 1192 2878 fides
1230 2836 1287 2878 et
1312 2825 1489 2898 gratia
1516 2832 1728 2896 quanta

188 2915 342 2970 fuerit
363 2913 575 2990 (verba
592 2911 904 2967 Briickneri
930 2922 1059 2966 sunt
1074 2909 1094 2985 )
1112 2951 1128 2979 ,
1152 2910 1368 2984 reliqua
1393 2911 1573 2965 omnis
1593 2912 1726 2966 Hic-

189 3004 397 3074 ronymi
420 3003 541 3055 vita
571 2998 757 3055 docet.
792 2997 881 3054 Ab
906 2998 1195 3073 Antigono
1234 2998 1385 3054 enim
1416 2997 1633 3052 transiit
1657 2996 1729 3052 ad

190 3089 527 3144 Demetrium
551 3095 607 3141 et
627 3085 698 3140 ab
716 3085 827 3140 hoe
849 3083 924 3140 ad
949 3086 1295 3159 Antigonum
1315 3084 1589 3140 Gonatam
1615 3085 1730 3139 De-

190 3177 359 3231 metrii
402 3174 608 3232 filium.
652 3173 957 3246 Superstite
1003 3171 1188 3227 adhuc
1230 3171 1514 3245 Antigono
1558 3172 1733 3227 multa

191 3275 355 3335 eaque
375 3260 697 3337 gravioeima
727 3259 781 3314 ei
808 3275 1044 3314 munera
1077 3257 1260 3314 delata
1295 3275 1411 3313 esse
1448 3257 1731 3316 videntur.

192 3349 308 3421 Quo
352 3351 604 3423 pertinet
652 3365 776 3420 quae
826 3345 981 3420 apud
1024 3344 1345 3402 Diodorum
1393 3343 1729 3419 (XIX,roo)

193 3444 658 3492 commemoratur
701 3435 852 3488 lacus
889 3432 1192 3506 asphaltitae
1247 3430 1499 3486 custodia
1516 3471 1533 3500 ‚
1581 3430 1737 3503 cujus

194 3523 449 3578 Demetrii
488 3524 557 3577 in
593 3521 886 3577 Nabataeos
924 3518 1210 3593 expeditio
1255 3520 1737 3593 opportunitatem

196 3608 405 3667 fecerat.
437 3608 682 3666 Gravior
707 3609 874 3662 etiam
891 3647 908 3674 ,
935 3607 1092 3678 cujus
1117 3605 1268 3679 apud
1302 3606 1555 3662 Flavium
1581 3607 1613 3660 J
1618 3623 1736 3660 ose-

196 3694 359 3766 phum
386 3691 480 3772 (¹³¹⁵)
502 3694 719 3749 mentio
741 3691 825 3761 fit,
851 3694 1020 3765 Syriae
1030 3692 1380 3766 praefectura,
1403 3709 1571 3765 quam
1592 3711 1737 3766 pro-

196 3782 423 3837 vinciam
448 3799 560 3855 per
585 3782 803 3853 aliquot
823 3798 1000 3835 annos
1033 3781 1094 3835 in
1125 3788 1399 3853 potestate
1426 3779 1587 3834 fuisse
1623 3781 1739 3835 An-

200 3869 365 3942 tigoni
392 3878 631 3925 constat.
660 3867 773 3924 Sed
808 3867 918 3922 hoc
955 3867 1168 3922 etiamsi
1191 3865 1413 3922 dubites
1434 3885 1571 3921 num
1606 3884 1739 3922 vere

199 3955 485 4012 tradiderit
529 3954 891 4010 judaicarum
934 3955 1330 4026 antiquitatum
1365 3964 1583 4022 auctor,
1622 3971 1741 4008 non

200 4053 277 4097 est
297 4054 477 4098 tamen
521 4059 626 4096 cur
652 4042 904 4096 Luciano
929 4042 1045 4097 sive
1066 4041 1315 4114 quisquis
1330 4041 1468 4096 alius
1490 4044 1576 4096 De
1605 4040 1739 4094 lon-

200 4130 356 4202 gaevis
394 4131 565 4185 istum
589 4128 798 4183 librum
829 4125 1128 4198 conflavit,
1166 4126 1414 4196 diffidas,
1455 4129 1516 4181 in
1547 4128 1742 4200 praelio

260 4277 320 4340 (Ἴ
349 4281 425 4330 Se.
445 4281 510 4330 ab
530 4279 779 4342 Antipatro
808 4279 1089 4330 redeuntem
1105 4315 1122 4342 ,
1140 4279 1211 4330 uti
1235 4278 1440 4330 videtur.
1469 4278 1546 4330 cs.
1581 4281 1743 4341 broy-

203 4361 297 4398 sen.
332 4351 528 4400 Hellen.
556 4354 597 4406 l,
619 4363 666 4412 p.
696 4353 798 4400 197.

263 4419 350 4480 θ’)
377 4438 400 4460 «ι
437 4418 680 4481 lnApion.
711 4422 761 4477 1,
792 4432 835 4467 c.
871 4423 930 4468 23
952 4420 1043 4478 (fr.
1066 4421 1173 4480 14).
1194 4422 1355 4475 Quum
1374 4418 1436 4468 de
1460 4419 1747 4479 Hieronymo

204 4487 343 4537 etism
373 4487 627 4551 AEgyptio,
657 4488 740 4550 qui
770 4488 831 4539 de
855 4488 1132 4538 Phoenicum
1152 4488 1392 4550 scripserit
1424 4488 1592 4548 rebus,
1616 4490 1747 4538 Jose·

206 4559 323 4618 phin
345 4558 548 4619 dixerit,
582 4558 783 4607 dubium
815 4558 962 4619 possit
990 4558 1141 4608 videri
1171 4571 1288 4608 num
1312 4558 1390 4606 hic
1420 4557 1750 4619 intelligendus

207 4629 323 4676 oeset
338 4628 605 4677 cardinum
620 4663 636 4688 ,
664 4627 755 4676 nisi
784 4631 833 4677 et
849 4630 968 4677 aetas
984 4627 1087 4690 ejus
1103 4639 1214 4689 quoe
1246 4626 1451 4676 Hecataei
1479 4627 1621 4676 tuisse
1638 4626 1750 4675 dici·

208 4698 303 4754 tur,
342 4699 390 4746 et
423 4696 556 4759 qnod
588 4709 918 4746 succoesorum
949 4696 1205 4746 Alexandri
1233 4695 1472 4759 scripsisse
1506 4696 1750 4745 historiam

209 4765 371 4827 fertur,
397 4766 529 4815 hunc
559 4765 714 4827 ipsum
732 4764 983 4826 significari
1000 4764 1274 4814 affirmaret.
1298 4764 1438 4826 Apud
1464 4765 1750 4815 Antiochum

210 4838 368 4884 autem
387 4849 572 4897 regem,
588 4835 671 4897 qui
692 4834 889 4897 cogitari
915 4848 1013 4883 non
1043 4837 1203 4896 posset
1220 4834 1308 4883 nisi
1329 4847 1454 4883 unns
1484 4848 1545 4883 ex
1568 4834 1752 4884 Seleuci

212 4901 437 4953 Nicatoris
461 4904 689 4966 posteris,
716 4917 868 4966 quum
888 4904 1020 4952 nulia
1037 4916 1250 4966 unquam
1274 4903 1536 4954 Cardianus
1549 4905 1754 4966 scriptor

212 4974 355 5032 gratia
387 4972 625 5033 floruerit,
662 4985 759 5020 uno
793 4971 1037 5032 omnium,
1071 4971 1156 5033 qui
1192 4971 1254 5021 de
1281 4984 1336 5020 ea
1371 4985 1422 5020 re
1449 4972 1752 5033 judicarunt,

214 5052 438 5090 consensu
464 5053 638 5091 nomen
664 5044 943 5103 corruptum
964 5053 1065 5090 esse
1087 5041 1415 5103 verioremque
1431 5040 1683 5090 lectionem
1706 5042 1755 5090 in

217 5111 596 5171 interpretatione
619 5110 794 5172 latina,
827 5123 939 5174 qum
970 5113 1207 5173 Antiqont
1229 5113 1363 5172 nqis
1385 5110 1556 5172 habet,
1584 5110 1754 5173 deprc-

218 5179 354 5229 liendi
381 5180 647 5242 indicatum
668 5181 756 5230 est.
778 5197 805 5225 ιι

1793 663 2034 717 tradenti
2060 663 2076 740 ζ
2093 665 2176 718 De
2204 665 2362 736 long.
2393 682 2441 717 c.
2489 679 2510 717 1
2528 682 2550 717 1
2576 662 2618 737 ).
2655 664 2831 719 Simili
2867 662 3059 718 favore
3081 674 3144 718 ut
3176 666 3343 719 Anti-

1794 767 1974 822 gonus
2001 761 2056 803 et
2079 748 2227 805 fliius
2248 768 2377 804 eum
2407 760 2463 804 et
2490 767 2665 822 nepos
2696 750 2936 822 amplexi
2970 760 3116 807 sunt.
3144 751 3347 805 Deme·

1796 838 1930 890 trius
1971 838 2117 890 enim
2165 853 2262 892 rex
2310 836 2650 891 Macedoniae
2695 835 2870 890 factus
2886 876 2901 904 ,
2956 837 3181 891 Boeotiae
3220 855 3348 892 eum

1795 922 1971 977 mo:·¹.o
2011 924 2268 994 subjectae
2295 922 2544 996 praefecit
2578 921 2681 996 (Ἲς
2725 939 2852 977 cum
2903 925 3191 997 Antigono
3225 924 3348 979 Go-

1797 1020 1922 1065 nata
1950 1022 2137 1064 autem
2163 1012 2223 1065 in
2262 1012 2651 1083 Peloponneso
2689 1009 2853 1064 fuisse
2889 1008 3132 1078 videtur,
3171 1028 3346 1082 quum

1797 1085 2043 1170 Pyrrhus
2061 1099 2221 1171 Argis
2237 1109 2476 1153 mortem
2498 1108 2813 1170 oppeteret.
2836 1097 3020 1168 Verba
3037 1100 3188 1152 enim
3205 1097 3351 1175 ἀνδρὶ

1797 1180 1898 1259 γὰρ
1937 1183 2143 1258 βασιλεῖ
2182 1180 2400 1239 συνόντα
2443 1183 2644 1257 ἀνάγκη
2684 1188 2831 1239 πᾶσα
2871 1182 2921 1245 ἐς
2955 1181 3109 1260 χάριν
3139 1181 3352 1261 γράφειν

1798 1287 1889 1342 ap.
1911 1272 2143 1326 Pausan.
2170 1269 2276 1344 (fr.
2305 1271 2405 1343 ιο)
2446 1269 2519 1324 ad
2542 1270 2885 1343 Antigonum
2899 1269 3187 1326 referenda
3205 1282 3351 1339 sum,

1798 1372 1937 1423 non,
1954 1365 2020 1408 ut
2033 1356 2238 1411 Sevino
2265 1356 2477 1429 placuit
2491 1395 2508 1423 ,
2530 1353 2605 1409 ad
2624 1354 2920 1426 Pyrrhum,
2942 1374 2974 1411 a
2996 1355 3153 1427 cujus
3171 1357 3354 1429 parti-

1800 1441 1905 1496 bus
1917 1442 2292 1514 Hieronymus
2301 1458 2588 1513 nunquam
2601 1459 2716 1495 non
2726 1442 3084 1497 alienissimus
3095 1441 3258 1498 fuisse
3271 1445 3326 1496 vi
3336 1472 3353 1486 ·

1802 1527 1988 1585 detur.
2009 1529 2094 1583 Ex
2113 1529 2177 1582 iis
2197 1528 2347 1583 enim
2362 1545 2484 1599 quae
2502 1538 2812 1599 sequuntur
2827 1528 2871 1582 ei
2889 1525 2944 1582 δὲ
2960 1524 3093 1583 καὶ..
3105 1572 3119 1587 .
3141 1526 3356 1607 γράφειν

1804 1611 1896 1685 (v.
1923 1614 1996 1668 fr.
2030 1610 2158 1688 10),
2189 1615 2328 1667 nihil
2351 1614 2540 1687 colligi
2560 1623 2771 1686 potest,
2797 1615 2902 1668 nisi
2925 1617 3353 1689 Hieronymum,

1804 1710 1866 1754 ut
1883 1702 2168 1775 Antigono
2191 1703 2308 1774 regi
2335 1687 2616 1773 placeret]
2635 1699 2707 1756 de
2729 1701 2929 1773 Pyrrhi
2954 1712 3139 1757 morte
3154 1703 3357 1758 dixisse

1804 1787 2151 1844 invidiosius.
2188 1812 2213 1837 ι»
2240 1790 2520 1843 Hactenus
2546 1787 2619 1841 de
2650 1788 2765 1842 vita
2803 1789 3045 1843 auctoris
3074 1790 3271 1847 nostri.

1884 1875 2115 1948 Scripsit
2140 1875 2515 1947 Hieronymus
2537 1872 2824 1928 historiam
2851 1874 2955 1929 τῶν
2984 1871 3238 1951 διαδόχων
3256 1895 3360 1931 nec

1807 1979 1926 2015 non
1950 1956 2053 2016 τῶν
2077 1956 2347 2035 ἐπιγόνων,
2380 1978 2560 2032 usque
2580 1959 2653 2015 ad
2673 1972 2917 2016 mortem
2951 1961 3150 2033 Pyrrhi
3176 1959 3358 2038 (27²)

1808 2048 1896 2101 vel
1942 2048 2110 2102 etiam
2145 2047 2337 2120 paullo
2371 2047 2603 2101 ulterius
2641 2049 3023 2102 narrationem
3057 2046 3359 2104 deduc-ns.

1807 2129 1919 2200 Τὴν
1944 2134 2049 2189 τῶν
2072 2131 2329 2209 διαδόχων
2346 2130 2575 2209 ἱστορίαν
2599 2134 2793 2206 saepius
2815 2144 3177 2188 memoratam
3202 2133 3362 2188 vidi·-

1808 2236 1970 2293 mus3
2015 2216 2112 2287 τὴν
2154 2217 2273 2293 περὶ
2318 2215 2568 2290 ἐπιγόνων
2625 2215 2990 2295 πραγματείαν
3037 2220 3207 2274 semel
3234 2220 3368 2273 citat

1808 2306 2107 2378 Dionysius
2134 2306 2621 2361 Halicarnassensis
2649 2305 2711 2358 in
2735 2307 2866 2361 Ant.
2894 2306 3063 2359 Rom.
3098 2306 3150 2372 1,
3183 2303 3218 2356 6
3253 2300 3360 2380 (fr.

1813 2390 1906 2465 8),
1927 2390 2001 2445 de
2029 2409 2094 2446 ea
2122 2392 2306 2463 operis
2322 2402 2480 2463 parte
2503 2392 2783 2464 cogitans,
2810 2408 2920 2462 qua
2943 2391 3141 2462 Pyrrhi
3167 2390 3229 2443 in
3248 2392 3368 2444 Ita-

1812 2477 1886 2531 lia
1904 2494 1993 2531 τα
2004 2487 2177 2550 gestas
2198 2477 2575 2548 Hieronymus
2587 2475 3028 2548 exposuit—Ab
3044 2474 3246 2530 eodem
3263 2493 3334 2530 au
3347 2506 3369 2519 ν

1814 2574 1973 2619 ctore
2020 2564 2187 2619 etiam
2228 2562 2532 2640 Alex-andri
2579 2563 2868 2618 historiam
2911 2572 3205 2617 tractatam
3257 2581 3371 2618 eaee

1816 2651 1973 2706 fuere
2000 2651 2169 2718 olim,
2210 2650 2308 2723 qui
2346 2651 2732 2723 opinarentur.
2769 2649 2992 2704 Scilicet
3016 2666 3191 2721 quum
3219 2649 3372 2722 apud

1816 2738 2047 2796 Suidam
2096 2739 2312 2811 legatur
2350 2754 2366 2793 ξ
2409 2733 2718 2813 Ἱερώνυμος
2757 2732 3043 2811 Καρδιανὸς
3087 2733 3140 2800 ὃς
3175 2733 3241 2791 τὰ
3289 2734 3371 2791 ἐπ’

1818 2819 2141 2900 Ἀλεξανδρία
2160 2819 2459 2899 πραχθέντα
2491 2819 2776 2898 συνίγραψε
2790 2863 2807 2893 ,
2831 2822 3017 2876 locum
3032 2833 3224 2896 aperte
3247 2842 3372 2879 cor·

1816 2921 2049 2986 ruptum
2075 2911 2152 2965 ita
2175 2910 2415 2978 Vossius,
2443 2909 2729 2966 Fabricius
2760 2907 2850 2982 (B.
2869 2909 2968 2964 Gr.
2996 2911 3084 2978 11,
3110 2928 3174 2982 p.
3198 2927 3313 2983 219
3331 2911 3375 2983 )‚

1817 3001 2140 3055 Mannertus
2164 2996 2389 3071 (Ge-reli.
2408 2999 2465 3051 d.
2493 2992 2977 3070 Nachsolg.Alex.
3005 3014 3067 3070 p.
3094 2994 3380 3070 357)cor-

1819 3085 2118 3160 rigendum
2140 3095 2440 3159 putarunt,
2467 3095 2533 3138 ut
2578 3083 2850 3138 scribatur
2876 3081 2961 3137 ὑπ’
3010 3078 3343 3153 Ἀλεξάνδρου
3362 3125 3377 3151 ,

1819 3173 1909 3227 vel
1958 3189 2028 3227 ex
2054 3171 2371 3245 Kiessiingii
2391 3170 2463 3242 (l.
2493 3172 2534 3225 l.
2566 3189 2628 3243 p.
2660 3165 2762 3245 27)
2806 3171 3074 3226 sententia
3109 3169 3192 3226 ἐπ’
3234 3166 3383 3227 Ἀλε-

1822 3253 2053 3336 ξάνδρου.
2076 3260 2211 3328 Qnae
2235 3256 2553 3314 emendatio
2573 3274 2750 3329 quum
2777 3273 2962 3328 neque
2976 3274 3046 3311 ex
3061 3255 3382 3331 fragmentis

1822 3363 2008 3417 neque
2068 3343 2296 3400 aliunde
2362 3343 2746 3398 commendari
2805 3344 3005 3417 possit,
3055 3341 3384 3415 Leopardus

1827 3436 1843 3515 (
1865 3440 1991 3494 Em.
2013 3440 2099 3495 XI
2118 3479 2134 3507 ‚
2166 3443 2233 3514 9)
2250 3449 2403 3494 recte
2431 3437 2575 3492 vidit
2599 3435 2958 3491 scribendum
2985 3452 3100 3491 esse
3127 3436 3207 3491 ἐπ’
3239 3431 3381 3493 Ἀλε-

1827 3522 2051 3603 ξάνδρῳ,
2095 3536 2224 3598 ρωτ
2276 3525 2663 3580 Alexandrum
2677 3562 2696 3589 ,
2758 3521 2818 3577 id
2866 3520 3024 3595 quod
3071 3521 3386 3595 probarunt

1824 3613 2218 3686 Wesselingius
2244 3610 2343 3685 (ad
2363 3610 2608 3666 Diodor.
2647 3610 2836 3664 XVIII
2855 3650 2872 3678 ,
2902 3607 3003 3684 26)
3025 3648 3041 3676 ,
3071 3607 3380 3664 Briichxer.

1827 3700 1867 3757 l.
1896 3700 2001 3773 l.p.
2024 3698 2139 3773 259
2158 3697 2539 3771 ,Bernhardy.
2559 3696 2631 3752 ad
2650 3694 2813 3754 Suid.
2828 3696 2871 3753 l.
2889 3697 2956 3765 1.,
2980 3696 3166 3752 Geier.
3183 3697 3385 3768 Script.

1827 3805 1940 3842 rer.
1967 3787 2127 3843 Alex.
2157 3787 2418 3859 Prolcgg.
2445 3803 2506 3858 p.
2533 3785 2668 3841 XX.
2715 3786 3067 3857 Quamquam
3096 3783 3218 3838 haec
3239 3783 3388 3837 tituli

1828 3874 1973 3930 ratio
2001 3873 2210 3928 insoliti
2228 3871 2500 3946 quiddam
2527 3872 2717 3928 habet.

1906 3961 2178 4033 Reliquiae
2194 3961 2378 4033 operis
2390 3958 2541 4014 haud
2560 3958 2731 4013 dubie
2746 3957 3061 4030 amplissimi
3072 3955 3388 4029 perexiguae

1830 4060 1986 4116 sunt,
2015 4065 2133 4105 non
2155 4057 2476 4120 propterea,
2504 4046 2661 4119 quod
2681 4063 2811 4100 raro
2838 4045 3074 4099 seriores
3084 4044 3390 4115 scriptores

1832 4153 1901 4190 eo
1914 4136 2001 4189 usi
2017 4143 2165 4203 sunt,
2180 4133 2279 4189 sed
2289 4132 2448 4206 quod
2467 4151 2673 4187 nomen
2685 4132 2928 4187 auctoris
2944 4131 3028 4185 sui
3042 4130 3381 4202 plerumque

1833 4223 2104 4279 celarunt.
2145 4222 2288 4276 Nam
2312 4218 2660 4286 Diodorum,
2701 4229 2767 4274 ut
2795 4219 2946 4272 hunc
2979 4216 3296 4287 nominem,
3328 4216 3388 4268 in

1833 4307 2126 4364 narrandis
2176 4308 2347 4363 rebus
2399 4307 2690 4374 Eumenis,
2737 4305 3007 4379 Antigoni
3030 4345 3048 4374 ,
3079 4303 3386 4371 Demetrii,

1838 4395 2245 4466 Hieronymum
2271 4395 2510 4448 maxime
2549 4392 2749 4447 ducem
2796 4400 3065 4446 sectatum
3093 4407 3207 4445 esse
3234 4399 3389 4444 extra

1838 4482 2204 4536 dubitationis
2239 4481 2414 4536 aleam
2441 4481 2686 4552 positum
2720 4495 2834 4534 esse
2857 4494 3076 4532 censeo.
3111 4476 3254 4533 Vide
3277 4475 3390 4532 dis-

1838 4569 2187 4641 putationem
2203 4565 2531 4632 Briickneri,
2566 4583 2735 4638 quam
2751 4563 3068 4636 fragmentis
3080 4562 3392 4636 subjicien-

1840 4655 1970 4710 dam
1996 4655 2327 4710 curavimus.
2355 4682 2427 4696 —-
2448 4654 2530 4707 Ex
2559 4651 2762 4707 eodem
2780 4649 3107 4706 Briicknero
3131 4649 3189 4707 h.
3223 4650 3263 4703 1.
3293 4667 3393 4723 ap-

1838 4759 2052 4815 ponere
2073 4741 2269 4808 liceat,
2297 4757 2422 4812 quae
2449 4737 2521 4794 de
2548 4739 2879 4793 auctoritate
2906 4737 3192 4810 scriptoris
3216 4737 3392 4790 nostri

1841 4829 1927 4883 vir
1940 4825 2291 4883 doctissimus
2330 4824 2603 4882 disseruit.
2648 4849 2673 4874 ι
2725 4824 2815 4879 Ad
2859 4821 3028 4878 fidem
3057 4823 3394 4895 Hieronymi

1905 4970 1968 5030 (*)
2000 4968 2239 5018 Plutarch.
2259 4970 2468 5017 Demetr.
2494 4973 2553 5017 89
2571 4986 2584 5015 z
2600 4968 2660 5016 ‘0
2675 4967 2726 5015 δὲ
2747 4964 3064 5026 (Δημήτριος)
3084 4968 3183 5020 ταῖς
3206 4964 3400 5013 πόλεσιν

1844 5039 2057 5101 ἰμδαλὼν
2075 5039 2270 5101 φρουρὰν
2297 5039 2377 5086 καὶ
2395 5037 2677 5100 πραξάμενος
2699 5035 2846 5084 πολλὰ
2869 5034 3085 5096 χρήματα
3109 5033 3188 5081 καὶ
3211 5034 3396 5081 καταλι-

1843 5111 1945 5158 πὼν
1963 5109 2115 5162 αὐτοῖς
2130 5107 2404 5170 ἐπιμελητὴν
2420 5108 2501 5155 καὶ
2515 5106 2748 5169 ἁρμοστὴν
2765 5105 3034 5168 Ἱερώνυμον
3069 5103 3147 5151 τὸν
3167 5103 3396 5164 ἱστορικὸν

1845 5178 1994 5234 ῑδοξεν
2017 5178 2165 5236 ἠπίως
2183 5180 2433 5241 κεχρῆσθαι
2454 5177 2553 5226 κτλ.

3078 5297 3142 5336 29.
