3900 6042
1024 411 1416 473 EXCERPTA
1460 414 1559 473 Ex
1604 416 1969 495 ntsloma
2013 416 2334 479 DIODORI
2380 418 2646 477 sicum.
3297 440 3420 483 ιιιι

248 530 378 611 τριὸι
406 533 449 589 δ’
473 522 681 598 οὗτος
657 554 711 590 ιν
744 531 963 610 Σμύρνῃ
990 530 1443 610 διαὸεὸαιοῦμενος
1464 535 1645 594 ἱαυτον
1674 535 1789 596 ’··Αν

247 619 411 698 τιόχου
458 623 552 676 τοῦ
607 619 865 697 βασιλέως
906 619 1014 675 υἱὸν
1053 610 1214 692 εἶναι,
1263 620 1353 678 καὶ
1398 621 1542 702 παρὰ
1587 626 1795 727 πολλοῖς

246 706 606 781 πιστευόμενος
644 705 730 763 διὰ
756 706 850 776 τὴν
882 706 1187 781 ὁμοιότητα.
1274 707 1371 773 Ὣς
1400 708 1453 767 δὲ
1483 710 1795 787 παρεγένετο

247 796 312 859 εἷς
340 795 653 870 Πέργαμον,
686 791 976 868 ἐκόσμησεν
1016 792 1079 872 (s)
1114 791 1269 851 αὐτὸν
1299 794 1583 871 διαδήματι
1612 820 1701 854 και
1728 801 1791 874 τῇ

244 883 392 959 λοιπῇ
432 879 775 959 προσηκούσῃ
829 879 1083 957 βασιλέως
1134 885 1413 960 περικοπῇ.
1513 884 1620 942 Καὶ
1670 883 1796 963 πρός

247 992 354 1027 τινα
382 971 487 1026 τῶν
514 968 750 1027 Κιλίκων
782 966 1010 1046 ἔπεμψεν
1025 968 1403 1042 ὀνομαζόμενον
1432 969 1792 1050 (11)Ὀφᾶνην.

245 1049 405 1122 Οὗτος
438 1053 496 1112 δὲ
543 1052 604 1111 ἔκ
634 1077 769 1118 τινος
799 1054 966 1118 αἰτίας
1003 1054 1302 1133 προσκόψας
1354 1055 1449 1131 μὲν
1499 1059 1573 1115 τῶ
1606 1063 1791 1132 Δημη·

245 1143 384 1222 τρίῳ,
434 1142 834 1220 συνεπιληφθεὶς
870 1144 931 1218 (s)
972 1141 1026 1199 δὲ
1067 1140 1120 1198 ἔν
1159 1164 1263 1199 τισι
1300 1145 1797 1222 στενοχωρουμένας

244 1236 436 1305 καιροῖς
459 1230 551 1284 ὑπ’
586 1226 849 1303 Εὐμένους
894 1232 984 1284 τοῦ
1010 1225 1125 1284 τότε
1171 1228 1451 1306 βασιλέως,
1481 1230 1617 1287 κατὰ
1646 1230 1794 1308 λόγον

240 1316 365 1393 πρὸς
410 1314 467 1372 ὃν
510 1313 605 1391 μὲν
660 1313 940 1389 ἀλλοτρίως
982 1313 1229 1386 διέκειτο,
1258 1314 1387 1393 πρὸς
1431 1315 1484 1374 ὃν
1515 1318 1568 1375 δὲ
1613 1320 1791 1397 φιλαν-

239 1402 483 1482 θρώπως·
532 1404 604 1467 εἰς
645 1400 699 1459 δὲ
739 1400 930 1478 χωρίον
969 1403 1063 1470 τῆς
1114 1402 1355 1467 Κιλικίας
1391 1403 1662 1479 δεξάμενος
1706 1406 1793 1463 τὸν

239 1488 603 1566 μειρακίσκον,
635 1487 852 1544 διεδίδου
876 1486 1055 1564 λόγους
1084 1489 1155 1553 εἰς
1192 1487 1286 1559 τὴν
1322 1490 1536 1569 Συρίαν,
1564 1493 1634 1556 ὡς
1662 1491 1795 1566 μέλ·

237 1576 412 1641 λσντος
442 1574 534 1633 ἐπὶ
560 1576 658 1645 τὴν
685 1572 933 1655 πατρῴαν
964 1573 1131 1653 ἀρχὴν
1164 1576 1398 1633 κατιέναι
1424 1582 1513 1634 τοῦ
1551 1578 1791 1655 μειρακί-

236 1684 363 1720 σκου
385 1660 485 1720 σὺν
509 1661 624 1739 ἰδίῳ
649 1664 831 1739 καιρῷ.
858 1663 929 1719 Οἱ
949 1660 1003 1717 δὲ
1027 1661 1163 1718 κατὰ
1189 1662 1283 1731 τὴν
1303 1661 1498 1741 Συρίαν
1522 1662 1670 1741 ὄχλοι
1683 1665 1793 1729 ταῖς

235 1749 320 1806 ἐπὶ
347 1752 455 1805 τῶν
484 1746 763 1827 ,προτέρων
818 1748 1073 1826 βασιλέων
1114 1747 1492 1828 φιλανθρώποις
1541 1749 1793 1817 ἐντεύξεσι

236 1835 440 1913 βαρέως
463 1833 644 1913 ἔφερον
670 1839 759 1891 τοῦ
784 1836 1084 1913 Δημητρίου
1100 1832 1194 1904 τὴν
1222 1836 1506 1915 αὐστηρίαν
1533 1837 1594 1913 (7)
1622 1838 1710 1894 καὶ
1736 1837 1794 1894 τὸ

233 1924 335 1978 τῶν
366 1919 632 1979 ἐπιὸολῶν
659 1920 953 2000 δραστικόν.
1005 1919 1199 1999 Διόπερ
1241 1923 1417 1981 οἰκεῖοι
1447 1927 1539 1994 τῆς
1566 1922 1791 1999 μεταδο-

230 2009 323 2078 λῆς
344 2007 511 2078 ὄντες,
532 2007 782 2085 μετέωροι
800 2007 912 2071 ταῖς
935 2008 1389 2085 προσδοκωμέναις
1413 2010 1613 2069 ἐλπίσιν
1639 2003 1795 2087 ἦσαν,

230 2095 299 2158 ὥς
317 2093 511 2151 αὐτίκα
544 2093 692 2167 μάλα
722 2092 1181 2170 μεταπεσουμίνης
1199 2098 1291 2165 τῆς
1323 2094 1553 2164 ἔξουσίας
1579 2099 1649 2163 εἷς
1673 2096 1786 2157 ἕτε-

231 2202 318 2258 ρον
342 2180 724 2259 ἐπιεικέστερον
761 2180 997 2259 βασιλέα.

308 2267 434 2325 XV.
443 2262 639 2324 Ὅτιοὶ
654 2265 970 2345 Ὀροφέρνου
984 2266 1412 2345 πρεσὸευταὶᾶπὸ
1423 2267 1792 2348 Ῥώμηςάνερ·

230 2350 469 2429 ‘stip-tvos,
488 2350 733 2410 καὶκατὰ
748 2353 1009 2411 τὸνπλοῧν
1023 2353 1506 2420 ίπιὸουλιύσαντες’
1500 2362 1539 2414 Α
1549 2357 1795 2435 ριαράθην

231 2438 351 2516 περὶ
376 2438 673 2517 Κόρκυραν,
701 2439 844 2497 αὐτοὶ
864 2441 1322 2520 προσανῃρέθησαν
1343 2440 1443 2499 ὑπὸ
1468 2440 1790 2520 Ἀριαράθου.

234 2524 467 2600 Ὁμοίως
491 2526 547 2584 δὲ
571 2526 663 2583 καὶ
680 2525 803 2605 περὶ
833 2526 1080 2606 Κόρινθον
1092 2526 1374 2598 ἕπιὸουλὴν
1386 2531 1502 2585 κατ’
1526 2530 1682 2586 αὐτοῦ
1702 2552 1792 2586 συ·

238 2611 578 2684 στησαμένων
589 2616 693 2670 τῶν
722 2634 812 2670 του
824 2611 1258 2693 ’οροιρὲρνου,καὶ
1269 2636 1465 2684 ταυτην
1487 2613 1790 2692 παραδόξως

240 2696 522 2776 διαφυγὼν
551 2699 771 2769 διεσώθη
796 2699 923 2778 πρὸς
936 2700 1022 2757 τὸν
1037 2698 1286 2759 Ἄτταλον
1309 2702 1382 2766 εἷς
1411 2700 1467 2759 τὸ
1483 2701 1780 2780 Πέργαμον.

316 2788 466 2846 xvl.
514 2783 645 2845 Ὅτι
687 2790 762 2864 τῷ
803 2786 1090 2867 Δημητρίῳ
1134 2788 1292 2845 πάλιν
1359 2790 1419 2845 ἐκ
1452 2791 1555 2845 τῶν
1611 2790 1783 2866 ὄχλων

1888 547 1998 607 nis)
2026 560 2128 597 esse
2157 546 2434 609 dictitabat,
2460 561 2546 597 nec
2569 548 2734 610 paucis
2766 548 2811 597 id
2849 553 3040 611 propter
3084 550 3439 601 similitudinem

1883 656 2014 705 iliam
2034 657 2364 718 persuadebat.
2429 661 2572 709 Hunc
2598 660 2759 722 igitur,
2794 658 2876 707 ubi
2914 663 3194 721 Pergamum
3219 670 3438 725 venerat,

1882 761 2151 811 diademate
2188 764 2376 811 ornavit
2418 766 2466 812 et
2505 764 2689 826 reliquo
2722 769 2953 827 apparatu
2989 768 3116 829 regio
3151 769 3437 831 instructum

1884 867 2012 918 misit
2038 870 2084 918 in
2118 870 2332 920 Ciliciam
2378 872 2435 920 ad
2478 874 2728 934 Ophanem
2764 874 3030 936 quendam;
3072 875 3155 938 qui
3191 889 3344 939 quum
3379 875 3440 925 de

1883 990 2025 1026 causa
2061 979 2221 1027 nescio
2246 994 2342 1042 qua
2370 979 2666 1030 simultatem
2689 982 2916 1032 adversus
2948 960 3246 1033 Demetrium
3282 998 3441 1034 susce-

1884 1085 2054 1146 pisset,
2077 1091 2244 1135 contra
2270 1100 2383 1136 vero
2407 1088 2454 1136 in
2474 1062 2744 1150 temporum
2763 1092 2990 1153 angustiis
3009 1092 3296 1155 quibusdam
3319 1092 3434 1142 olim

1882 1193 1944 1241 ab
1965 1197 2189 1253 Eumene,
2207 1196 2292 1257 qui
2313 1198 2430 1245 tunc
2445 1197 2685 1259 regnabat,
2707 1199 2981 1249 sublevatus
2998 1203 3138 1260 asset,
3160 1203 3214 1251 ut
3236 1214 3439 1249 consen·

1883 1305 2078 1351 taneum
2099 1306 2169 1352 est
2184 1317 2212 1351 a
2230 1304 2471 1354 Demetrio
2489 1306 2696 1366 alienus,
2713 1305 2762 1355 in
2787 1309 2994 1361 Attalum
3015 1320 3274 1371 propensus
3290 1314 3336 1359 et
3354 1309 3437 1358 he-

1882 1413 2083 1462 nevolus
2100 1416 2218 1462 erat.
2243 1417 2290 1463 ls
2310 1412 2469 1476 igitur,
2499 1429 2647 1478 puero
2674 1412 2722 1465 in
2745 1419 2991 1467 castellum
3020 1416 3198 1468 Ciliciae
3222 1422 3438 1482 recepto,

1882 1534 2101 1570 rumores
2130 1535 2214 1583 per
2241 1522 2422 1583 Syriam
2449 1525 2725 1586 spargebat,
2756 1525 2979 1585 iuvenem
3002 1526 3138 1576 illum
3173 1528 3220 1576 in
3241 1541 3438 1589 regnum

1882 1633 2134 1692 paternum
2164 1630 2430 1680 rediturum
2475 1645 2580 1681 esse
2617 1636 2831 1693 tempore
2870 1638 3156 1695 opportuno.
3203 1638 3257 1685 ln
3303 1636 3440 1697 Syria

1880 1740 2044 1788 autem
2062 1739 2323 1789 multitudo
2345 1743 2537 1803 propter
2556 1741 2765 1802 priorum
2782 1755 2942 1803 regum
2958 1742 3286 1793 affabilitatem
3303 1746 3440 1794 tanto

1882 1847 2055 1911 tegrius
2071 1850 2187 1897 tunc
2207 1848 2385 1898 terebat
2403 1849 2728 1899 austeritatem
2749 1851 2988 1899 Demetrii.
3007 1854 3308 1914 Quapropter
3329 1867 3438 1902 mu·

1881 1959 2075 2009 tationis
2107 1960 2266 2022 cupidi
2291 1962 2341 2009 et
2362 1962 2714 2023 exspectatione
2735 1963 2802 2011 rei
2832 1965 3010 2025 optata·
3030 1964 3244 2025 suspensi
3267 1968 3404 2013 erant
3422 1998 3436 2024 ,

1881 2066 2015 2129 quasi
2041 2067 2239 2129 jamjam
2271 2066 2397 2130 regia
2428 2070 2634 2130 potestas
2665 2070 2713 2118 in
2749 2083 2922 2120 manus
2958 2071 3287 2121 mansuetioris
3318 2072 3440 2133 regis

1882 2169 2137 2218 transitura
2159 2172 2301 2219 esset.

1943 2276 2047 2322 XV.
2085 2274 2377 2336 Orophernis
2409 2274 2548 2336 legati
2581 2276 2732 2324 Roma
2754 2276 3007 2326 redeuntes
3034 2290 3183 2338 quum
3207 2279 3330 2327 inter
3361 2292 3443 2329 na·

1888 2360 2177 2421 rigationem
2217 2373 2363 2423 prope
2405 2363 2663 2422 corcyram
2705 2362 2906 2411 insulam
2946 2362 3138 2413 insidias
3177 2366 3439 2415 Ariarathe

1884 2447 2194 2508 struxissent,
2217 2460 2301 2509 spe
2320 2446 2490 2509 dejecti
2520 2450 2570 2497 et
2598 2446 2686 2509 ipsi
2717 2448 2913 2511 insuper
2939 2450 3000 2498 ab
3025 2451 3272 2501 Ariarathe
3295 2448 3440 2502 occisi

1884 2536 2014 2584 siant.
2077 2532 2304 2583 Similiter
2331 2533 2393 2583 ad
2433 2534 2718 2584 Corinthum
2759 2534 2939 2585 insidiis
2976 2536 3109 2598 jussu
3147 2539 3439 2600 Orophernis

1881 2620 2088 2683 paratis,
2121 2620 2208 2669 has
2228 2633 2420 2683 quoque
2444 2621 2715 2671 Ariarathes
2745 2626 2920 2684 proeter
2943 2624 3341 2685 exspectationem
3368 2627 3438 2676 et*-

1882 2708 1999 2769 tugit
2022 2720 2079 2756 ac
2096 2707 2257 2756 salvus
2289 2710 2569 2769 Pergamum
2584 2707 2644 2756 ad
2669 2710 2879 2757 Attalum
2895 2710 3126 2771 pervenit.

1944 2797 2076 2844 xvi.
2115 2796 2293 2843 lterum
2324 2807 2382 2842 ex
2419 2794 2549 2855 vulgi
2583 2794 2695 2842 odio
2729 2793 2859 2855 regni
2894 2795 3141 2846 amittendi
3171 2798 3438 2859 periculum

242 2966 285 3013 p
307 2960 412 3003 624.
433 2980 498 2991 —
515 2957 597 3013 τήν
612 2955 879 3019 ἠλικίαν]
898 2957 1130 3007 Eusebius
1143 2964 1273 3008 Arm.
1291 2972 1337 3019 p.
1363 2962 1483 3009 187:
1508 2958 1782 3019 Epiphane
1800 2957 2043 3006 Antiocho
2058 2956 2231 3006 adhuc
2247 2956 2541 3016 superstite,
2567 2967 2780 3016 reanum
2800 2955 3142 3017 adibatjilius
3158 2956 3438 3009 duodennis

244 3025 517 3075 Antiochus
537 3031 864 3087 coqnomento
886 3031 1141 3089 Ευροιον,
1171 3032 1260 3091 qut
1277 3041 1417 3077 anno
1434 3040 1538 3077 uno
1559 3028 1814 3075 mensibus
1835 3038 1928 3074 sea:
1942 3038 2060 3075 cum
2087 3027 2240 3093 patre
2257 3022 2474 3072 vivebat.
2504 3022 2653 3082 igitur
2674 3027 2865 3072 mortuo
2884 3026 3437 3086 &Epiphaniam-104

240 3105 415 3143 annum
432 3096 612 3145 iniisset
625 3096 869 3145 decimum
886 3101 1131 3159 quartum,
1150 3110 1209 3147 ac
1228 3099 1434 3147 moriens
1450 3111 1525 3147 an.
1551 3103 1629 3146 161
1660 3099 1865 3145 exeunte
1882 3095 1958 3145 vel
1983 3102 2069 3145 1110
2090 3089 2192 3143 init.
2212 3105 2363 3142 annos
2378 3091 2746 3154 septemdecim,
2765 3107 2842 3142 ιιι.
2874 3102 2958 3146 158
2981 3094 3274 3157 undeviginti
3293 3099 3436 3146 natus

244 3163 418 3213 [nima.
448 3169 676 3214 ceterum
699 3166 762 3214 ab
790 3166 992 3215 Eusebio
1021 3167 1182 3217 dissert
1203 3169 1447 3230 Appianus
1469 3172 1572 3229 Syr.
1593 3172 1673 3227 46,
1693 3180 1787 3215 sec.
1813 3179 1958 3228 quem
1977 3164 2238 3214 Antiochus
2267 3162 2559 3218 ἐτελεύτησεν
2577 3162 2777 3217 iwan&
2794 3164 2976 3212 παιδίον
3000 3163 3257 3213 ἀπολιπών.
3289 3164 3437 3228 idque

244 3234 406 3282 melius
427 3234 634 3296 quadrat
646 3248 762 3283 cum
783 3236 940 3284 verbis
974 3236 1166 3285 Diodori
1186 3238 1485 3299 μειρακίσκον
1526 3237 1642 3285 τινά.
1678 3235 1876 3286 Juvenis
1913 3234 1991 3282 hic
2008 3237 2080 3282 est
2105 3232 2405 3283 Alexander
2432 3231 2584 3280 Bata.
2610 3236 2730 3289 Quae
2751 3233 2842 3281 hoc
2865 3234 2967 3281 loco
2984 3233 3044 3282 de
3077 3246 3134 3281 eo
3168 3239 3438 3295 narrantur,

241 3302 423 3352 aliunde
450 3305 611 3353 minus
633 3308 749 3354 nota
770 3308 901 3354 sunt.
927 3305 1182 3363 Quomodo
1206 3309 1367 3368 postea
1392 3306 1664 3356 Heraclides
1687 3306 1924 3365 effecerit,
1949 3306 2005 3351 ut
2027 3317 2112 3353 rex
2140 3303 2291 3365 Syri-e
2310 3301 2575 3351 Alexander
2596 3315 2625 3351 a
2650 3306 2815 3353 senatu
2844 3306 3057 3353 Romano
3080 3308 3339 3363 crearetur,
3361 3307 3437 3354 m·

241 3372 335 3421 sius
348 3378 508 3424 narrat
530 3375 757 3437 Polybius
774 3379 973 3426 xxxttl
988 3412 1003 3437 ,
1023 3382 1096 3434 ιο,
1118 3377 1280 3437 paucis
1298 3388 1397 3424 rem
1412 3380 1614 3437 tangunt
1633 3377 1733 3425 Liv.
1754 3376 1877 3438 Epit.
1904 3381 1991 3434 52;
2013 3374 2213 3436 Appian.
2231 3377 2340 3435 Syr.
2357 3376 2438 3432 673
2453 3373 2709 3423 Athenaeus
2722 3386 2769 3435 p.
2789 3381 2898 3433 211,
2920 3379 2976 3423 A.
3003 3375 3220 3423 Justinus
3239 3378 3432 3436 xxxv,

248 3450 265 3492 1
298 3444 361 3493 ita
377 3445 550 3494 habet:
577 3448 765 3508 Itaque
791 3444 1163 3507 adjuvantibus
1190 3449 1240 3495 et
1256 3447 1531 3495 Ptolemoeo
1553 3459 1670 3507 φερε
1691 3449 1900 3507 AEqypn
1918 3448 1970 3493 et
1984 3445 2154 3494 Attalo
2173 3444 2299 3502 (non
2316 3454 2432 3489 vero
2450 3444 2661 3490 Eumene
2677 3446 2690 3499 )
2707 3446 2755 3491 et
2774 3443 3053 3492 Ariarathe
3070 3443 3408 3504 Cappadocia·
3421 3480 3434 3503 ,

242 3524 277 3560 a
303 3516 551 3563 mmetrio
584 3515 837 3574 lacessiti,
858 3516 1147 3564 subornant
1170 3516 1358 3564 Butam
1390 3515 1678 3578 quendam,
1705 3518 1858 3564 sortis
1887 3518 2134 3564 extrema!
2148 3513 2415 3574 ,iuvencum
2441 3516 2531 3576 qui
2556 3515 2722 3574 syrice
2756 3525 2971 3574 reynum
3000 3513 3137 3562 velut
3160 3515 3436 3573 paternum

241 3586 396 3629 armis
414 3584 687 3642 repeteret,
711 3586 761 3631 et
783 3596 847 3632 ne
869 3582 998 3645 quid
1019 3583 1342 3632 contumelia!
1362 3583 1570 3641 deesset,
1593 3595 1771 3631 nomen
1788 3587 1833 3631 ei
1856 3583 2150 3633 Alexander
2169 3581 2396 3632 inditur.
2419 3586 2725 3646 penitusque
2742 3584 2811 3633 ab
2831 3583 3072 3633 Antiocho
3088 3596 3203 3643 reqe
3218 3583 3432 3635 dicitur.

236 3654 356 3698 -4,
388 3650 740 3714 ἐκόσμησεν]
766 3653 1012 3714 amazone
1041 3651 1145 3700 cod.
1167 3659 1276 3701 -5.
1301 3652 1457 3714 ὁνομ.
1482 3651 1756 3715 ]ὁνομ.άζειν
1792 3653 1836 3702 ὀ.
1867 3654 2002 3708 αὐτὸς
2038 3653 2143 3701 cod.
2170 3659 2297 3701 -6.
2322 3653 2820 3715 συνεπιληφθεὶς]
2843 3654 3201 3714 συναποληφθεὶς
3233 3654 3341 3702 ccxi.
3371 3685 3435 3697 .-

236 3719 583 3783 λαωττιρίαν]
614 3724 682 3770 De
705 3721 794 3769 ist·
817 3736 936 3779 regns
954 3721 1109 3769 indole
1133 3722 1269 3783 plura
1292 3722 1401 3771 vide
1424 3734 1502 3783 ap.
1528 3723 1804 3783 Joseplium.
1828 3726 1934 3769 Ant
1955 3720 2065 3769 ,11ιά
2090 3723 2224 3781 xlii,
2251 3727 2360 3779 2,1.

298 3790 396 3835 xv.
421 3789 525 3838 Fot.
552 3795 659 3850 181,
676 3797 735 3839 26
753 3804 799 3840 υ.
817 3796 989 3851 -182,
1014 3798 1098 3838 tr.
1120 3791 1298 3839 Eodem
1314 3792 1413 3840 iere
1429 3794 1644 3853 tempore
1668 3803 1767 3852 quo
1786 3788 2057 3839 Ariarathes
2074 3792 2271 3837 Romam
2290 3790 2530 3849 proiectus
2555 3789 2724 3849 ωιζν.
2746 3789 2943 3850 supra),
2965 3791 3109 3839 etiam
3130 3791 3434 3853 Orophernes

238 3857 410 3917 legatos
421 3858 640 3916 miserat,
660 3859 967 3909 Timotheum
983 3860 1147 3921 (hujus
1162 3859 1395 3910 Diodorus
1410 3874 1605 3923 quoque
1622 3860 1839 3909 meminit
1858 3862 2031 3915 ΧΧΧΙ,
2050 3866 2107 3908 32
2125 3862 2141 3919 )
2162 3862 2210 3907 et
2227 3859 2505 3919 Diogenem,
2523 3860 2605 3921 qui
2618 3859 2755 3909 donis
2767 3862 2967 3921 gratiam
2982 3864 3174 3910 senatus
3187 3868 3433 3924 captarent

236 3929 287 3973 et
305 3926 361 3974 ad
380 3927 734 3977 accusationem
765 3929 1028 3978 Arist-aum
1052 3942 1249 3989 regnum
1274 3931 1529 3991 repetentis
1550 3929 1901 3991 responderent.
1929 3930 1991 3978 V.
2014 3928 2181 3990 Polyb.
2205 3931 2380 3978 xxxlt
2398 3964 2412 3987 ,
2435 3932 2529 3989 2ο(
2553 3933 2635 3978 157
2662 3943 2707 3977 a.
2732 3934 2785 3979 C.
2808 3933 2839 3991 ).
2867 3934 3124 3980 Decretum
3142 3936 3336 3982 senatus
3360 3935 3432 3982 111·-

235 3998 322 4044 tert
336 3997 577 4058 appianus
598 4000 709 4058 Syr.
731 4001 789 4047 ⁴7
811 4016 823 4046 z

845 3998 1093 4060 Ῥωμαίοις
1112 3998 1261 4047 ἐδόκει
1282 4001 1364 4060 μὲν
1384 4002 1447 4055 ὣς
1461 4000 1678 4061 ἀδελφοὺς
1693 3998 1957 4061 Ἀριαράθην
1974 4000 2053 4047 καὶ
2072 3999 2344 4060 Ὀλοφέρνην
2362 3998 2620 4060 βασιλεύειν
2643 4000 2779 4060 ὁμοῦ.
2804 4003 2911 4056 Quo
2932 4014 3157 4062 responso
3173 4001 3298 4049 haud
3315 4014 3430 4051 con·

234 4067 347 4114 tenti
371 4066 513 4128 iegati
542 4066 743 4116 insidias
760 4068 858 4129 regi
884 4071 1193 4131 struxerunt,
1225 4082 1430 4130 quarum
1461 4073 1626 4119 nostro
1652 4072 1760 4119 loco
1790 4068 1969 4117 mentio
1992 4067 2064 4116 tit.
2099 4071 2435 4130 Fragmentum
2459 4068 2550 4117 hoc
2576 4081 2688 4117 cum
2711 4068 3020 4118 antecedente
3043 4069 3195 4117 insere
3217 4073 3322 4128 post
3346 4071 3427 4119 lib.

232 4137 385 4185 xxxi
400 4173 415 4196 ,
430 4148 475 4184 c.
499 4140 577 4184 32.

292 4206 413 4253 xvl.
453 4205 565 4253 Fol.
608 4209 725 4263 182,
764 4212 780 4252 1
808 4219 854 4255 ι·.
880 4231 943 4242 -
973 4210 1087 4266 182,
1109 4214 1168 4255 25
1193 4219 1239 4254 v.
1257 4210 1297 4256 E
1318 4207 1482 4269 primis
1499 4207 1746 4271 fragmenti
1769 4205 1924 4255 verbis
1944 4208 2100 4267 patet,
2124 4206 2369 4267 sequentia
2388 4218 2482 4255 non
2510 4219 2567 4254 eo
2587 4205 2719 4266 loco,
2741 4206 2820 4254 ubi
2839 4205 2898 4253 de
2925 4206 3050 4255 bello
3066 4209 3232 4256 contra
3257 4208 3430 4256 Andri·

229 4288 363 4323 seam
389 4287 417 4322 a
442 4275 670 4323 Romanis
690 4278 822 4335 gesto
844 4276 1090 4338 agebatur,
1109 4275 1191 4325 sed
1216 4277 1264 4325 in
1289 4279 1512 4328 Demetrii
1529 4278 1707 4328 soteris
1723 4276 1917 4326 historia
1931 4288 2032 4323 esse
2051 4280 2257 4325 narrata.
2287 4276 2519 4324 Ultimum
2539 4276 2599 4324 de
2614 4289 2755 4335 regno
2775 4275 3037 4336 periculum
3053 4312 3065 4335 ,
3084 4275 3211 4337 quod
3238 4281 3431 4338 propter

231 4344 397 4392 odium
424 4342 733 4392 subditorum
758 4344 899 4392 fatale
919 4346 1159 4394 Demetrio
1185 4346 1276 4394 fuit
1303 4347 1530 4410 (Joseph.
1552 4351 1664 4397 xlll
1680 4384 1695 4408 ,
1715 4354 1742 4395 2
1757 4380 1772 4404 ,
1796 4349 1813 4393 1
1835 4346 1879 4403 ),
1903 4344 1967 4393 ab
1989 4344 2258 4394 Alexandro
2283 4344 2399 4393 Bata
2423 4344 2579 4404 venit,
2599 4346 2676 4392 cui
2701 4342 2750 4391 in
2768 4344 2952 4404 syriam
2971 4343 3242 4392 ascendenti
3270 4346 3427 4395 Ptole-

232 4412 436 4462 maidem
454 4413 629 4461 inootae
649 4411 974 4473 prodiderunt.
1000 4415 1050 4465 ld
1070 4427 1183 4463 vero
1206 4415 1373 4465 incidit
1390 4418 1438 4465 in
1457 4416 1668 4466 medium
1691 4427 1871 4465 annum
1901 4421 1985 4461 160
2001 4427 2085 4462 aer.
2116 4414 2300 4463 selenc.
2319 4448 2333 4471 ,
2356 4413 2454 4460 sive
2475 4413 2617 4461 inan.
2647 4419 2732 4461 152
2751 4425 2797 4461 a.
2824 4416 2883 4463 C.
2906 4414 3146 4471 (Maccab.
3173 4416 3221 4474 l,
3244 4421 3327 4475 10,
3349 4421 3424 4466 21.

232 4484 292 4530 v.
308 4482 525 4532 Glinton.
542 4485 599 4531 F.
622 4485 684 4531 Η.
705 4484 792 4541 nt,
805 4495 855 4545 p.
876 4484 1016 4544 325).
1039 4486 1159 4541 Quae
1174 4486 1338 4533 nostro
1353 4486 1459 4534 loco
1472 4485 1728 4534 traduntur
1744 4484 1804 4534 ad
1818 4483 2031 4545 eiusdem
2046 4485 2156 4532 anni
2174 4484 2249 4532 vet
2264 4481 2324 4530 ad
2344 4481 2663 4531 antecedentis
2682 4495 2756 4530 ras
2774 4482 3008 4543 pertinere
3025 4481 3299 4543 intelligitur
3313 4497 3340 4533 e
3357 4486 3427 4534 Li·

232 4550 297 4599 vii
316 4553 445 4613 Epit.
465 4555 546 4612 ⁴7,
563 4551 646 4600 ubi
660 4552 767 4601 liaec
788 4573 800 4602 ι
823 4554 1123 4614 Andriscus,
1138 4557 1300 4617 quise
1319 4554 1693 4616 Perseijitium,
1713 4557 1844 4616 reqis
1864 4553 2126 4615 quondam
2143 4551 2474 4602 Macedonian
2494 4554 2686 4614 inqenti
2702 4555 3077 4600 asseveratione
3099 4556 3425 4611 mentiretur,

238 4624 445 4670 Romam
464 4623 671 4669 missus.
688 4624 794 4670 Non
809 4622 1400 4684 affertEpitomeconsules
1415 4624 1524 4673 anni
1545 4630 1650 4686 152,
1661 4623 1855 4681 adeo,ut
1863 4622 2063 4672 dubium
2078 4623 2139 4671 sit
2158 4635 2273 4671 num
2291 4634 2363 4669 res
2375 4620 2436 4671 ad
2459 4628 2540 4670 153
2556 4635 2618 4670 an
2649 4621 2709 4670 ad
2728 4628 2812 4671 152
2829 4622 3075 4683 pertineat.
3096 4623 3256 4672 Malim
3268 4627 3428 4674 tamen

236 4690 433 4740 reterre
447 4690 511 4739 ad
528 4703 609 4739 an.
642 4697 746 4739 153.
768 4694 888 4741 Nam
905 4694 1275 4742 consentaneum
1294 4696 1367 4743 est
1382 4695 1676 4743 Demetrium
1693 4692 1974 4742 Andriscum
1989 4691 2125 4740 illum
2147 4694 2161 4748 (
2178 4690 2318 4739 sicuti
2334 4692 2477 4740 etiam
2492 4691 2642 4740 tilium
2655 4704 2815 4740 suum.
2838 4690 3002 4752 Polyb.
3027 4694 3180 4740 xxxi
3191 4694 3253 4751 ll,
3282 4699 3352 4754 16,
3372 4698 3397 4743 4
3414 4731 3427 4751 ,

238 4762 437 4809 nomam
458 4761 647 4808 misisse
667 4763 925 4822 antequam
950 4763 1142 4811 senatus
1160 4762 1431 4811 Alexandro
1457 4763 1582 4811 Baiae
1605 4776 1802 4824 regnum
1822 4764 1973 4822 syriae
1990 4760 2247 4810 addixisset
2265 4764 2499 4820 (exeunte
2519 4773 2645 4809 anno
2676 4767 2776 4810 153.
2807 4762 2864 4809 V.
2894 4759 3060 4820 Polyb.
3086 4762 3286 4810 xxxiii
3302 4799 3316 4820 ,
3354 4768 3426 4811 14.

242 4837 296 4878 to
309 4832 346 4889 ).
368 4832 530 4879 lusere
547 4830 871 4891 fragmentum
891 4835 995 4892 post
1011 4830 1205 4880 Diodor.
1221 4831 1304 4880 lib.
1329 4834 1498 4893 xxxi,
1519 4846 1564 4881 c.
1588 4837 1665 4882 40.
1686 4857 1749 4867 -
1766 4831 1996 4881 Fabulam
2014 4842 2160 4891 quam
2181 4829 2240 4877 dc
2259 4830 2496 4878 natalibus
2512 4830 2611 4877 suis
2627 4830 2883 4879 Andriscus
2903 4830 3123 4890 tinxerat,
3143 4830 3306 4892 paucis
3328 4835 3427 4881 tan·

236 4898 582 4959 gnatvettejns
602 4902 655 4955 1,
688 4906 734 4945 11
760 4916 774 4957 ;
797 4900 1041 4958 momen,
1064 4903 1117 4948 14
1136 4902 1371 4963 ›Eutrop
1402 4904 1486 4962 lv,
1511 4906 1596 4961 ¹³3
1617 4901 1781 4949 Victor
1801 4903 1902 4950 Vir.
1928 4899 2100 4949 illustr.
2121 4907 2173 4950 61
2194 4915 2209 4959 ;
2234 4903 2469 4950 Ammian.
2496 4903 2625 4961 xlv,
2654 4909 2724 4950 11.
2750 4903 2822 4951 Ct'.
2839 4901 3005 4963 Polyb.
3033 4903 3282 4961 xxxvu,
3311 4908 3352 4960 1,
3374 4903 3427 4950 (Ι.

240 4966 477 5015 mdc
493 4978 548 5016 ea
570 4964 697 5017 Livii
714 4966 927 5026 Epitome
940 4970 1026 5027 49,
1046 4967 1129 5028 qui
1144 4980 1294 5028 quum
1311 4981 1370 5017 ex
1388 4968 1555 5018 eodem
1575 4982 1686 5017 curn
1707 4969 1915 5018 Diodoro
1938 4972 2093 5031 tonte,
2112 4985 2140 5020 e
2166 4971 2360 5032 Polybio
2382 4974 2524 5032 puta,
2538 4971 2778 5031 hauserit,
2797 4972 3036 5033 simulque
3058 4972 3288 5021 nonnulla
3305 4985 3422 5033 sup·

242 5035 411 5094 periitet
435 5050 551 5098 quie
577 5035 626 5083 in
656 5037 821 5084 nostra
846 5034 1113 5085 narratione
1133 5035 1195 5084 ab
1212 5040 1491 5100 excerptore
1507 5038 1726 5086 truncata
1742 5038 2090 5101 desiderantur,
2106 5041 2264 5090 locum
2283 5041 2514 5102 Epitomae
2527 5041 2784 5090 exscribo:
2815 5042 3094 5091 Andriscus
3114 5041 3332 5104 quidam
3351 5042 3431 5090 ut·

246 5108 379 5153 timoe
400 5110 555 5155 sortis
574 5106 754 5163 homo,
780 5108 945 5154 Persei
968 5108 1098 5167 rents
1114 5118 1168 5155 se
1173 5106 1353 5167 fllium
1361 5108 1571 5168 serens
1589 5110 1639 5157 et
1653 5112 1855 5158 mutato
1878 5114 2080 5159 nomine
2105 5110 2371 5172 Philippus
2396 5114 2629 5166 vocatus,
2650 5124 2809 5174 quum
2828 5113 2894 5161 ab
2917 5111 3042 5161 urbe
3063 5113 3309 5165 Romana,
3330 5123 3431 5173 quo

244 5173 385 5224 illum
408 5180 728 5233 Demetrius,
747 5178 909 5235 Syrioe
928 5189 1037 5231 rear,
1061 5176 1122 5226 oh
1145 5177 1235 5225 hoc
1254 5180 1417 5240 ipsum
1441 5178 1763 5229 mendacium
1785 5184 2015 5239 miserat,
2036 5181 2170 5229 clam
2191 5178 2520 5243 prosnqisset,
2541 5181 2715 5230 multis
2736 5180 2810 5229 ad
2813 5180 3021 5242 salsam
3036 5180 3175 5240 ejus
3172 5179 3427 5239 tabulam,
