3900 6042
667 486 776 533 22ss

656 611 926 681 accepisse
954 607 1179 661 dieitur.
1224 604 1433 660 Eadem
1465 602 1665 659 eodem
1704 601 1879 657 modo
1916 615 2197 674 tamquam
2241 600 2250 665 ,l

656 696 724 748 ab
748 694 1042 749 Heraclide
1060 693 1294 746 Pontico
1310 690 1539 765 prodita
1555 701 1611 744 ct
1635 688 1839 744 deinde
1858 689 1929 743 ab
1953 689 2198 744 Alexan·
2242 682 2247 697 ’

656 782 831 837 drinis
857 781 1121 852 adoptata
1156 778 1326 834 refert
1366 778 1693 832 Plutarchus
1720 777 1781 829 in
1815 777 1977 830 Alex.
2006 794 2057 829 c.
2091 775 2196 840 26,

654 866 751 920 ubi
783 865 991 920 oraculi
1036 876 1252 931 auctor,
1295 865 1392 937 qui
1434 882 1538 937 per
1572 881 1831 917 somnum
1870 860 2199 917 Alexandro

654 953 941 1026 apparuit,
965 951 1127 1005 fuisse
1143 951 1349 1005 dicitur
1377 948 1508 1025 ἀνὴρ
1537 945 1713 1012 πολιὸς
1740 936 1796 1002 εὗ
1821 942 1962 1019 μάλα
1990 943 2084 1013 τὴν
2108 943 2200 1001 κό-

657 1061 782 1111 μην,
804 1036 894 1093 καὶ
921 1035 1134 1112 γεραρὸς
1156 1033 1215 1091 τὸ
1239 1025 1386 1098 εἶδος.
1406 1036 1752 1107 Quibuscum
1768 1036 1809 1088 si
1834 1051 2201 1107 comparave-

659 1127 730 1179 ris
748 1121 1424 1198 Pseudocallisthenem(1
1439 1163 1455 1189 ,
1477 1122 1549 1177 30
1564 1164 1579 1190 ,
1603 1121 1667 1176 13
1686 1131 1740 1175 et
1758 1119 1827 1174 33
1844 1160 1860 1187 ,
1886 1139 1907 1173 1
1921 1119 2008 1194 3),
2026 1120 2202 1192 liquet

654 1227 841 1266 senem
883 1212 1048 1264 istum
1088 1209 1321 1283 intelligi
1360 1209 1590 1281 Serapin
1631 1208 1799 1261 deum
1838 1207 1927 1260 vel
1965 1210 2199 1260 Ammo-

666 1315 823 1364 nem,
876 1298 971 1369 qui
1008 1295 1329 1351 Alexandro
1371 1307 1499 1367 post
1524 1313 1690 1365 *sacra
1712 1304 1952 1368 peracta
1987 1293 2202 1347 oraculi

655 1384 965 1456 accipiendi
1006 1400 1167 1437 causa
1204 1384 1262 1435 in
1304 1384 1515 1455 templo
1555 1382 1648 1437 dei
1685 1380 2000 1435 dormienti·
2030 1392 2203 1454 appa7

659 1474 858 1528 ruerit.
889 1473 1022 1526 Haec
1054 1479 1357 1542 propterea
1396 1478 1809 1535 commemoro,
1852 1466 2008 1540 quod
2044 1467 2200 1522 Iaso-

652 1570 784 1611 nem
830 1559 1069 1611 multum
1118 1557 1189 1611 ad
1232 1555 1497 1611 sacrificia
1559 1554 1857 1610 Alexandri
1908 1553 2203 1609 attendisse

656 1645 927 1700 docemur
953 1645 1082 1698 loco
1112 1643 1359 1698 Athenaei
1384 1644 1542 1710 XIV,
1564 1661 1623 1719 p.
1653 1642 1766 1696 620
1784 1682 1799 1709 ‚
1820 1643 1872 1696 D
1889 1682 1905 1709 ,
1929 1641 2030 1695 ubi
2053 1657 2067 1696 ε
2094 1636 2201 1697 Ἰά-

657 1750 761 1785 σων
786 1728 836 1784 δ’
874 1730 924 1784 ἐν
964 1726 1122 1806 τρίτῳ
1157 1726 1278 1806 περὶ
1318 1730 1419 1783 τῶν
1444 1725 1776 1804 Ἀλεξάνδρου
1804 1727 1955 1803 ἱερῶν
1982 1726 2032 1781 ἐν
2060 1724 2202 1783 Ἀλε-

659 1812 895 1893 ξανδρείᾳ
923 1813 1078 1894 φησὶν
1121 1814 1171 1869 ἐν
1213 1818 1287 1892 τῷ
1334 1812 1546 1891 μεγάλῳ
1586 1812 1786 1891 θεάτρῳ
1831 1810 2203 1891 ὕποκρίνασθαι

660 1901 922 1977 Ἡγησίαν
945 1902 1011 1957 τὰ
1040 1899 1348 1979 Ἡροδότου,
1378 1899 1738 1979 Ἑρμόφαντον
1769 1897 1823 1956 δὲ
1847 1897 1912 1956 τὰ
1934 1898 2197 1980 Ὁμήρου.

655 1990 907 2044 Dubium
945 2007 1082 2043 vero
1118 1991 1212 2042 vix
1240 2001 1320 2043 est
1355 1991 1492 2061 quin
1519 1988 1691 2043 verba
1723 1989 1772 2044 ἐν
1797 1985 1955 2063 τρίτῳ
1987 2002 2104 2044 non
2131 1991 2203 2045 de

656 2078 925 2147 peculiari
973 2093 1144 2148 opere
1188 2073 1454 2130 sacrificia
1504 2073 1808 2130 Alexandri
1853 2086 2199 2148 exponente,

657 2163 753 2218 sed
775 2162 844 2217 de
869 2164 1035 2217 tertio
1068 2158 1191 2218 Βίου
1221 2158 1471 2226 Ἱὶλλάδος
1494 2162 1640 2217 libro
1664 2163 1724 2216 in
1748 2161 2050 2217 Alexandri
2071 2172 2202 2219 tem·

658 2250 893 2323 poribus
916 2260 1169 2303 versante
1197 2250 1555 2323 intelligenda
1581 2251 1705 2303 sint.

739 2338 837 2391 His
877 2336 949 2390 de
978 2337 1188 2390 Iasonis
1229 2352 1400 2408 opere
1436 2336 1757 2408 praemissis,
1798 2338 2096 2408 quaerimus
2131 2354 2203 2390 an

659 2442 777 2477 non
802 2424 965 2477 simili
996 2421 1170 2476 modo
1197 2421 1550 2475 Dicaearchus
1580 2421 1636 2474 in
1668 2417 1775 2497 Βίῳ
1800 2417 2052 2484 Ἑλλάδος
2080 2438 2198 2475 rem

660 2512 975 2565 instituerit.
1021 2510 1155 2580 Quae
1209 2508 1438 2581 quidem
1490 2510 1732 2580 suspicio
1781 2518 1937 2564 tanto
1986 2510 2200 2564 facilius

579 2635 596 2647 ·
657 2600 920 2664 nascitur,
952 2615 1127 2670 quum
1158 2597 1287 2650 satis
1322 2604 1534 2650 constet
1559 2605 1912 2668 quantopere
1936 2594 2204 2650 Adrianei

649 2686 825 2741 'seculi
843 2686 1141 2757 scriptores
1154 2684 1380 2754 antiqua
1397 2683 1648 2755 exempla
1665 2682 1755 2736 vel
1768 2693 1896 2755 apte
1908 2682 1999 2737 vel
2017 2682 2203 2754 inepte

659 2773 863 2826 imitari
884 2772 1033 2825 soliti
1054 2774 1181 2825 sint.
1205 2772 1444 2824 Tantum
1459 2786 1595 2823 vero
1613 2769 1767 2823 abest
1783 2780 1849 2823 ut
1869 2768 2202 2843 fragmenta,

652 2858 864 2928 ‘quibus
902 2857 1033 2910 libri
1072 2857 1268 2909 notitia
1313 2855 1504 2909 addita
1543 2862 1651 2922 est,
1687 2855 2041 2927 refragentur
2071 2855 2204 2909 huic

658 2943 938 2997 sententiae
952 2983 968 3008 ,
986 2953 1053 2995 ut
1076 2943 1295 3015 egregie
1322 2960 1443 2996 eam
1466 2939 1819 3007 confirment.

736 3031 957 3084 Etenim
975 3030 1116 3082 liber
1126 3034 1343 3100 primus
1361 3029 1496 3081 Vitae
1527 3028 1752 3083 Graeciae
1772 3027 2041 3082 laudatur
2068 3029 2205 3082 locis

658 3117 866 3183 tribus,
894 3133 1138 3187 quorum
1175 3116 1390 3187 primus
1417 3125 1497 3168 est
1535 3114 1630 3186 (fr.
1657 3111 1721 3188 7)
1764 3114 1836 3168 de
1876 3115 2205 3170 Sesonchosi

663 3204 1053 3277 AEgyptiorum
1073 3214 1204 3275 rege
1223 3213 1278 3255 et
1294 3202 1606 3275 legislatore
1630 3202 2007 3273 antiquissimo
2027 3241 2042 3268 ,
2066 3202 2206 3257 alter

663 3308 795 3345 vero
832 3287 933 3362 (fr.
963 3288 1025 3361 8)
1054 3286 1124 3343 de
1142 3289 1289 3342 Nino
1316 3288 1541 3342 Ninives
1560 3284 1855 3342 conditore
1879 3296 1937 3341 et
1957 3287 2029 3342 de
2045 3282 2204 3343 C'hal-

662 3376 815 3442 daeo;
837 3376 1028 3429 tertius
1057 3375 1150 3444 (fr.
1179 3373 1725 3447 12)deDorieusium
1752 3376 2032 3448 tetrapoli.
2055 3374 2207 3430 Nihil

661 3463 835 3537 igitur
860 3461 1065 3528 obstat,
1109 3461 1248 3532 quin
1276 3459 1421 3514 liber
1460 3460 1672 3532 primus
1697 3456 1791 3527 τὴν
1834 3457 2206 3538 ἀρχαιολογίαν

661 3545 909 3611 Ἑλλάδος
928 3589 943 3619 ,
968 3558 1031 3601 ut
1054 3546 1125 3601 de
1144 3546 1354 3602 Iasonis
1377 3546 1523 3601 libro
1549 3548 1738 3620 primo
1756 3547 1993 3621 loquens
2014 3548 2210 3603 Suidas

661 3638 767 3704 ait,
790 3636 1146 3691 continuerit.
1184 3635 1520 3689 Praemissam
1554 3651 1690 3689 vero
1711 3634 1797 3689 his
1819 3634 1985 3689 fuisse
2013 3627 2206 3708 dispu-

666 3723 932 3777 tationem
962 3721 1033 3775 de
1060 3721 1337 3775 societatis
1364 3720 1621 3775 humanae
1656 3721 1827 3776 initiis
1857 3728 1914 3776 ’et
1947 3712 2025 3777 ’de
2064 3725 2212 3777 anti-

664 3809 937 3882 quissimis
958 3807 1108 3861 orbis
1131 3819 1404 3862 terrarum
1424 3806 1765 3878 civitatibus,
1794 3819 1912 3863 tum
1939 3826 2009 3863 ex
2034 3809 2211 3864 citatis

668 3895 843 3950 modo
880 3904 1000 3948 tum
1033 3912 1099 3949 ex
1134 3893 1253 3948 aliis
1288 3895 1611 3968 fragmentis
1626 3885 1705 3949 'fit
1724 3894 2093 3951 manifestum.
2131 3919 2210 3938 ...-

664 3984 831 4041 Liber
851 3982 1118 4036 secundus
1154 3999 1424 4052 nusquam
1452 3982 1686 4049 citatur3
1716 4000 1844 4037 nam
1874 3983 2032 4055 quod
2057 3982 2210 4054 apud

663 4071 837 4126 schol.
865 4068 1050 4140 Apoll.
1079 4067 1189 4124 Rh.
1221 4066 1325 4142 (fr.
1358 4066 1420 4143 7)
1453 4066 1524 4121 de
1547 4068 1875 4122 Sesonchosi
1898 4086 2018 4122 non
2033 4068 2209 4125 modo

660 4158 926 4228 primum,
941 4154 1038 4209 sed
1057 4155 1221 4209 etiam
1240 4153 1544 4209 secundum
1563 4150 1686 4210 Βίου
1704 4153 1911 4208 librum
1926 4155 2211 4211 laudatum

603 4257 613 4267 ·
663 4245 925 4318 legimus,
956 4252 1153 4316 aperto
1174 4242 1378 4296 sactum
1401 4251 1482 4296 est
1499 4258 1715 4295 errore.
1748 4240 1860 4295 Pro
1886 4239 1937 4296 ἐν
1971 4238 2020 4316 β’
2041 4261 2211 4317 repo-

665 4330 914 4385 nendum
941 4328 994 4383 ἰν
1035 4325 1158 4405 βίῳ;
1199 4329 1543 4400 omninoque
1570 4326 1844 4382 scholium
1874 4328 2026 4383 istud
2049 4348 2208 4386 com-

663 4419 920 4492 pluribus
935 4417 1155 4472 mendis
1174 4416 1410 4471 laborat.
1434 4446 1503 4457 —-
1526 4416 1895 4487 fiber-,tertius
1911 4418 2080 4472 semel
2099 4420 2211 4475 lau·

666 4506 834 4561 datur
880 4503 1078 4578 fragm.
1138 4502 1233 4572 18,
1265 4504 1364 4557 ubi
1402 4503 1607 4559 Darius
1644 4502 2043 4559 Codomannus
2082 4525 2210 4561 cum

667 4592 928 4663 Philippo
958 4600 1332 4663 comparatur.
1371 4590 1517 4645 Hinc
1545 4590 1715 4663 igitur
1743 4589 1870 4659 jure
1899 4591 2212 4665 colligimus

667 4669 1081 4735 Dicaearchum,
1122 4670 1285 4723 sicuti
1324 4670 1609 4734 Iasonem,
1646 4667 1796 4722 libro
1832 4670 2000 4724 tertio
2041 4673 2211 4744 egisse

662 4758 739 4812 de
779 4755 1129 4829 temporibus
1169 4754 1489 4810 Alexandri.
1534 4756 1658 4810 Huc
1693 4754 1909 4810 accedit
1936 4756 2096 4827 quod
2127 4761 2211 4812 uti

664 4846 858 4911 lason,
888 4844 966 4898 sic
993 4843 1159 4897 etiam
1178 4841 1533 4897 Dicaearchus
1550 4838 1623 4894 de
1652 4838 1932 4895 sacrificiis
1956 4842 2209 4898 Alexan-—

664 4929 1096 4985 'dri-sermonem
1121 4929 1379 4983 instituit.
1417 4928 1559 4982 Nam
1594 4926 1666 4981 fr.
1715 4945 1784 5001 ¹9
1809 4927 2073 4984 laudatur
2098 4933 2212 4986 Di-

667 5018 945 5072 caearchus
973 5015 1022 5071 ἐν
1049 5017 1123 5091 τῷ
1148 5012 1266 5090 περὶ
1298 5015 1390 5081 τῆς
1408 5015 1458 5069 ἐν
1487 5010 1630 5091 Ἰλίῳ
1656 5011 1830 5078 θυσίας
1855 5015 1945 5088 (sc.
1972 5013 2210 5083 Ἀλεξάν-

671 5103 841 5179 δρου).
867 5105 1044 5174 Quem
1076 5102 1303 5175 quidem
1350 5103 1535 5158 locum
1564 5102 1695 5155 item
1722 5102 1795 5156 ad
1831 5104 2060 5158 tertium
2085 5101 2210 5162 Βίου

666 5189 877 5243 *librum
907 5187 1261 5242 referendum
1295 5205 1406 5241 esse
1428 5197 1586 5259 puto.

2003 469 2123 527 mc
2136 467 2499 527 AEAttcflth

2371 604 2639 657 Praeterea
2671 604 2793 658 Vita
2819 604 3057 660 Graeciae
3076 612 3208 659 ‘non
3237 593 3429 661 addito
3457 595 3570 662 libri
3592 612 3760 663 numero

2288 702 2763 745 commemoratur
2781 692 2919 746 locis
2945 693 3240 765 quinque,
3263 712 3500 765 quorum
3526 695 3704 759 [ταῶ.
3727 715 3758 749 1.

2291 793 2344 831 2.
2377 774 2440 849 5)
2474 788 2665 849 aperte
2694 788 2947 850 spectant
2971 779 3049 833 ad
3089 779 3305 833 librum
3344 781 3586 853 primum.
3611 783 3762 837 Ciutur

2286 863 2365 917 ibi
2389 860 2707 939 Δικαίαρχος
2727 862 2812 920 τὸν
2843 865 3065 940 ἀρχαῖον
3089 864 3205 940 βίον
3229 868 3321 933 τῆς
3348 862 3580 930 Ἑλλάδος
3601 867 3760 942 ἀφηγού-

2289 969 2437 1022 μενος
2466 948 2564 1022 (fr.
2606 969 2626 1004 1
2645 948 2694 1024 );
2723 952 3090 1006 Dicoearclms
3124 958 3184 1006 ἰη
3210 953 3363 1006 libris
3386 958 3709 1026 atm'quitutum
3726 966 3762 1006 et

2291 1037 2529 1090 Groece‘oe
2545 1038 2906 1112 deser-Iptione
2922 1040 2936 1110 (
2953 1038 3022 1094 fr.
3051 1056 3085 1093 α
3108 1038 3162 1112 );
3201 1032 3545 1093 Dicaearchus
3565 1045 3640 1113 qui
3654 1041 3762 1094 Groe-

2289 1126 2398 1175 ce‘oe
2425 1128 2592 1177 vitam
2635 1126 2817 1197 qualis
2827 1122 3018 1193 suerit
3051 1125 3132 1177 ab
3161 1130 3321 1179 int‘u'o
3346 1128 3567 1179 ostendit
3597 1125 3676 1198 (fr.
3695 1122 3757 1200 5).

2289 1209 2516 1282 Reliqui
2552 1210 2668 1265 duo
2711 1229 2780 1266 ex
2824 1211 3079 1266 secundo
3124 1212 3278 1266 libro'
3314 1210 3576 1291 fluxerint.
3610 1214 3761 1266 Eorum

2289 1295 2466 1349 altero
2493 1294 2596 1369 (fr.
2635 1294 2703 1351 15
2721 1292 2736 1369 )
2757 1308 3015 1352 narratur
3037 1298 3212 1351 nimis
3232 1295 3524 1369 aliquando
3549 1298 3762 1351 invaluisse
3799 1312 3800 1333 l

2289 1398 2449 1436 usum
2500 1384 2844 1438 motalorum
2899 1383 3268 1457 aliorumque
3323 1386 3758 1447 instrumentorum,

2292 1485 2413 1539 quae
2451 1486 2569 1522 non
2595 1486 2763 1524 sonos
2792 1469 2890 1524 sed
2917 1473 3172 1544 crepitus
3200 1469 3543 1525 solummodo
3569 1469 3757 1531 Βᾶθι-επις

2290 1555 2466 1609 altero
2497 1552 2624 1608 loco
2675 1555 2775 1629 (fr.
2810 1552 2914 1631 16)
2940 1556 3252 1630 Euripides
3278 1556 3468 1611 Medea
3487 1556 3759 1628 Neopbronis

2290 1659 2420 1695 usus
2461 1659 2575 1696 esse
2617 1642 2845 1698 dicitur.
2893 1645 3040 1700 Hinc
3080 1645 3259 1718 igitur
3299 1644 3584 1716 colligimus
3611 1644 3659 1696 in
3687 1644 3759 1715 Βίῳ

2289 1723 2543 1791 Ἑλλάδος
2571 1739 2856 1785 auctorem
2890 1743 3153 1785 nostrum
3180 1748 3300 1785 non
3324 1728 3493 1784 solum
3519 1747 3594 1783 res
3625 1730 3756 1781 civiles

2289 1824 2456 1886 atque
2497 1832 2561 1869 ea
2590 1833 2712 1887 quae
2736 1815 2810 1871 ad
2833 1818 3064 1889 politica
3091 1818 3356 1890 proxime
3393 1826 3612 1888 spectant
3637 1832 3757 1886 expo-

2289 1901 2486 1969 suisse,
2525 1901 2622 1957 sed
2650 1905 2854 1958 artium
2887 1922 3125 1977 quoque
3154 1921 3456 1977 earumque
3481 1901 3679 1956 historia
3697 1917 3755 1953 ra-

2290 1988 2501 2041 tionem
2517 1988 2789 2044 habuisse.
2817 1994 3000 2062 Atque
3023 1992 3147 2045 haec
3176 1991 3404 2063 quidem
3424 1991 3616 2045 Graecus
3632 1987 3754 2041 histo·

2294 2073 2440 2127 ricus
2499 2074 2762 2148 idemque
2809 2077 3189 2150 philosophus
3241 2078 3540 2147 artiumque
3580 2074 3754 2128 historiae

2287 2158 2675 2233 peritissimus,
2707 2182 2775 2218 eo
2809 2158 2991 2218 minus
3018 2165 3287 2218 omittere
3305 2172 3538 2236 poterat,
3559 2177 3650 2232 quo
3670 2177 3750 2212 ma-

2282 2246 2378 2317 jor
2392 2258 2512 2302 erat
2531 2250 2641 2315 vis,
2664 2267 2831 2321 quam
2851 2249 2939 2303 vel
2959 2250 3265 2304 levissimas
3287 2251 3428 2303 circa
3444 2246 3632 2301 musica}
3646 2263 3753 2299 usum

2291 2334 2678 2391 innovationes
2706 2337 2766 2389 in
2792 2354 2977 2391 mores
3001 2336 3310 2391 hominum
3339 2336 3590 2404 vitamque
3617 2331 3749 2404 publi-

2291 2438 2412 2476 cam
2440 2438 2699 2476 exercere
2726 2434 2941 2477 veteres
2964 2423 3301 2490 censebant,
3328 2431 3383 2475 et
3404 2438 3508 2493 quo
3529 2418 3690 2472 arctius
3709 2433 3750 2467 ea

2293 2525 2418 2579 quae
2445 2510 2506 2561 in
2531 2508 2700 2563 rebus
2740 2511 2969 2564 scenicis
3002 2509 3320 2583 Neophron
3348 2506 3551 2578 ejusque
3571 2504 3752 2556 imitator

2293 2604 2348 2649 et
2366 2594 2595 2649 aemulus
2614 2596 2909 2669 Euripides
2932 2597 3306 2650 immutarunt
3318 2635 3333 2661 ,
3356 2611 3474 2647 cum
3493 2588 3632 2644 seculi
3650 2588 3751 2657 ips&

2292 2700 2417 2735 rum
2463 2682 2718 2737 moribus
2757 2682 3070 2756 studiisque
3113 2692 3276 2737 erant
3315 2677 3594 2749 conjuncta.
3628 2670 3749 2727 Modo

2292 2776 2483 2822 caveas
2504 2786 2576 2822 ne
2598 2770 2979 2824 Dicaearchum
3003 2772 3066 2824 in
3092 2771 3263 2825 trium
3285 2768 3536 2821 librorum
3551 2757 3748 2833 opusculo

2291 2856 2633 2929 singularum
2660 2858 2862 2911 artium
2887 2850 3299 2929 literarumque
3327 2858 3600 2908 accuratam
3627 2845 3748 2898 histo-

2292 2943 2431 2996 riam
2449 2960 2515 2996 ex
2542 2942 2792 3017 professo
2811 2955 3172 3017 persecutum
3193 2960 3304 2998 esse
3323 2937 3557 3012 opineris.
3575 2930 3628 2986 Id
3645 2929 3747 2983 enlm

2291 3030 2674 3102 peculiaribus
2725 3030 2857 3085 fecit
2903 3033 3205 3104 operibus»,
3260 3047 3327 3082 ex
3374 3024 3554 3097 quibus
3591 3020 3638 3072 5¹²
3672 3010 3748 3087 Βίῳ

2293 3128 2487 3171 nostro
2524 3134 2586 3171 ea
2620 3125 2836 3171 tantum
2876 3118 3127 3172 attulisse
3168 3112 3438 3189 putandus
3470 3119 3563 3173 est,
3584 3120 3678 3176 quae
3698 3097 3744 3191 δᾴ

2293 3201 2678 3257 illustrandam
2705 3204 2841 3258 vitae
2867 3204 3202 3259 Graecorum
3242 3197 3508 3253 historiam
3543 3194 3745 3245 momentn

2295 3289 2527 3360 alicujus
2554 3299 2748 3345 essent.

2377 3375 2557 3448 Igitur
2589 3385 2654 3428 ut
2679 3376 2872 3448 paneis
2894 3378 3230 3431 sententiam
3259 3388 3430 3427 meam
3461 3358 3745 3433 comprehcn-

2297 3459 2455 3529 dam,
2472 3460 2822 3515 Dicaearchus
2845 3461 2902 3514 in
2925 3458 3031 3539 Βίῳ
3053 3456 3334 3525 Ἑλλάδος,
3355 3453 3499 3509 initio
3516 3432 3744 3516 sumptffl*b

2294 3545 2426 3617 ipsis
2468 3546 2698 3601 humani
2742 3548 2960 3619 generis
2995 3545 3354 3620 primordiiS,
3383 3540 3590 3613 primum
3616 3543 3744 3600 ⁸¹90·

2296 3634 2406 3688 suit
2425 3635 2699 3687 rationem
2721 3642 2776 3688 et
2798 3635 2956 3706 quasi
2979 3636 3191 3707 gradus
3208 3675 3223 3702 ,
3242 3628 3432 3704 quibus
3446 3625 3508 3679 ad
3527 3618 3741 3706 cultiqmn

2296 3719 2470 3772 vitam
2509 3718 2808 3794 paullatim
2850 3720 3108 3776 homines
3145 3714 3410 3794 progressi
3449 3708 3562 3769 sint3
3595 3689 3741 3789 deinde

2298 3807 2706 3879 antiquissimas
2730 3807 2882 3861 orbis
2908 3817 3191 3863 terrarum
3215 3804 3444 3861 civitates
3462 3785 3742 3866 perlustrant,

2299 3910 2606 3966 earumque
2642 3893 2932 3947 historiam
2960 3890 3266 3951 delineavit
3304 3887 3372 3944 ad
3396 3900 3453 3938 ea
3481 3888 3621 3945 usque
3643 3879 3738 3962 ‘²¹¹3'

2298 3994 2476 4053 pora,
2530 3981 2734 4054 quibus
2784 3984 3150 4038 vetustissima
3196 3980 3494 4036 Graecorum
3536 3965 3736 4048 memoria

2299 4069 2638 4125 continetur.
2661 4069 2762 4122 His
2786 4069 3078 4141 praemissis
3093 4111 3111 4143 ,
3144 4068 3214 4123 ad
3235 4056 3549 4139 propositum
3569 4050 3738 4137 P¹⁸⁰J³¹¹¹⁵

2299 4152 2596 4229 accedens,
2635 4155 2808 4208 vitam
2833 4154 3089 4223 Graeciae,
3136 4154 3196 4210 id
3236 4160 3312 4207 est
3346 4143 3589 4200 civitatum
3616 4128 3736 4181 h¹⁵¹⁰'

2295 4239 2471 4308 riam,
2513 4240 2802 4294 hominum
2833 4242 2894 4294 in
2929 4241 3042 4295 vita
3068 4232 3293 4314 p'ublica
3328 4244 3379 4288 et
3400 4227 3583 4303 privata
3607 4223 3736 4303 moro

2299 4335 2354 4380 et
2378 4327 2653 4394 instituta,
2680 4328 2884 4381 artium
2910 4328 3307 4398 literarumque
3333 4313 3576 4373 1110111εὸίᾶ
3596 4310 3735 4374 praecl

2298 4428 2409 4483 pua
2423 4453 2439 4480 ‚
2461 4422 2516 4467 et
2531 4413 2737 4467 horum
2753 4415 3004 4468 omnium
3023 4419 3339 4490 progressus
3354 4411 3404 4459 et
3422 4394 3732 4476 conversiones

2299 4497 2448 4559 libro
2467 4500 2652 4571 primo
2677 4500 2913 4555 deduxit
2938 4519 3114 4574 usque
3132 4500 3201 4556 ad
3219 4505 3460 4568 magnum
3477 4473 3598 4537 istud
3610 4481 3732 4539 '‘w‘'

2297 4604 2485 4660 πηγμα
2512 4586 2792 4641 bellorum
2818 4587 3189 4643 Medicorum.
3218 4579 3384 4641 Simili
3411 4566 3558 4629 modo
3578 4572 3657 4634 Ῥεῖ
3674 4566 3732 4603 ⁵²*

2299 4671 2548 4726 cundum
2562 4670 2772 4726 librum
2789 4674 3059 4730 Graeciam
3080 4670 3324 4747 depinxit
3336 4666 3391 4718 in
3405 4657 3545 4714 nnius
3556 4644 3728 4701 θοαὶ*

2299 4759 2366 4812 tis
2383 4759 2681 4832 imaginem
2699 4760 3118 4830 coalescentem,
3135 4750 3477 4816 concordem,
3494 4725 3728 4817 superbam,

2298 4862 2432 4900 mox
2468 4846 2730 4918 superbia
2767 4846 3115 4917 discordem,
3151 4843 3301 4901 bellis
3345 4826 3638 4917 dilaceratam
3663 4820 3725 4858 '¹¹‘

2300 4934 2538 5001 testinis,
2574 4932 2820 5005 denique
2860 4935 3134 5007 imperata
3167 4930 3438 4988 facientem
3471 4921 3590 4980 '‘eg'‘
3609 4905 3726 5021 pm}

2300 5020 2466 5092 grini.
2507 5019 2679 5075 Liber
2716 5021 2909 5076 tertius
2934 5020 3141 5076 deinde
3168 5015 3516 5091 argumentum
3550 4978 3707 5043 h³b⁸b³

2298 5106 2566 5162 Graeciam
2582 5146 2597 5173 ,
2641 5108 2864 5179 qualem
2905 5108 3049 5162 vidit
3079 5119 3287 5170 auctor,
3327 5107 3377 5153 et
3401 5070 3723 5194 Alexandrumg

2295 5194 2396 5264 qui
2444 5210 2646 5266 genere
2685 5194 2951 5265 Macedo,
2991 5196 3176 5249 animo
3215 5191 3442 5247 Graecus,
3483 5167 3653 5220 sffl'mm
