3900 6042
597 484 705 534 140

1117 587 1616 663 [normales]
2038 614 2074 641 .

1252 731 1390 807 [ιω
1416 730 1492 807 3.]

1690 469 2174 533 ARISTOTELIS
2216 474 2712 538 FRAGMENTA.

2312 599 2382 670 V,
2414 595 2467 666 5,
2501 616 2573 670 9:
2611 594 2818 654 Γίνεται
2850 595 2904 653 δὲ
2933 577 3197 672 μεταὸολὴ
3224 601 3324 657 τῶν
3357 603 3702 680 ὀλιγαρχιῶν
3729 603 3823 660 καὶ

2234 681 2286 736 ἐν
2309 678 2525 758 πολέμῳ
2544 681 2634 739 καὶ
2670 684 2722 739 ἐν
2751 682 2955 762 εἰρήνῃ·
2982 686 3032 741 ἐν
3055 683 3149 760 μὲν
3177 685 3395 766 πολέμῳ
3424 689 3510 745 διὰ
3539 688 3656 759 τὴν
3688 691 3823 768 πρὸς

2234 765 2319 824 τὸν
2349 769 2515 839 δῆμον
2543 767 2789 827 ἀπιστίαν
2818 772 3162 847 στρατιώταις
3191 773 3647 850 ἀναγκαζομένων
3679 781 3825 854 χρῆ-

676 864 868 942 [Arist.
894 833 1012 921 Pol.
1045 871 1112 934 V,
1130 887 1187 940 9,
1215 885 1286 921 22
1314 885 1326 923 :
1357 863 1790 945 Atura'pot(quod
1813 870 1885 924 ad
1903 882 2147 943 tempus,
2236 857 2381 910 ⁶0²²·
2410 844 2454 933 ᾧ
2485 851 2585 933 γὰρ
2625 852 2686 911 ἂν
2714 856 3106 933 ἕΥχεῑΡῖσωσῑν,
3134 849 3279 924 Οὗτος
3306 860 3565 927 πολλάκις
3606 862 3821 937 γίνεται

591 973 695 1027 per
735 951 892 1025 quod
919 953 1102 1027 stetit)
1141 948 1193 1007 δὲ
1225 950 1344 1025 περὶ
1372 949 1619 1028 Κόρινθον
1647 956 1682 1021 ἡ
1709 956 1813 1011 τῶν
1841 955 2151 1033 Κυψελιδῶν

598 1040 705 1112 (sc.
733 1034 1008 1115 τυραννίς)·
1034 1035 1123 1091 καὶ
1144 1033 1244 1114 γὰρ
1266 1033 1398 1105 αὕτη
1428 1036 1711 1095 διετέλεσεν
1731 1037 1821 1108 ἔτη
1851 1038 1971 1118 τρία
1993 1037 2151 1116 [ἑπτὰ

592 1127 771 1198 sylb.;
807 1120 858 1189 ἓξ
887 1126 1112 1179 Miiuer.
1149 1124 1337 1196 AEgin.
1365 1142 1422 1197 p.
1469 1124 1574 1195 64,
1606 1127 1742 1181 Dor.
1778 1129 1837 1196 1,
1876 1128 2023 1196 163]
2062 1125 2152 1183 καὶ

599 1209 955 1284 ἱὸδομήκοντα
991 1208 1082 1265 καὶ
1110 1206 1162 1274 ἓξ
1188 1212 1372 1284 μῆνας.
1431 1207 1668 1288 Κύψελος
1694 1210 1787 1288 μὲν
1812 1211 1912 1289 γὰρ
1938 1212 2148 1293 ἐτυράν-

594 1318 747 1364 νησεν
778 1294 869 1365 ἔτη
890 1294 1164 1373 τριάκοντα
1180 1338 1195 1364 ,
1231 1294 1545 1373 Περίανδρος
1573 1295 1628 1353 δὲ
1654 1297 2037 1377 τετταράκοντα
2062 1297 2152 1355 καὶ

597 1382 846 1461 τέτταρα.
931 1380 1302 1458 Ψαμμήτιχος
1331 1381 1376 1438 δ’
1413 1384 1441 1438 ὃ
1470 1382 1683 1460 Γορδίου
1718 1381 1833 1460 τρία
1865 1382 1979 1452 ἔτη.
2063 1384 2150 1443 Τὰ

597 1469 643 1525 δ’
672 1468 815 1526 αἴτια
841 1467 1007 1526 ταυτὰ
1030 1467 1120 1524 καὶ
1143 1466 1336 1537 ταύτης
1356 1490 1369 1503 ·
1400 1472 1428 1525 ὁ
1456 1466 1551 1543 μὲν
1579 1468 1679 1548 γὰρ
1711 1468 1950 1550 Κύψελος
1979 1472 2152 1544 δημα-

597 1554 763 1631 γωγὸς
788 1545 850 1625 ἦν
868 1597 885 1630 ‚
921 1552 1012 1611 καὶ
1048 1552 1186 1611 κατὰ
1213 1550 1306 1623 τὴν
1338 1551 1505 1634 ἀρχὴν
1535 1554 1815 1612 διετέλεσεν
1837 1554 2152 1635 ἀδορυφόρη·

599 1663 715 1713 τος,
747 1639 1063 1720 Περίανδρος
1088 1640 1132 1696 δ’
1173 1639 1373 1717 ἐγένετο
1411 1638 1506 1716 μὲν
1535 1640 1868 1720 τυραννικὸς,
1893 1643 2029 1699 ἀλλὰ
2053 1663 2148 1700 πο-

600 1727 831 1805 λεμικός.
866 1730 883 1805 (
914 1734 1232 1803 Incongrua
1260 1731 1418 1785 locus
1445 1733 1720 1801 continet3
1759 1750 1817 1787 v.
1852 1732 2086 1804 interpr.
2111 1728 2148 1806 ).

673 1822 740 1875 V.
782 1819 836 1883 8,
866 1825 896 1882 Ι,
933 1836 948 1874 x
981 1815 1218 1894 Κύψελος
1245 1817 1297 1873 ἐν
1328 1815 1605 1895 Κορίνθῳ..
1634 1818 1694 1874 ἐκ
1717 1816 2058 1892 δημαγωγίας
2078 1819 2152 1873 ad

599 1893 953 1974 tyrannidem
980 1903 1258 1973 pervenit.

677 1986 794 2057 111,
824 1988 895 2057 8,
929 1987 960 2042 3
996 2006 1012 2046 2
1046 1985 1140 2044 Διὸ
1168 1985 1257 2044 καὶ
1296 1985 1415 2052 τοὺς
1447 1986 1702 2065 ψέγοντας
1740 1987 1835 2058 τὴν
1872 1987 2150 2065 τυραννίδα

599 2072 690 2129 καὶ
734 2071 829 2142 τὴν
884 2072 1205 2150 Περιάνδρου
1257 2073 1621 2153 Θρασυὸούλῳ
1675 2074 1997 2151 συμὸουλίαν
2054 2076 2153 2153 οὐχ

602 2160 782 2223 ἁπλῶς
807 2157 1005 2229 οἰητέον
1034 2160 1194 2237 ὀρθῶς
1229 2160 1494 2235 ἐπιτιμᾶν.
1515 2161 1668 2220 Φασὶ
1690 2160 1791 2239 γὰρ
1813 2160 1901 2219 τὸν
1930 2161 2151 2242 Περίαν·

602 2245 720 2322 δρον
751 2244 910 2300 εἰπεῖν
941 2242 1036 2319 μὲν
1055 2243 1199 2301 οὐδὲν
1222 2244 1348 2324 πρὸς
1364 2245 1452 2302 τὸν
1476 2245 1774 2325 πεμφθέντα
1800 2247 2006 2325 κήρυκα
2033 2246 2153 2327 περὶ

601 2335 692 2399 τῆς
720 2328 1071 2405 συμὸουλίας,
1101 2331 1422 2411 ἀφαιροῦντα
1451 2333 1505 2390 δὲ
1533 2332 1648 2399 τοὺς
1684 2332 2029 2412 ὑπερέχοντας
2050 2337 2153 2392 τῶν

603 2414 845 2496 σταχύων
874 2418 1137 2493 ὁμαλῦναι
1174 2415 1268 2487 τὴν
1294 2417 1547 2497 ἄρουραν·
1577 2417 1690 2477 ὅθεν
1725 2422 2025 2496 ἀγνοοῦντος
2058 2419 2151 2495 μὲν

605 2509 693 2561 τοῦ
729 2502 950 2582 κήρυκος
977 2508 1068 2560 τοῦ
1095 2501 1366 2580 γινομένου
1396 2504 1490 2575 τὴν
1518 2505 1713 2577 αἰτίαν,
1746 2505 2155 2584 ἀπαγγείλαντος

603 2590 656 2647 δὲ
682 2588 741 2647 τὸ
775 2588 1067 2666 συμπεσὸν,
1110 2594 1388 2662 συννοῆσαι
1422 2592 1509 2649 τὸν
1541 2591 1935 2670 Θρασύὸουλον,
1967 2591 2046 2651 ὅτι
2079 2593 2158 2651 δεῖ

602 2677 716 2745 τοὺς
757 2677 1101 2757 ὑπερέχοντας
1146 2676 1335 2758 ἀνδρας
1382 2682 1626 2758 ἀναιρεῖν.
1687 2682 1896 2737 Eadem
1949 2673 2157 2737 iterum

603 2769 781 2840 tangit
807 2770 871 2837 V,
905 2766 962 2835 8,
998 2786 1052 2836 7.

601 2883 610 2900 ι
682 2855 746 2921 V,
771 2866 808 2926 9
825 2893 841 2921 ‚
876 2872 908 2908 τι
941 2870 956 2910 ε
983 2854 1033 2911 T
1035 2849 1198 2908 ούτων
1228 2851 1246 2927 (
1268 2872 1348 2911 se.
1373 2842 1446 2918 οἷς
1464 2852 1518 2909 αἱ
1547 2851 1840 2930 τυραννίδες
1862 2851 2113 2921 σώζονται
2135 2854 2154 2929 )

603 2936 668 2994 τὰ
699 2937 869 2995 πολλά
898 2960 1027 3018 φασι
1045 2941 1374 3007 καταστῆσαι
1401 2938 1721 3018 Περίανδρον
1748 2938 1833 2996 τὸν
1861 2937 2149 3017 Κορίνθοιν.

683 3028 749 3095 V,
780 3042 837 3097 9,
869 3033 897 3091 l.
938 3045 950 3080 z
986 3022 1094 3082 Καὶ
1115 3021 1177 3079 τὸ
1210 3021 1435 3092 πένητας
1457 3031 1623 3081 ποιεῖν
1646 3022 1764 3089 τοὺς
1801 3022 2152 3103 ἀρχομένους,

604 3108 959 3188 τυραννικόν...
973 3108 1319 3187 Παράδειγμα
1339 3108 1392 3166 δὲ
1413 3107 1638 3170 τούτου..
1655 3108 1746 3168 καὶ
1760 3108 1827 3168 τὰ
1843 3110 2153 3186 ἀναθήματα

605 3200 706 3253 τῶν
745 3196 1071 3276 Κυψελιδῶν.

1265 3363 1388 3428 [102
1416 3363 1489 3428 a.]

664 3441 922 3505 [Proxime
941 3443 1169 3492 diuturna
1189 3444 1279 3494 t'uit
1295 3445 1653 3507 cypselidarum
1672 3448 1886 3507 tyrannis
1900 3446 2119 3497 Corinthi
2139 3465 2151 3495 ι

604 3518 709 3568 ime
735 3520 863 3568 enim
908 3520 1047 3568 firma
1083 3521 1342 3581 permansit
1368 3535 1519 3571 annos
1539 3523 1838 3584 septuaginta
1862 3525 1963 3571 tres
1987 3526 2036 3572 et
2067 3537 2151 3572 sex

602 3610 802 3646 menses
825 3601 946 3647 Nam
973 3599 1205 3660 Cypselus
1226 3613 1378 3649 annos
1404 3601 1595 3662 triginta
1620 3603 1832 3660 regnavit
1854 3620 1866 3650 z
1894 3600 2150 3650 Periander

601 3673 914 3736 quadraginta
932 3678 1157 3736 quattuor
1170 3693 1185 3736 ;
1212 3677 1605 3736 Psammetichus,
1628 3677 1820 3726 Gordiae
1845 3676 1988 3739 fitius,
2004 3691 2155 3727 annos

601 3753 716 3798 tres.
738 3753 907 3800 causae
924 3753 1085 3799 autem
1114 3751 1259 3811 hujus
1276 3765 1469 3815 quoque
1486 3756 1601 3802 sunt
1617 3753 1818 3803 effidem.
1839 3756 1960 3803 Nam
1979 3758 2151 3816 Cypse-

601 3826 679 3876 lus
707 3825 901 3889 quidem
932 3827 1164 3889 populum
1199 3827 1497 3890 indulgenter
1519 3829 1781 3892 tractabat,
1817 3842 1906 3878 nec
1924 3831 1987 3880 ab
2018 3831 2153 3880 initio

601 3903 820 3963 praesidio
833 3902 894 3951 ad
910 3902 983 3951 sui
1006 3904 1218 3965 corporis
1235 3904 1504 3954 custodiam
1522 3919 1637 3955 usus
1656 3909 1747 3955 est.
1764 3906 2022 3956 Periander
2038 3920 2152 3957 vero

601 3978 694 4028 suit
711 3978 792 4029 ille
809 3978 1005 4041 quidem
1022 3980 1324 4040 tyrannicus,
1343 3980 1428 4029 sed
1449 3983 1610 4031 tamen
1628 3982 1899 4032 bellicosus.
1915 3982 1934 4046 ]

664 4055 926 4118 [Cypselus
961 4056 1180 4106 Corinthi
1218 4069 1282 4105 ex
1316 4056 1591 4119 demagogia
1623 4058 1684 4107 ad
1710 4059 2014 4120 tyrannidem
2045 4073 2150 4123 per·

600 4131 776 4195 venit]

663 4208 926 4271 [Quocirca
949 4209 998 4257 et
1019 4208 1051 4256 ii
1068 4208 1153 4270 qui
1175 4208 1473 4269 tyrannidem
1497 4208 1843 4272 consiliumque
1860 4210 1991 4272 quod
2021 4211 2151 4260 dedit

605 4285 857 4335 Periander
881 4284 1213 4346 ThrasybulO,
1234 4285 1533 4347 vituperant,
1565 4298 1662 4334 non
1699 4289 1814 4335 sunt
1845 4286 2149 4337 existimandi

601 4361 879 4423 simpliciter
903 4361 952 4410 id
982 4363 1111 4410 recte
1137 4361 1497 4422 reprehendere.
1519 4362 1667 4411 Aiunt
1692 4361 1821 4411 euim
1841 4362 2149 4413 Periandrum

603 4438 720 4487 nibil
750 4438 886 4487 illum
903 4437 1100 4499 quidem
1117 4438 1162 4486 ei
1180 4438 1351 4487 nuntio
1372 4439 1455 4499 qui
1476 4439 1649 4488 missus
1666 4441 1845 4500 tuerat,
1871 4439 1932 4489 de
1949 4454 2008 4489 eo
2020 4443 2150 4502 quod

601 4516 949 4576 consuleretur,
981 4517 1300 4578 roepondisse3
1323 4518 1404 4567 sed
1441 4517 1594 4580 spicas
1623 4520 1886 4569 eminentes
1915 4520 2150 4570 demendo

601 4594 806 4652 segetem
840 4590 1141 4653 adaequasse,
1166 4606 1224 4641 ex
1253 4607 1351 4656 quo
1388 4607 1539 4655 quum
1578 4595 1689 4644 sacti
1727 4609 1919 4644 causam
1954 4598 2150 4648 nuntius

601 4667 867 4727 ignoraret,
910 4666 956 4715 id
992 4671 1156 4717 autem
1190 4670 1322 4732 quod
1358 4670 1606 4719 accidisset
1640 4670 1980 4731 renuntiasset,
2015 4673 2147 4722 intel-

603 4744 772 4793 lexisse
789 4744 1169 4805 Thrasybulum,
1201 4747 1332 4795 viros
1353 4749 1757 4808 supereminentes
1784 4747 1844 4796 de
1870 4748 2030 4797 medio
2050 4763 2150 4799 esse

601 4819 884 4882 tollendos]

663 4896 891 4957 morum,
910 4896 1085 4957 quibus
1112 4898 1382 4957 tyrannides
1394 4901 1756 4960 conservantur,
1776 4899 2003 4961 pleraque
2023 4901 2150 4952 insti·

599 4975 744 5024 tuisse
769 4974 1077 5023 Periandrum
1099 4975 1401 5025 Corinthium
1428 4978 1605 5027 serunt.
1630 4978 1648 5040 ]

664 5050 850 5112 [Etiam
878 5051 1006 5100 cives
1027 5052 1233 5113 spoliare
1268 5053 1405 5101 bonis
1441 5055 1742 5111 tyrannicum
1780 5057 1867 5104 est.
1897 5057 2054 5116 liujus
2082 5057 2145 5104 rei

601 5127 877 5188 exemplum
904 5127 1116 5188 pra-beni
1209 5128 1565 5190 cypselidarum
1577 5129 1701 5178 dona
1717 5130 1805 5178 diis
1829 5131 2151 5194 consecrata]

664 5203 768 5268 [Fit
810 5215 949 5266 porro
973 5204 1115 5254 etiam
1145 5208 1191 5254 et
1229 5206 1274 5253 in
1304 5205 1428 5254 bello
1464 5207 1508 5254 et
1549 5206 1595 5254 in
1625 5219 1741 5267 pace
1776 5207 2146 5269 oligarcbiarum

2231 939 2506 1020 τύραννος,
2542 943 2719 1023 ὥσπερ
2739 945 2792 1001 ἐν
2827 945 3061 1025 Κορίνθῳ
3092 947 3417 1026 Τιμοφάνης.
3446 949 3468 1025 ]

2308 1034 2395 1086 De
2441 1032 2749 1088 Periandro
2782 1034 2854 1088 cf.
2909 1037 3078 1108 Diog.
3119 1037 3185 1092 L.
3223 1038 3282 1102 Ι,
3324 1057 3401 1110 99
3438 1056 3452 1094 :
3493 1035 3612 1093 Καὶ
3677 1035 3820 1111 Ἀρι-

2232 1115 2477 1187 στοτέλης
2517 1114 2611 1192 μὲν
2639 1117 2725 1174 τὸν
2758 1117 3066 1196 Κορίνθιόν(
3094 1140 3168 1176 sc.
3212 1121 3537 1200 Περίανδρον
3570 1122 3590 1198 )
3640 1145 3813 1199 φησιν

2232 1191 2365 1259 εἶναι
2403 1201 2490 1260 τὸν
2535 1202 2690 1283 σοφόν
2731 1207 2931 1279 (quern
2967 1208 3390 1265 Ambraciotam
3423 1212 3821 1266 Periandr-um

2232 1290 2392 1346 fuisse
2420 1293 2680 1364 opinatus
2707 1305 2790 1348 est
2813 1295 3109 1350 NeantheS.
3135 1294 3151 1367 )

2788 1447 3221 1508 MEi'APEnN.

2940 1593 3068 1648 103.

2315 1721 2517 1777 Strabo
2568 1724 2706 1789 Vll,
2755 1741 2814 1795 p.
2863 1722 2973 1777 322
3013 1740 3027 1779 ζ
3060 1719 3152 1780 Ἐν
3182 1721 3236 1778 δὲ
3277 1725 3344 1797 τῇ
3385 1725 3490 1779 τῶν
3544 1724 3819 1781 Αἰτωλῶν

2234 1804 2487 1887 (πολιτεία
2506 1803 2875 1883 Ἀριστοτέλης)
2894 1805 3009 1871 τοὺς
3022 1810 3110 1864 νῦν
3128 1806 3359 1885 Λοκροὺς
3374 1807 3617 1884 Λέλεγας
3634 1811 3817 1865 καλεῖ·

2232 1891 2515 1968 κατασχεῖν
2553 1890 2606 1948 δὲ
2635 1890 2724 1948 καὶ
2767 1890 2862 1961 τὴν
2894 1891 3146 1950 Βοιωτίαν
3173 1892 3358 1958 αὐτούς
3386 1916 3576 1973 φησιν·
3609 1895 3817 1969 ὁμοίως

2232 1977 2287 2036 δὲ
2310 1977 2400 2036 καὶ
2429 1979 2480 2035 ἐν
2509 1982 2574 2057 τῇ
2608 1977 2928 2038 Ὀπουντίων
2960 1978 3051 2050 καὶ
3080 1979 3363 2057 Μεγαρέων
3396 1980 3683 2060 (πολιτείᾳ
3705 1984 3749 2058 ).

2903 2116 3117 2193 [ως]

2314 2244 2514 2320 [Arist.
2560 2246 2684 2299 Pol.
2731 2248 2801 2318 V,
2841 2253 2905 2314 4,
2941 2243 2973 2299 5
3023 2266 3035 2300 ε
3077 2247 3453 2319 Tyrannidem
3494 2252 3816 2323 occupavit

2233 2327 2496 2404 Θεαγένης
2537 2331 2589 2386 ἐν
2630 2333 2736 2393 τοῖς
2777 2329 3042 2408 Μεγάροις
3081 2334 3185 2389 τῶν
3238 2329 3467 2408 εὐπόρων
3517 2331 3589 2389 τὰ
3640 2333 3811 2402 κτήνη

2235 2414 2566 2493 ἀποσφάξας,
2593 2414 2772 2472 λαὸὼν
2800 2415 2945 2494 παρὰ
2975 2415 3060 2473 τὸν
3085 2415 3321 2490 ποταμὸν
3347 2416 3729 2493 ἐπινέμοντας.

2314 2500 2380 2570 V,
2420 2509 2476 2570 4,
2507 2503 2539 2558 3
2575 2522 2587 2557 :
2625 2501 3016 2580 Παραπλησίως
3047 2501 3102 2559 δὲ
3141 2501 3232 2560 καὶ
3259 2506 3293 2571 ἡ
3327 2503 3378 2559 ἐν
3408 2503 3687 2582 Μεγάροις
3711 2528 3812 2563 κα-

2238 2587 2426 2657 τελύθη
2456 2588 2789 2665 δημοκρατία
2808 2610 2821 2623 ·
2857 2591 2904 2644 οἱ
2927 2586 3029 2666 γὰρ
3057 2588 3393 2666 δημαγωγοὶ,
3421 2588 3508 2646 ἵνα
3539 2591 3808 2670 χρήματα

2241 2673 2402 2751 ἔχωσι
2445 2672 2720 2748 δημεύειν,
2762 2673 3036 2741 ἕξέὸαλλον
3080 2675 3301 2741 πολλοὺς
3343 2679 3446 2733 τῶν
3488 2678 3806 2757 γνωρίμων,

2240 2760 2336 2825 ἕως
2365 2757 2587 2826 πολλοὺς
2615 2759 2864 2832 ἐποίησαν
2891 2760 3008 2827 τοὺς
3035 2760 3341 2839 φεύγοντας·
3365 2766 3411 2820 οἱ
3441 2763 3495 2821 δὲ
3525 2765 3805 2830 κατιόντες
3884 2809 3885 2816 1

2241 2845 2480 2917 ἐνίκησαν
2524 2847 2811 2924 μαχόμενοι
2851 2845 2938 2904 τὸν
2974 2849 3139 2924 δῆμον
3181 2848 3271 2905 καὶ
3312 2847 3653 2919 κατέστησαν
3706 2849 3804 2918 τὴν

2240 2934 2564 3012 ὀλιγαρχίαν.
2647 2932 2853 3003 Συνέὸη
2899 2932 2951 2991 δὲ
2980 2936 3167 2992 ταύτὸν
3200 2938 3289 2991 καὶ
3316 2935 3437 3014 περὶ
3480 2937 3685 3013 Κύμην
3710 2937 3797 2994 ἐπὶ

2239 3026 2331 3092 τῆς
2360 3020 2712 3100 δημοκρατίας
2735 3020 2799 3090 ἣν
2828 3019 3081 3078 κατέλυσε
3108 3021 3484 3099 Θρασύμαχος.

2317 3114 2382 3180 V,
2408 3130 2464 3180 a,
2492 3112 2527 3166 6
2547 3129 2570 3169 τ
2601 3106 2669 3167 Ἦ
2698 3106 2985 3186 Μεγαρέων
3019 3109 3379 3187 (δημοκρατία
3410 3110 3704 3189 διεφθάρη)
3736 3113 3801 3168 δι’

2191 3261 2199 3268 ,
2241 3195 2456 3264 ἀταξίαν
2479 3194 2568 3252 καὶ
2597 3194 2865 3273 ἀναρχίαν
2891 3194 3232 3264 ἡττηθέντων.

2242 3361 2445 3410 mutatio
2486 3379 2497 3409 :
2540 3361 2589 3409 in
2630 3359 2756 3408 bello
2793 3358 2989 3421 quidem
3021 3359 3137 3408 dum
3177 3363 3427 3422 propterea
3462 3362 3600 3422 quod
3636 3362 3797 3424 populi

2244 3437 2387 3486 tidem
2406 3438 2584 3486 liabent
2615 3438 2884 3498 suspectam
2898 3471 2912 3497 ‚
2933 3435 3164 3484 militibus
3182 3439 3394 3485 externis
3410 3441 3659 3498 coguntur
3680 3440 3752 3488 uti
3784 3458 3795 3486 ι

2241 3514 2318 3566 cui
2344 3515 2469 3563 enim
2489 3513 2751 3563 exercitum
2770 3511 3081 3572 tradiderint,
3101 3513 3180 3560 bic
3206 3526 3541 3574 saepenumero
3562 3517 3799 3576 tyrannus

2243 3589 2466 3650 efficitur,
2486 3588 2895 3651 quemadmodum
2914 3587 3134 3637 Corinthi
3160 3589 3531 3653 Timophanea.]

2722 3713 3298 3780 MEGARENSIUM.

2948 3869 3070 3936 ,¹⁰³-

2300 3967 2354 4013 ln
2380 3965 2645 4013 AEtolorum
2663 3966 2776 4028 Rep.
2804 3967 3077 4017 Aristoteles
3096 3980 3219 4030 quos
3232 3981 3362 4017 nunc
3386 3971 3571 4020 Locros
3587 3971 3787 4020 dicimus

2240 4043 2431 4105 Leleges
2464 4044 2698 4106 appellat,
2721 4044 3026 4107 tenuisseque
3056 4045 3202 4095 etiam
3229 4047 3465 4096 Boeotiam
3501 4061 3589 4098 eos
3628 4051 3785 4100 refert.

2238 4119 2416 4169 Similia
2438 4119 2584 4169 babet
2601 4121 2746 4169 etiam
2765 4121 2814 4170 in
2838 4123 3164 4183 Opuntiorum
3186 4124 3235 4172 et
3257 4123 3307 4171 in
3328 4126 3685 4187 Megarensium
3701 4129 3786 4176 Be·

2237 4196 2444 4259 publica.

2931 4259 3093 4330 [1041.

2301 4360 2656 4423 [Tyrannidem
2677 4362 2929 4422 occupavit
2944 4363 3217 4425 Tbeagenes
3235 4362 3455 4425 Megaris,
3480 4377 3638 4426 quum
3664 4367 3705 4416 is
3718 4367 3785 4415 lo·

2239 4437 2503 4499 cupietium
2528 4450 2700 4499 pecora
2722 4437 2784 4486 ad
2806 4439 3008 4488 fluvium
3036 4440 3275 4501 pascentia
3289 4439 3605 4505 iugulasaet]

2299 4514 2559 4577 [Similiter
2575 4516 2625 4563 et
2641 4526 2752 4576 quae
2771 4515 2972 4576 Megaris
2995 4517 3100 4565 erat
3117 4515 3412 4565 democratia
3430 4516 3666 4568 dissoluta
3683 4522 3752 4569 est
3773 4539 3783 4565 z

2237 4605 2349 4640 nam
2373 4592 2534 4654 populi
2556 4591 2780 4642 ductores
2806 4595 2862 4642 ut
2894 4593 3021 4643 bona
3063 4595 3361 4656 privatorum
3393 4583 3642 4657 publicare
3677 4611 3783 4660 pos-

2236 4669 2342 4717 sent
2354 4704 2369 4729 ,
2392 4668 2572 4717 multos
2600 4667 2782 4717 nobiles
2800 4681 2827 4717 e
2845 4669 3040 4718 civitate
3058 4672 3441 4720 exter-minarum
3459 4685 3615 4734 usque
3632 4687 3692 4722 eo
3709 4674 3785 4722 do·

2236 4758 2325 4794 nec
2363 4759 2589 4807 magnum
2626 4745 2826 4794 exulum
2865 4758 3122 4794 numerum
3162 4748 3393 4797 feceruut.
3436 4747 3510 4797 lili
3543 4752 3714 4799 autem
3741 4751 3783 4797 in

2237 4822 2477 4870 civitatem
2495 4821 2557 4870 ab
2574 4822 2718 4870 exilio
2746 4822 2922 4870 reversi
2943 4823 3086 4884 signis
3119 4823 3308 4871 collatis
3332 4823 3569 4884 populum
3588 4839 3782 4886 supera·

2238 4904 2349 4948 runt
2381 4903 2430 4949 et
2460 4900 2764 4961 oligarchiam
2799 4914 2859 4949 ex
2892 4900 3190 4950 democratia
3228 4901 3460 4951 feceruut.
3487 4902 3624 4954 idem
3648 4919 3784 4967 porro

2237 4979 2402 5027 Cumis
2436 4977 2635 5036 accidit,
2666 4992 2764 5040 qua
2791 4980 2840 5028 in
2868 4979 2984 5029 urbe
3024 4979 3371 5030 democratiam
3399 4981 3785 5044 Thrasymachus

2238 5054 2452 5103 funditus
2476 5054 2670 5103 delevit.
2694 5055 2709 5117 ]
3082 5077 3086 5082 ·

2298 5132 2315 5194 [
2334 5131 2672 5192 Megarensium
2685 5133 2993 5194 democratia,
3004 5147 3155 5196 quum
3167 5135 3361 5195 propter
3375 5148 3536 5185 reruni
3548 5138 3599 5185 et
3608 5136 3785 5204 imperii

2239 5209 2644 5270 lwrturbatiouem
2673 5210 2881 5272 superati
2906 5213 3058 5261 essent
3073 5247 3086 5271 ,
3110 5211 3264 5260 deleta
3284 5211 3403 5273 est]
