<?xml version="1.0" encoding="UTF-8"?>
<!DOCTYPE html PUBLIC "-//W3C//DTD XHTML 1.0 Transitional//EN"
    "http://www.w3.org/TR/xhtml1/DTD/xhtml1-transitional.dtd">
<html xmlns="http://www.w3.org/1999/xhtml" xml:lang="en" lang="en">
 <head>
  <title>
</title>
<meta http-equiv="Content-Type" content="text/html;charset=utf-8" />
  <meta name='ocr-system' content='tesseract 3.04.00' />
  <meta name='ocr-capabilities' content='ocr_page ocr_carea ocr_par ocr_line ocrx_word'/>
</head>
<body>
  <div class='ocr_page' id='page_1' title='image "./fragmentahistor03unkngoog_0569.png"; bbox 0 0 3900 6042; ppageno 0'>
   <div class='ocr_carea' id='block_1_1' title="bbox 533 413 641 463">
    <p class='ocr_par' dir='ltr' id='par_1_1' title="bbox 533 413 641 463">
     <span class='ocr_line' id='line_1_1' title="bbox 533 413 641 463; baseline -0.046 -1"><span class='ocrx_word' id='word_1_1' title='bbox 533 413 641 463; x_wconf 70' lang='grc'><strong>514</strong></span> 
     </span>
    </p>
   </div>
   <div class='ocr_carea' id='block_1_2' title="bbox 1550 392 2625 485">
    <p class='ocr_par' dir='ltr' id='par_1_2' title="bbox 1550 392 2625 485">
     <span class='ocr_line' id='line_1_2' title="bbox 1550 392 2625 485; baseline -0.002 -30"><span class='ocrx_word' id='word_1_2' title='bbox 1550 480 1555 485; x_wconf 72' lang='lat'><strong>.</strong></span> <span class='ocrx_word' id='word_1_3' title='bbox 1615 394 2119 456; x_wconf 60' lang='lat' dir='ltr'><strong>Msmssruouis</strong></span> <span class='ocrx_word' id='word_1_4' title='bbox 2157 392 2625 467; x_wconf 67' lang='lat' dir='ltr'>SERENNYTfE</span> 
     </span>
    </p>
   </div>
   <div class='ocr_carea' id='block_1_3' title="bbox 526 520 3728 603">
    <p class='ocr_par' dir='ltr' id='par_1_3' title="bbox 526 520 3728 603">
     <span class='ocr_line' id='line_1_3' title="bbox 526 520 3728 603; baseline -0.003 -17"><span class='ocrx_word' id='word_1_5' title='bbox 526 548 766 603; x_wconf 87' lang='lat' dir='ltr'><strong>rumque</strong></span> <span class='ocrx_word' id='word_1_6' title='bbox 790 527 942 603; x_wconf 88' lang='lat' dir='ltr'><strong>apud</strong></span> <span class='ocrx_word' id='word_1_7' title='bbox 970 528 1106 583; x_wconf 81' lang='lat' dir='ltr'><strong>alios</strong></span> <span class='ocrx_word' id='word_1_8' title='bbox 1146 528 1307 583; x_wconf 82' lang='lat' dir='ltr'><strong>fuisse</strong></span> <span class='ocrx_word' id='word_1_9' title='bbox 1339 527 1463 583; x_wconf 88' lang='lat' dir='ltr'><strong>alia.</strong></span> <span class='ocrx_word' id='word_1_10' title='bbox 1545 528 1719 602; x_wconf 83' lang='lat' dir='ltr'><strong>Quid,</strong></span> <span class='ocrx_word' id='word_1_11' title='bbox 1750 528 1908 601; x_wconf 88' lang='lat' dir='ltr'><strong>quod</strong></span> <span class='ocrx_word' id='word_1_12' title='bbox 1940 527 2082 581; x_wconf 80' lang='lat' dir='ltr'>nihil</span> <span class='ocrx_word' id='word_1_13' title='bbox 2170 537 2275 594; x_wconf 78' lang='lat' dir='ltr'><strong>tar,</strong></span> <span class='ocrx_word' id='word_1_14' title='bbox 2303 528 2390 582; x_wconf 87' lang='lat' dir='ltr'><strong>vel</strong></span> <span class='ocrx_word' id='word_1_15' title='bbox 2418 527 2645 599; x_wconf 74' lang='lat' dir='ltr'><strong>Iosephi</strong></span> <span class='ocrx_word' id='word_1_16' title='bbox 2691 536 2848 579; x_wconf 84' lang='lat' dir='ltr'><strong>aetate</strong></span> <span class='ocrx_word' id='word_1_17' title='bbox 2876 522 2943 578; x_wconf 82' lang='grc' dir='ltr'><strong>τὰ</strong></span> <span class='ocrx_word' id='word_1_18' title='bbox 2992 521 3323 597; x_wconf 73' lang='grc' dir='ltr'>Αἰγυπτιακὰ</span> <span class='ocrx_word' id='word_1_19' title='bbox 3367 520 3728 579; x_wconf 68' lang='lat' dir='ltr'><strong>manethonis</strong></span> 
     </span>
    </p>
   </div>
   <div class='ocr_carea' id='block_1_4' title="bbox 524 616 2091 4932">
    <p class='ocr_par' dir='ltr' id='par_1_4' title="bbox 524 616 2091 4932">
     <span class='ocr_line' id='line_1_4' title="bbox 527 616 2078 688; baseline -0.002 -17"><span class='ocrx_word' id='word_1_20' title='bbox 527 619 731 673; x_wconf 86' lang='lat' dir='ltr'><strong>horum</strong></span> <span class='ocrx_word' id='word_1_21' title='bbox 775 617 1025 671; x_wconf 90' lang='lat' dir='ltr'><strong>omnium</strong></span> <span class='ocrx_word' id='word_1_22' title='bbox 1084 617 1283 670; x_wconf 81' lang='lat' dir='ltr'><strong>sinceri</strong></span> <span class='ocrx_word' id='word_1_23' title='bbox 1324 616 1506 688; x_wconf 87' lang='lat' dir='ltr'><strong>sigillo</strong></span> <span class='ocrx_word' id='word_1_24' title='bbox 1552 618 1627 671; x_wconf 85' lang='lat' dir='ltr'><strong>ita</strong></span> <span class='ocrx_word' id='word_1_25' title='bbox 1671 626 1752 670; x_wconf 88' lang='lat' dir='ltr'><strong>est</strong></span> <span class='ocrx_word' id='word_1_26' title='bbox 1794 626 2078 683; x_wconf 89' lang='lat' dir='ltr'><strong>notatum,</strong></span> 
     </span>
     <span class='ocr_line' id='line_1_5' title="bbox 530 701 2079 778; baseline -0.003 -19"><span class='ocrx_word' id='word_1_27' title='bbox 530 716 594 759; x_wconf 90' lang='lat' dir='ltr'><strong>ut</strong></span> <span class='ocrx_word' id='word_1_28' title='bbox 632 724 736 778; x_wconf 89' lang='lat' dir='ltr'><strong>pro</strong></span> <span class='ocrx_word' id='word_1_29' title='bbox 765 722 895 758; x_wconf 82' lang='lat' dir='ltr'><strong>vere</strong></span> <span class='ocrx_word' id='word_1_30' title='bbox 938 702 1370 756; x_wconf 82' lang='lat' dir='ltr'><strong>Manethoniano</strong></span> <span class='ocrx_word' id='word_1_31' title='bbox 1408 701 1696 757; x_wconf 84' lang='lat' dir='ltr'><strong>cordatior</strong></span> <span class='ocrx_word' id='word_1_32' title='bbox 1718 703 1917 775; x_wconf 88' lang='lat' dir='ltr'><strong>aliquis</strong></span> <span class='ocrx_word' id='word_1_33' title='bbox 1936 720 2079 756; x_wconf 75' lang='lat' dir='ltr'><strong>ven-</strong></span> 
     </span>
     <span class='ocr_line' id='line_1_6' title="bbox 530 788 2078 860; baseline -0.002 -16"><span class='ocrx_word' id='word_1_34' title='bbox 530 792 708 847; x_wconf 88' lang='lat' dir='ltr'><strong>ditare</strong></span> <span class='ocrx_word' id='word_1_35' title='bbox 747 789 804 844; x_wconf 93' lang='lat' dir='ltr'><strong>id</strong></span> <span class='ocrx_word' id='word_1_36' title='bbox 845 791 1001 845; x_wconf 81' lang='lat' dir='ltr'><strong>ausit.</strong></span> <span class='ocrx_word' id='word_1_37' title='bbox 1084 789 1268 843; x_wconf 79' lang='lat' dir='ltr'><strong>Causae</strong></span> <span class='ocrx_word' id='word_1_38' title='bbox 1311 788 1475 858; x_wconf 89' lang='lat' dir='ltr'><strong>hujus</strong></span> <span class='ocrx_word' id='word_1_39' title='bbox 1506 789 1784 843; x_wconf 83' lang='lat' dir='ltr'><strong>varietatis</strong></span> <span class='ocrx_word' id='word_1_40' title='bbox 1824 806 2078 860; x_wconf 64' lang='lat' dir='ltr'><strong>quaenam</strong></span> 
     </span>
     <span class='ocr_line' id='line_1_7' title="bbox 529 873 2079 947; baseline -0.001 -18"><span class='ocrx_word' id='word_1_41' title='bbox 529 877 768 945; x_wconf 83' lang='lat' dir='ltr'><strong>fuerint,</strong></span> <span class='ocrx_word' id='word_1_42' title='bbox 801 878 858 930; x_wconf 91' lang='lat' dir='ltr'><strong>in</strong></span> <span class='ocrx_word' id='word_1_43' title='bbox 892 877 1211 929; x_wconf 79' lang='lat' dir='ltr'><strong>universum</strong></span> <span class='ocrx_word' id='word_1_44' title='bbox 1250 875 1376 928; x_wconf 87' lang='lat' dir='ltr'><strong>satis</strong></span> <span class='ocrx_word' id='word_1_45' title='bbox 1407 883 1590 947; x_wconf 87' lang='lat' dir='ltr'><strong>patet,</strong></span> <span class='ocrx_word' id='word_1_46' title='bbox 1627 892 1966 947; x_wconf 86' lang='lat' dir='ltr'><strong>quamquam</strong></span> <span class='ocrx_word' id='word_1_47' title='bbox 2007 873 2079 928; x_wconf 90' lang='lat' dir='ltr'><strong>de</strong></span> 
     </span>
     <span class='ocr_line' id='line_1_8' title="bbox 527 958 2074 1035; baseline 0 -19"><span class='ocrx_word' id='word_1_48' title='bbox 527 965 754 1035; x_wconf 85' lang='lat' dir='ltr'><strong>singulis</strong></span> <span class='ocrx_word' id='word_1_49' title='bbox 786 962 1099 1034; x_wconf 81' lang='lat' dir='ltr'>quibusque</span> <span class='ocrx_word' id='word_1_50' title='bbox 1126 960 1402 1014; x_wconf 90' lang='lat' dir='ltr'><strong>rationem</strong></span> <span class='ocrx_word' id='word_1_51' title='bbox 1438 958 1676 1013; x_wconf 78' lang='lat' dir='ltr'>reddere</span> <span class='ocrx_word' id='word_1_52' title='bbox 1703 959 1855 1014; x_wconf 90' lang='lat' dir='ltr'><strong>haud</strong></span> <span class='ocrx_word' id='word_1_53' title='bbox 1881 962 2074 1031; x_wconf 85' lang='lat' dir='ltr'><strong>possis.</strong></span> 
     </span>
     <span class='ocr_line' id='line_1_9' title="bbox 530 1043 2076 1116; baseline -0.001 -16"><span class='ocrx_word' id='word_1_54' title='bbox 530 1049 798 1104; x_wconf 75' lang='lat' dir='ltr'><strong>Videlicet</strong></span> <span class='ocrx_word' id='word_1_55' title='bbox 824 1046 1003 1103; x_wconf 85' lang='lat' dir='ltr'><strong>Judaei</strong></span> <span class='ocrx_word' id='word_1_56' title='bbox 1031 1059 1087 1101; x_wconf 87' lang='lat' dir='ltr'><strong>et</strong></span> <span class='ocrx_word' id='word_1_57' title='bbox 1112 1047 1407 1101; x_wconf 78' lang='lat' dir='ltr'><strong>Christiani</strong></span> <span class='ocrx_word' id='word_1_58' title='bbox 1447 1054 1615 1116; x_wconf 89' lang='lat' dir='ltr'><strong>atque</strong></span> <span class='ocrx_word' id='word_1_59' title='bbox 1656 1043 1882 1099; x_wconf 81' lang='lat' dir='ltr'><strong>fortasse</strong></span> <span class='ocrx_word' id='word_1_60' title='bbox 1911 1047 2076 1099; x_wconf 86' lang='lat' dir='ltr'><strong>etiam</strong></span> 
     </span>
     <span class='ocr_line' id='line_1_10' title="bbox 532 1132 2080 1211; baseline -0.003 -21"><span class='ocrx_word' id='word_1_61' title='bbox 532 1135 801 1190; x_wconf 83' lang='lat' dir='ltr'><strong>Helladici</strong></span> <span class='ocrx_word' id='word_1_62' title='bbox 838 1135 1101 1211; x_wconf 77' lang='grc' dir='ltr'>Χρονικῶν</span> <span class='ocrx_word' id='word_1_63' title='bbox 1129 1142 1384 1187; x_wconf 82' lang='lat' dir='ltr'>auctores</span> <span class='ocrx_word' id='word_1_64' title='bbox 1411 1132 1696 1204; x_wconf 79' lang='lat' dir='ltr'><strong>AEgyptias</strong></span> <span class='ocrx_word' id='word_1_65' title='bbox 1728 1132 2080 1186; x_wconf 83' lang='lat' dir='ltr'><strong>Manethonis</strong></span> 
     </span>
     <span class='ocr_line' id='line_1_11' title="bbox 530 1218 2076 1294; baseline -0.003 -19"><span class='ocrx_word' id='word_1_66' title='bbox 530 1224 783 1278; x_wconf 77' lang='lat' dir='ltr'><strong>historias</strong></span> <span class='ocrx_word' id='word_1_67' title='bbox 800 1221 1075 1276; x_wconf 84' lang='lat' dir='ltr'><strong>mutando</strong></span> <span class='ocrx_word' id='word_1_68' title='bbox 1095 1230 1151 1275; x_wconf 92' lang='lat' dir='ltr'><strong>et</strong></span> <span class='ocrx_word' id='word_1_69' title='bbox 1174 1218 1569 1294; x_wconf 89' lang='lat' dir='ltr'><strong>interpolando</strong></span> <span class='ocrx_word' id='word_1_70' title='bbox 1592 1237 1719 1272; x_wconf 91' lang='lat' dir='ltr'><strong>cum</strong></span> <span class='ocrx_word' id='word_1_71' title='bbox 1742 1219 1824 1273; x_wconf 92' lang='lat' dir='ltr'><strong>sui</strong></span> <span class='ocrx_word' id='word_1_72' title='bbox 1840 1220 2076 1290; x_wconf 86' lang='lat' dir='ltr'><strong>quisque</strong></span> 
     </span>
     <span class='ocr_line' id='line_1_12' title="bbox 528 1304 2076 1381; baseline -0.003 -19"><span class='ocrx_word' id='word_1_73' title='bbox 528 1310 721 1381; x_wconf 89' lang='lat' dir='ltr'><strong>populi</strong></span> <span class='ocrx_word' id='word_1_74' title='bbox 751 1309 1117 1381; x_wconf 83' lang='lat' dir='ltr'><strong>chronologia</strong></span> <span class='ocrx_word' id='word_1_75' title='bbox 1159 1306 1456 1360; x_wconf 86' lang='lat' dir='ltr'><strong>conciliare</strong></span> <span class='ocrx_word' id='word_1_76' title='bbox 1481 1304 1795 1361; x_wconf 79' lang='lat' dir='ltr'>studebant.</span> <span class='ocrx_word' id='word_1_77' title='bbox 1826 1306 2076 1359; x_wconf 85' lang='lat' dir='ltr'><strong>Probant</strong></span> 
     </span>
     <span class='ocr_line' id='line_1_13' title="bbox 528 1391 2075 1459; baseline -0.001 -12"><span class='ocrx_word' id='word_1_78' title='bbox 528 1396 644 1448; x_wconf 75' lang='lat' dir='ltr'><strong>liaec</strong></span> <span class='ocrx_word' id='word_1_79' title='bbox 673 1396 916 1449; x_wconf 87' lang='lat' dir='ltr'><strong>auctoris</strong></span> <span class='ocrx_word' id='word_1_80' title='bbox 938 1395 1113 1448; x_wconf 81' lang='lat' dir='ltr'><strong>nostri</strong></span> <span class='ocrx_word' id='word_1_81' title='bbox 1138 1393 1339 1447; x_wconf 85' lang='lat' dir='ltr'><strong>famam</strong></span> <span class='ocrx_word' id='word_1_82' title='bbox 1363 1403 1420 1446; x_wconf 88' lang='lat' dir='ltr'><strong>et</strong></span> <span class='ocrx_word' id='word_1_83' title='bbox 1445 1391 1850 1459; x_wconf 88' lang='lat' dir='ltr'><strong>auctoritatem,</strong></span> <span class='ocrx_word' id='word_1_84' title='bbox 1872 1391 2075 1446; x_wconf 82' lang='lat' dir='ltr'><strong>exinde</strong></span> 
     </span>
     <span class='ocr_line' id='line_1_14' title="bbox 529 1475 2079 1551; baseline -0.001 -18"><span class='ocrx_word' id='word_1_85' title='bbox 529 1480 681 1534; x_wconf 86' lang='lat' dir='ltr'><strong>illam</strong></span> <span class='ocrx_word' id='word_1_86' title='bbox 710 1479 1097 1549; x_wconf 79' lang='lat' dir='ltr'><strong>derivandam,</strong></span> <span class='ocrx_word' id='word_1_87' title='bbox 1136 1478 1293 1551; x_wconf 89' lang='lat' dir='ltr'><strong>quod</strong></span> <span class='ocrx_word' id='word_1_88' title='bbox 1321 1479 1534 1551; x_wconf 88' lang='lat' dir='ltr'><strong>primus</strong></span> <span class='ocrx_word' id='word_1_89' title='bbox 1560 1475 1828 1531; x_wconf 85' lang='lat' dir='ltr'><strong>Manetho</strong></span> <span class='ocrx_word' id='word_1_90' title='bbox 1870 1479 2079 1532; x_wconf 87' lang='lat' dir='ltr'><strong>exstitit</strong></span> 
     </span>
     <span class='ocr_line' id='line_1_15' title="bbox 532 1562 2078 1638; baseline -0.001 -20"><span class='ocrx_word' id='word_1_91' title='bbox 532 1566 821 1638; x_wconf 78' lang='lat' dir='ltr'><strong>AEgyptius</strong></span> <span class='ocrx_word' id='word_1_92' title='bbox 843 1578 899 1620; x_wconf 89' lang='lat' dir='ltr'><strong>ct</strong></span> <span class='ocrx_word' id='word_1_93' title='bbox 923 1568 1066 1620; x_wconf 89' lang='lat' dir='ltr'><strong>inter</strong></span> <span class='ocrx_word' id='word_1_94' title='bbox 1095 1566 1387 1637; x_wconf 78' lang='lat' dir='ltr'><strong>AEgyptios</strong></span> <span class='ocrx_word' id='word_1_95' title='bbox 1407 1562 1695 1629; x_wconf 84' lang='lat' dir='ltr'><strong>sacerdos,</strong></span> <span class='ocrx_word' id='word_1_96' title='bbox 1722 1565 1821 1634; x_wconf 88' lang='lat' dir='ltr'><strong>qui</strong></span> <span class='ocrx_word' id='word_1_97' title='bbox 1843 1580 1913 1617; x_wconf 89' lang='lat' dir='ltr'><strong>ex</strong></span> <span class='ocrx_word' id='word_1_98' title='bbox 1939 1574 2078 1617; x_wconf 90' lang='lat' dir='ltr'><strong>tem-</strong></span> 
     </span>
     <span class='ocr_line' id='line_1_16' title="bbox 530 1650 2076 1729; baseline -0.001 -24"><span class='ocrx_word' id='word_1_99' title='bbox 530 1652 755 1723; x_wconf 87' lang='lat' dir='ltr'><strong>plorum</strong></span> <span class='ocrx_word' id='word_1_100' title='bbox 805 1654 1125 1729; x_wconf 69' lang='grc' dir='ltr'>ἀναγραφαῖς</span> <span class='ocrx_word' id='word_1_101' title='bbox 1188 1652 1510 1705; x_wconf 88' lang='lat' dir='ltr'><strong>continuam</strong></span> <span class='ocrx_word' id='word_1_102' title='bbox 1575 1650 1819 1722; x_wconf 77' lang='lat' dir='ltr'><strong>aliquam</strong></span> <span class='ocrx_word' id='word_1_103' title='bbox 1880 1668 2076 1723; x_wconf 83' lang='lat' dir='ltr'><strong>regum</strong></span> 
     </span>
     <span class='ocr_line' id='line_1_17' title="bbox 532 1737 2078 1808; baseline -0.002 -16"><span class='ocrx_word' id='word_1_104' title='bbox 532 1741 781 1793; x_wconf 88' lang='lat' dir='ltr'><strong>omnium</strong></span> <span class='ocrx_word' id='word_1_105' title='bbox 808 1742 1004 1794; x_wconf 89' lang='lat' dir='ltr'><strong>seriem</strong></span> <span class='ocrx_word' id='word_1_106' title='bbox 1046 1741 1103 1792; x_wconf 92' lang='lat' dir='ltr'><strong>in</strong></span> <span class='ocrx_word' id='word_1_107' title='bbox 1137 1756 1299 1792; x_wconf 90' lang='lat' dir='ltr'><strong>usum</strong></span> <span class='ocrx_word' id='word_1_108' title='bbox 1337 1738 1528 1792; x_wconf 82' lang='lat' dir='ltr'><strong>Graece</strong></span> <span class='ocrx_word' id='word_1_109' title='bbox 1557 1737 1907 1808; x_wconf 86' lang='lat' dir='ltr'><strong>loquentium</strong></span> <span class='ocrx_word' id='word_1_110' title='bbox 1938 1755 2078 1790; x_wconf 86' lang='lat' dir='ltr'><strong>con-</strong></span> 
     </span>
     <span class='ocr_line' id='line_1_18' title="bbox 529 1823 2076 1898; baseline -0.001 -19"><span class='ocrx_word' id='word_1_111' title='bbox 529 1828 761 1892; x_wconf 82' lang='lat' dir='ltr'><strong>texerit,</strong></span> <span class='ocrx_word' id='word_1_112' title='bbox 794 1826 963 1898; x_wconf 89' lang='lat' dir='ltr'><strong>idque</strong></span> <span class='ocrx_word' id='word_1_113' title='bbox 997 1844 1125 1881; x_wconf 89' lang='lat' dir='ltr'><strong>cum</strong></span> <span class='ocrx_word' id='word_1_114' title='bbox 1154 1826 1409 1897; x_wconf 84' lang='lat' dir='ltr'><strong>religiosa</strong></span> <span class='ocrx_word' id='word_1_115' title='bbox 1438 1825 1537 1877; x_wconf 86' lang='lat' dir='ltr'><strong>ista</strong></span> <span class='ocrx_word' id='word_1_116' title='bbox 1565 1834 1623 1877; x_wconf 87' lang='lat' dir='ltr'><strong>et</strong></span> <span class='ocrx_word' id='word_1_117' title='bbox 1652 1841 1809 1895; x_wconf 79' lang='lat' dir='ltr'><strong>paene</strong></span> <span class='ocrx_word' id='word_1_118' title='bbox 1837 1823 2076 1878; x_wconf 82' lang='lat' dir='ltr'><strong>dixerim</strong></span> 
     </span>
     <span class='ocr_line' id='line_1_19' title="bbox 532 1908 2077 1988; baseline -0.001 -23"><span class='ocrx_word' id='word_1_119' title='bbox 532 1912 812 1966; x_wconf 81' lang='lat' dir='ltr'><strong>fastidiosa</strong></span> <span class='ocrx_word' id='word_1_120' title='bbox 834 1908 1072 1988; x_wconf 72' lang='grc' dir='ltr'>ἀκριὸεία</span> <span class='ocrx_word' id='word_1_121' title='bbox 1090 1952 1104 1978; x_wconf 84' lang='grc'>,</span> <span class='ocrx_word' id='word_1_122' title='bbox 1132 1912 1241 1983; x_wconf 72' lang='lat' dir='ltr'><strong>qua</strong></span> <span class='ocrx_word' id='word_1_123' title='bbox 1270 1930 1387 1965; x_wconf 88' lang='lat' dir='ltr'><strong>non</strong></span> <span class='ocrx_word' id='word_1_124' title='bbox 1411 1928 1587 1965; x_wconf 87' lang='lat' dir='ltr'><strong>annos</strong></span> <span class='ocrx_word' id='word_1_125' title='bbox 1620 1911 1801 1964; x_wconf 85' lang='lat' dir='ltr'><strong>solum</strong></span> <span class='ocrx_word' id='word_1_126' title='bbox 1826 1911 2077 1983; x_wconf 78' lang='lat' dir='ltr'><strong>AEgyptii</strong></span> 
     </span>
     <span class='ocr_line' id='line_1_20' title="bbox 530 1997 2073 2071; baseline -0.001 -19"><span class='ocrx_word' id='word_1_127' title='bbox 530 2009 730 2052; x_wconf 86' lang='lat' dir='ltr'><strong>notant</strong></span> <span class='ocrx_word' id='word_1_128' title='bbox 754 1998 852 2053; x_wconf 87' lang='lat' dir='ltr'><strong>sed</strong></span> <span class='ocrx_word' id='word_1_129' title='bbox 878 2014 1091 2053; x_wconf 85' lang='lat' dir='ltr'><strong>menses</strong></span> <span class='ocrx_word' id='word_1_130' title='bbox 1114 2016 1341 2070; x_wconf 87' lang='lat' dir='ltr'><strong>quoque</strong></span> <span class='ocrx_word' id='word_1_131' title='bbox 1364 1998 1592 2069; x_wconf 83' lang='lat' dir='ltr'><strong>diesque</strong></span> <span class='ocrx_word' id='word_1_132' title='bbox 1607 2040 1622 2065; x_wconf 93' lang='lat'><strong>,</strong></span> <span class='ocrx_word' id='word_1_133' title='bbox 1651 1997 1852 2067; x_wconf 90' lang='lat' dir='ltr'><strong>quibus</strong></span> <span class='ocrx_word' id='word_1_134' title='bbox 1873 1999 2073 2071; x_wconf 83' lang='lat' dir='ltr'><strong>singuli</strong></span> 
     </span>
     <span class='ocr_line' id='line_1_21' title="bbox 530 2084 2075 2158; baseline 0 -20"><span class='ocrx_word' id='word_1_135' title='bbox 530 2087 820 2158; x_wconf 87' lang='lat' dir='ltr'><strong>regnarint</strong></span> <span class='ocrx_word' id='word_1_136' title='bbox 861 2104 875 2138; x_wconf 71' lang='grc' dir='ltr'><em>τ</em></span> <span class='ocrx_word' id='word_1_137' title='bbox 907 2085 1046 2157; x_wconf 88' lang='lat' dir='ltr'><strong>quid</strong></span> <span class='ocrx_word' id='word_1_138' title='bbox 1065 2126 1080 2153; x_wconf 88' lang='lat'><strong>,</strong></span> <span class='ocrx_word' id='word_1_139' title='bbox 1113 2084 1270 2157; x_wconf 87' lang='lat' dir='ltr'><strong>quod</strong></span> <span class='ocrx_word' id='word_1_140' title='bbox 1301 2086 1361 2137; x_wconf 90' lang='lat' dir='ltr'><strong>in</strong></span> <span class='ocrx_word' id='word_1_141' title='bbox 1394 2103 1614 2157; x_wconf 81' lang='lat' dir='ltr'><strong>papyro</strong></span> <span class='ocrx_word' id='word_1_142' title='bbox 1650 2084 1942 2138; x_wconf 87' lang='lat' dir='ltr'><strong>Turinensi</strong></span> <span class='ocrx_word' id='word_1_143' title='bbox 1987 2085 2075 2139; x_wconf 82' lang='lat' dir='ltr'><strong>vel</strong></span> 
     </span>
     <span class='ocr_line' id='line_1_22' title="bbox 532 2169 2072 2245; baseline 0.001 -20"><span class='ocrx_word' id='word_1_144' title='bbox 532 2169 769 2226; x_wconf 86' lang='lat' dir='ltr'><strong>deorum</strong></span> <span class='ocrx_word' id='word_1_145' title='bbox 791 2190 963 2245; x_wconf 85' lang='lat' dir='ltr'><strong>reg-na</strong></span> <span class='ocrx_word' id='word_1_146' title='bbox 986 2172 1059 2226; x_wconf 89' lang='lat' dir='ltr'><strong>ad</strong></span> <span class='ocrx_word' id='word_1_147' title='bbox 1082 2190 1328 2226; x_wconf 86' lang='lat' dir='ltr'><strong>mensem</strong></span> <span class='ocrx_word' id='word_1_148' title='bbox 1350 2183 1517 2243; x_wconf 88' lang='lat' dir='ltr'><strong>atque</strong></span> <span class='ocrx_word' id='word_1_149' title='bbox 1542 2170 1692 2226; x_wconf 90' lang='lat' dir='ltr'><strong>diem</strong></span> <span class='ocrx_word' id='word_1_150' title='bbox 1711 2181 2072 2243; x_wconf 83' lang='lat' dir='ltr'><strong>exputantur.</strong></span> 
     </span>
     <span class='ocr_line' id='line_1_23' title="bbox 528 2258 2079 2331; baseline -0.001 -18"><span class='ocrx_word' id='word_1_151' title='bbox 528 2258 747 2313; x_wconf 88' lang='lat' dir='ltr'><strong>Deinde</strong></span> <span class='ocrx_word' id='word_1_152' title='bbox 760 2277 898 2314; x_wconf 72' lang='lat' dir='ltr'><strong>vero</strong></span> <span class='ocrx_word' id='word_1_153' title='bbox 918 2260 1283 2331; x_wconf 90' lang='lat' dir='ltr'><strong>reliquiarum</strong></span> <span class='ocrx_word' id='word_1_154' title='bbox 1300 2259 1462 2312; x_wconf 91' lang='lat' dir='ltr'><strong>color</strong></span> <span class='ocrx_word' id='word_1_155' title='bbox 1483 2259 1667 2313; x_wconf 73' lang='lat' dir='ltr'><strong>varius</strong></span> <span class='ocrx_word' id='word_1_156' title='bbox 1680 2259 1824 2312; x_wconf 88' lang='lat' dir='ltr'><strong>viam</strong></span> <span class='ocrx_word' id='word_1_157' title='bbox 1837 2258 2079 2312; x_wconf 82' lang='lat' dir='ltr'><strong>ostendit</strong></span> 
     </span>
     <span class='ocr_line' id='line_1_24' title="bbox 530 2344 2078 2418; baseline -0.001 -18"><span class='ocrx_word' id='word_1_158' title='bbox 530 2356 653 2418; x_wconf 76' lang='lat' dir='ltr'><strong>quae</strong></span> <span class='ocrx_word' id='word_1_159' title='bbox 670 2347 727 2399; x_wconf 90' lang='lat' dir='ltr'><strong>in</strong></span> <span class='ocrx_word' id='word_1_160' title='bbox 748 2348 1079 2401; x_wconf 82' lang='lat' dir='ltr'><strong>tractatione</strong></span> <span class='ocrx_word' id='word_1_161' title='bbox 1090 2364 1281 2401; x_wconf 89' lang='lat' dir='ltr'><strong>earum</strong></span> <span class='ocrx_word' id='word_1_162' title='bbox 1291 2347 1361 2399; x_wconf 90' lang='lat' dir='ltr'><strong>sit</strong></span> <span class='ocrx_word' id='word_1_163' title='bbox 1378 2344 1640 2400; x_wconf 88' lang='lat' dir='ltr'><strong>ineunda.</strong></span> <span class='ocrx_word' id='word_1_164' title='bbox 1658 2346 1933 2399; x_wconf 84' lang='lat' dir='ltr'><strong>Nimirum</strong></span> <span class='ocrx_word' id='word_1_165' title='bbox 1949 2355 2078 2399; x_wconf 89' lang='lat' dir='ltr'><strong>ante</strong></span> 
     </span>
     <span class='ocr_line' id='line_1_25' title="bbox 530 2430 2078 2505; baseline 0 -19"><span class='ocrx_word' id='word_1_166' title='bbox 530 2433 720 2487; x_wconf 88' lang='lat' dir='ltr'><strong>omnia</strong></span> <span class='ocrx_word' id='word_1_167' title='bbox 759 2434 981 2505; x_wconf 85' lang='lat' dir='ltr'><strong>anquiri</strong></span> <span class='ocrx_word' id='word_1_168' title='bbox 1023 2432 1193 2487; x_wconf 89' lang='lat' dir='ltr'><strong>debet</strong></span> <span class='ocrx_word' id='word_1_169' title='bbox 1227 2449 1481 2505; x_wconf 81' lang='lat' dir='ltr'><strong>quaenam</strong></span> <span class='ocrx_word' id='word_1_170' title='bbox 1513 2430 1677 2501; x_wconf 87' lang='lat' dir='ltr'><strong>hujus</strong></span> <span class='ocrx_word' id='word_1_171' title='bbox 1710 2433 1896 2504; x_wconf 86' lang='lat' dir='ltr'><strong>operis</strong></span> <span class='ocrx_word' id='word_1_172' title='bbox 1922 2432 2078 2503; x_wconf 83' lang='lat' dir='ltr'><strong>quasi</strong></span> 
     </span>
     <span class='ocr_line' id='line_1_26' title="bbox 529 2518 2079 2591; baseline -0.001 -17"><span class='ocrx_word' id='word_1_173' title='bbox 529 2520 875 2575; x_wconf 83' lang='lat' dir='ltr'><strong>recensiones</strong></span> <span class='ocrx_word' id='word_1_174' title='bbox 898 2537 1203 2591; x_wconf 89' lang='lat' dir='ltr'><strong>earumque</strong></span> <span class='ocrx_word' id='word_1_175' title='bbox 1226 2518 1443 2574; x_wconf 88' lang='lat' dir='ltr'><strong>indoles</strong></span> <span class='ocrx_word' id='word_1_176' title='bbox 1468 2518 1693 2572; x_wconf 87' lang='lat' dir='ltr'><strong>fuerint.</strong></span> <span class='ocrx_word' id='word_1_177' title='bbox 1778 2519 1944 2589; x_wconf 85' lang='lat' dir='ltr'><strong>Quod</strong></span> <span class='ocrx_word' id='word_1_178' title='bbox 1978 2537 2079 2572; x_wconf 91' lang='lat' dir='ltr'><strong>ne-</strong></span> 
     </span>
     <span class='ocr_line' id='line_1_27' title="bbox 531 2605 2077 2680; baseline -0.001 -19"><span class='ocrx_word' id='word_1_179' title='bbox 531 2608 748 2680; x_wconf 84' lang='lat' dir='ltr'><strong>gotium</strong></span> <span class='ocrx_word' id='word_1_180' title='bbox 764 2608 866 2661; x_wconf 86' lang='lat' dir='ltr'><strong>rite</strong></span> <span class='ocrx_word' id='word_1_181' title='bbox 888 2606 1117 2679; x_wconf 88' lang='lat' dir='ltr'><strong>quidem</strong></span> <span class='ocrx_word' id='word_1_182' title='bbox 1139 2607 1209 2661; x_wconf 86' lang='lat' dir='ltr'><strong>ab</strong></span> <span class='ocrx_word' id='word_1_183' title='bbox 1228 2606 1382 2660; x_wconf 90' lang='lat' dir='ltr'><strong>omni</strong></span> <span class='ocrx_word' id='word_1_184' title='bbox 1401 2616 1559 2679; x_wconf 91' lang='lat' dir='ltr'><strong>parte</strong></span> <span class='ocrx_word' id='word_1_185' title='bbox 1581 2606 1773 2679; x_wconf 87' lang='lat' dir='ltr'><strong>peragi</strong></span> <span class='ocrx_word' id='word_1_186' title='bbox 1788 2606 1983 2678; x_wconf 83' lang='lat' dir='ltr'><strong>nequit</strong></span> <span class='ocrx_word' id='word_1_187' title='bbox 2001 2605 2077 2660; x_wconf 90' lang='lat' dir='ltr'><strong>ob</strong></span> 
     </span>
     <span class='ocr_line' id='line_1_28' title="bbox 531 2688 2078 2767; baseline 0.001 -21"><span class='ocrx_word' id='word_1_188' title='bbox 531 2693 969 2767; x_wconf 80' lang='lat' dir='ltr'><strong>fragmentorum</strong></span> <span class='ocrx_word' id='word_1_189' title='bbox 1008 2697 1282 2749; x_wconf 89' lang='lat' dir='ltr'><strong>rationem</strong></span> <span class='ocrx_word' id='word_1_190' title='bbox 1309 2688 1561 2747; x_wconf 82' lang='lat' dir='ltr'><strong>mancam</strong></span> <span class='ocrx_word' id='word_1_191' title='bbox 1592 2705 1760 2766; x_wconf 88' lang='lat' dir='ltr'><strong>atque</strong></span> <span class='ocrx_word' id='word_1_192' title='bbox 1778 2695 2078 2749; x_wconf 84' lang='lat' dir='ltr'><strong>raritatem.</strong></span> 
     </span>
     <span class='ocr_line' id='line_1_29' title="bbox 530 2778 2080 2854; baseline 0.001 -20"><span class='ocrx_word' id='word_1_193' title='bbox 530 2779 643 2834; x_wconf 90' lang='lat' dir='ltr'><strong>Sed</strong></span> <span class='ocrx_word' id='word_1_194' title='bbox 665 2790 819 2834; x_wconf 89' lang='lat' dir='ltr'><strong>tanto</strong></span> <span class='ocrx_word' id='word_1_195' title='bbox 843 2781 1114 2834; x_wconf 87' lang='lat' dir='ltr'><strong>curiosius</strong></span> <span class='ocrx_word' id='word_1_196' title='bbox 1137 2778 1447 2852; x_wconf 86' lang='lat' dir='ltr'><strong>premenda</strong></span> <span class='ocrx_word' id='word_1_197' title='bbox 1474 2789 1601 2833; x_wconf 91' lang='lat' dir='ltr'><strong>sunt</strong></span> <span class='ocrx_word' id='word_1_198' title='bbox 1626 2797 1805 2852; x_wconf 88' lang='lat' dir='ltr'><strong>pauca</strong></span> <span class='ocrx_word' id='word_1_199' title='bbox 1835 2781 1929 2835; x_wconf 86' lang='lat' dir='ltr'><strong>illa</strong></span> <span class='ocrx_word' id='word_1_200' title='bbox 1957 2799 2080 2854; x_wconf 83' lang='lat' dir='ltr'><strong>quae</strong></span> 
     </span>
     <span class='ocr_line' id='line_1_30' title="bbox 533 2865 2081 2939; baseline 0.002 -21"><span class='ocrx_word' id='word_1_201' title='bbox 533 2882 872 2939; x_wconf 85' lang='lat' dir='ltr'><strong>cognoscere</strong></span> <span class='ocrx_word' id='word_1_202' title='bbox 911 2865 1094 2920; x_wconf 85' lang='lat' dir='ltr'><strong>adhuc</strong></span> <span class='ocrx_word' id='word_1_203' title='bbox 1121 2866 1268 2921; x_wconf 88' lang='lat' dir='ltr'><strong>licet.</strong></span> <span class='ocrx_word' id='word_1_204' title='bbox 1352 2865 1531 2936; x_wconf 82' lang='lat' dir='ltr'><strong>Igitur</strong></span> <span class='ocrx_word' id='word_1_205' title='bbox 1558 2883 1938 2920; x_wconf 86' lang='lat' dir='ltr'><strong>recenseamus</strong></span> <span class='ocrx_word' id='word_1_206' title='bbox 1982 2885 2081 2921; x_wconf 87' lang='lat' dir='ltr'><strong>au-</strong></span> 
     </span>
     <span class='ocr_line' id='line_1_31' title="bbox 524 2951 1846 3022; baseline 0.002 -19"><span class='ocrx_word' id='word_1_207' title='bbox 524 2961 714 3005; x_wconf 85' lang='lat' dir='ltr'><strong>·ctores</strong></span> <span class='ocrx_word' id='word_1_208' title='bbox 729 2992 744 3019; x_wconf 87' lang='lat'><strong>,</strong></span> <span class='ocrx_word' id='word_1_209' title='bbox 770 2953 868 3022; x_wconf 90' lang='lat' dir='ltr'><strong>qui</strong></span> <span class='ocrx_word' id='word_1_210' title='bbox 898 2952 1327 3006; x_wconf 88' lang='lat' dir='ltr'><strong>Manethoniana</strong></span> <span class='ocrx_word' id='word_1_211' title='bbox 1350 2951 1513 3005; x_wconf 89' lang='lat' dir='ltr'><strong>nobis</strong></span> <span class='ocrx_word' id='word_1_212' title='bbox 1537 2962 1846 3006; x_wconf 78' lang='lat' dir='ltr'><strong>servarunt.</strong></span> 
     </span>
     <span class='ocr_line' id='line_1_32' title="bbox 611 3038 2081 3110; baseline 0.001 -18"><span class='ocrx_word' id='word_1_213' title='bbox 611 3038 1035 3108; x_wconf 81' lang='lat' dir='ltr'><strong>Antiquissimus</strong></span> <span class='ocrx_word' id='word_1_214' title='bbox 1063 3055 1261 3091; x_wconf 88' lang='lat' dir='ltr'><strong>eorum</strong></span> <span class='ocrx_word' id='word_1_215' title='bbox 1296 3038 1517 3092; x_wconf 85' lang='lat' dir='ltr'><strong>Flavius</strong></span> <span class='ocrx_word' id='word_1_216' title='bbox 1538 3048 1617 3091; x_wconf 89' lang='lat' dir='ltr'><strong>est</strong></span> <span class='ocrx_word' id='word_1_217' title='bbox 1632 3038 1921 3110; x_wconf 78' lang='lat' dir='ltr'><strong>Iosephus,</strong></span> <span class='ocrx_word' id='word_1_218' title='bbox 1945 3039 2081 3109; x_wconf 83' lang='lat' dir='ltr'><strong>Quae</strong></span> 
     </span>
     <span class='ocr_line' id='line_1_33' title="bbox 532 3120 2078 3198; baseline 0.001 -20"><span class='ocrx_word' id='word_1_219' title='bbox 532 3122 684 3196; x_wconf 88' lang='lat' dir='ltr'><strong>apud</strong></span> <span class='ocrx_word' id='word_1_220' title='bbox 719 3124 868 3177; x_wconf 78' lang='lat' dir='ltr'><strong>hunc</strong></span> <span class='ocrx_word' id='word_1_221' title='bbox 909 3141 941 3177; x_wconf 92' lang='lat' dir='ltr'><strong>e</strong></span> <span class='ocrx_word' id='word_1_222' title='bbox 981 3120 1316 3178; x_wconf 84' lang='lat' dir='ltr'><strong>Manethone</strong></span> <span class='ocrx_word' id='word_1_223' title='bbox 1344 3122 1645 3177; x_wconf 89' lang='lat' dir='ltr'><strong>traduntur</strong></span> <span class='ocrx_word' id='word_1_224' title='bbox 1680 3124 1870 3179; x_wconf 88' lang='lat' dir='ltr'><strong>omnia</strong></span> <span class='ocrx_word' id='word_1_225' title='bbox 1896 3128 2078 3198; x_wconf 86' lang='lat' dir='ltr'><strong>perti·-</strong></span> 
     </span>
     <span class='ocr_line' id='line_1_34' title="bbox 533 3208 2082 3283; baseline 0.001 -18"><span class='ocrx_word' id='word_1_226' title='bbox 533 3220 669 3265; x_wconf 83' lang='lat' dir='ltr'><strong>nent</strong></span> <span class='ocrx_word' id='word_1_227' title='bbox 701 3208 771 3264; x_wconf 89' lang='lat' dir='ltr'><strong>ad</strong></span> <span class='ocrx_word' id='word_1_228' title='bbox 796 3219 1084 3282; x_wconf 85' lang='lat' dir='ltr'><strong>pastorum</strong></span> <span class='ocrx_word' id='word_1_229' title='bbox 1125 3227 1294 3283; x_wconf 87' lang='lat' dir='ltr'><strong>regna</strong></span> <span class='ocrx_word' id='word_1_230' title='bbox 1318 3219 1373 3263; x_wconf 92' lang='lat' dir='ltr'><strong>et</strong></span> <span class='ocrx_word' id='word_1_231' title='bbox 1405 3208 1477 3263; x_wconf 88' lang='lat' dir='ltr'><strong>ad</strong></span> <span class='ocrx_word' id='word_1_232' title='bbox 1503 3208 1899 3281; x_wconf 83' lang='lat' dir='ltr'><strong>subsequentes</strong></span> <span class='ocrx_word' id='word_1_233' title='bbox 1943 3210 2082 3266; x_wconf 88' lang='lat' dir='ltr'><strong>duas</strong></span> 
     </span>
     <span class='ocr_line' id='line_1_35' title="bbox 533 3295 2083 3369; baseline 0.001 -18"><span class='ocrx_word' id='word_1_234' title='bbox 533 3297 835 3369; x_wconf 83' lang='lat' dir='ltr'><strong>dynastias,</strong></span> <span class='ocrx_word' id='word_1_235' title='bbox 869 3314 995 3350; x_wconf 86' lang='lat' dir='ltr'><strong>cum</strong></span> <span class='ocrx_word' id='word_1_236' title='bbox 1018 3295 1344 3350; x_wconf 84' lang='lat' dir='ltr'><strong>Judaeorum</strong></span> <span class='ocrx_word' id='word_1_237' title='bbox 1370 3296 1601 3350; x_wconf 87' lang='lat' dir='ltr'><strong>historia</strong></span> <span class='ocrx_word' id='word_1_238' title='bbox 1618 3296 1738 3350; x_wconf 89' lang='lat' dir='ltr'><strong>illas</strong></span> <span class='ocrx_word' id='word_1_239' title='bbox 1760 3295 2083 3367; x_wconf 87' lang='lat' dir='ltr'><strong>conjunctas</strong></span> 
     </span>
     <span class='ocr_line' id='line_1_36' title="bbox 536 3380 2077 3456; baseline 0.002 -20"><span class='ocrx_word' id='word_1_240' title='bbox 536 3380 638 3455; x_wconf 87' lang='lat' dir='ltr'><strong>(fr.</strong></span> <span class='ocrx_word' id='word_1_241' title='bbox 671 3389 766 3447; x_wconf 67' lang='lat'><strong>‘⁸2-</strong></span> <span class='ocrx_word' id='word_1_242' title='bbox 796 3381 889 3437; x_wconf 88' lang='lat'><strong>50.</strong></span> <span class='ocrx_word' id='word_1_243' title='bbox 920 3380 1048 3455; x_wconf 77' lang='lat'><strong>52).</strong></span> <span class='ocrx_word' id='word_1_244' title='bbox 1080 3382 1210 3438; x_wconf 72' lang='lat' dir='ltr'><strong>Haec</strong></span> <span class='ocrx_word' id='word_1_245' title='bbox 1243 3384 1360 3437; x_wconf 90' lang='lat' dir='ltr'><strong>sola</strong></span> <span class='ocrx_word' id='word_1_246' title='bbox 1405 3392 1704 3455; x_wconf 82' lang='lat' dir='ltr'><strong>supersunt</strong></span> <span class='ocrx_word' id='word_1_247' title='bbox 1742 3381 2077 3456; x_wconf 87' lang='lat' dir='ltr'><strong>fragmenta,</strong></span> 
     </span>
     <span class='ocr_line' id='line_1_37' title="bbox 536 3469 2078 3541; baseline 0.003 -17"><span class='ocrx_word' id='word_1_248' title='bbox 536 3487 662 3541; x_wconf 85' lang='lat' dir='ltr'><strong>quae</strong></span> <span class='ocrx_word' id='word_1_249' title='bbox 681 3469 752 3523; x_wconf 89' lang='lat' dir='ltr'><strong>de</strong></span> <span class='ocrx_word' id='word_1_250' title='bbox 801 3469 983 3524; x_wconf 89' lang='lat' dir='ltr'><strong>forma</strong></span> <span class='ocrx_word' id='word_1_251' title='bbox 1003 3469 1191 3541; x_wconf 85' lang='lat' dir='ltr'><strong>operis</strong></span> <span class='ocrx_word' id='word_1_252' title='bbox 1222 3469 1639 3523; x_wconf 86' lang='lat' dir='ltr'><strong>Manethoniani</strong></span> <span class='ocrx_word' id='word_1_253' title='bbox 1661 3487 1765 3524; x_wconf 90' lang='lat' dir='ltr'><strong>nos</strong></span> <span class='ocrx_word' id='word_1_254' title='bbox 1786 3470 2078 3531; x_wconf 84' lang='lat' dir='ltr'><strong>edoceant.</strong></span> 
     </span>
     <span class='ocr_line' id='line_1_38' title="bbox 533 3556 2082 3628; baseline 0.001 -18"><span class='ocrx_word' id='word_1_255' title='bbox 533 3556 675 3610; x_wconf 85' lang='lat' dir='ltr'><strong>Nam</strong></span> <span class='ocrx_word' id='word_1_256' title='bbox 702 3558 899 3628; x_wconf 79' lang='lat' dir='ltr'><strong>saepius</strong></span> <span class='ocrx_word' id='word_1_257' title='bbox 936 3557 1055 3628; x_wconf 92' lang='lat' dir='ltr'><strong>ipsa</strong></span> <span class='ocrx_word' id='word_1_258' title='bbox 1094 3556 1266 3610; x_wconf 79' lang='lat' dir='ltr'><strong>verba</strong></span> <span class='ocrx_word' id='word_1_259' title='bbox 1307 3557 1548 3610; x_wconf 88' lang='lat' dir='ltr'><strong>auctoris</strong></span> <span class='ocrx_word' id='word_1_260' title='bbox 1567 3573 1744 3626; x_wconf 89' lang='lat' dir='ltr'><strong>eaque</strong></span> <span class='ocrx_word' id='word_1_261' title='bbox 1788 3567 1870 3610; x_wconf 90' lang='lat' dir='ltr'><strong>sat</strong></span> <span class='ocrx_word' id='word_1_262' title='bbox 1909 3558 2082 3612; x_wconf 84' lang='lat' dir='ltr'><strong>multa</strong></span> 
     </span>
     <span class='ocr_line' id='line_1_39' title="bbox 536 3641 2084 3714; baseline 0.001 -18"><span class='ocrx_word' id='word_1_263' title='bbox 536 3641 890 3700; x_wconf 79' lang='lat' dir='ltr'><strong>exhibentur.</strong></span> <span class='ocrx_word' id='word_1_264' title='bbox 913 3642 1081 3697; x_wconf 90' lang='lat' dir='ltr'><strong>Unde</strong></span> <span class='ocrx_word' id='word_1_265' title='bbox 1104 3641 1362 3696; x_wconf 88' lang='lat' dir='ltr'><strong>discimus</strong></span> <span class='ocrx_word' id='word_1_266' title='bbox 1386 3644 1632 3714; x_wconf 89' lang='lat' dir='ltr'><strong>primum</strong></span> <span class='ocrx_word' id='word_1_267' title='bbox 1652 3660 1770 3696; x_wconf 88' lang='lat' dir='ltr'><strong>non</strong></span> <span class='ocrx_word' id='word_1_268' title='bbox 1787 3643 2084 3698; x_wconf 88' lang='lat' dir='ltr'><strong>substitisse.</strong></span> 
     </span>
     <span class='ocr_line' id='line_1_40' title="bbox 535 3727 2082 3801; baseline 0.001 -19"><span class='ocrx_word' id='word_1_269' title='bbox 535 3728 930 3783; x_wconf 86' lang='lat' dir='ltr'><strong>Manethonem</strong></span> <span class='ocrx_word' id='word_1_270' title='bbox 954 3729 1013 3781; x_wconf 89' lang='lat' dir='ltr'><strong>in</strong></span> <span class='ocrx_word' id='word_1_271' title='bbox 1030 3727 1382 3782; x_wconf 85' lang='lat' dir='ltr'><strong>recensendis</strong></span> <span class='ocrx_word' id='word_1_272' title='bbox 1407 3745 1603 3801; x_wconf 86' lang='lat' dir='ltr'><strong>regum</strong></span> <span class='ocrx_word' id='word_1_273' title='bbox 1630 3730 1955 3791; x_wconf 83' lang='lat' dir='ltr'><strong>nominibus</strong></span> <span class='ocrx_word' id='word_1_274' title='bbox 1979 3749 2082 3784; x_wconf 88' lang='lat' dir='ltr'><strong>an-</strong></span> 
     </span>
     <span class='ocr_line' id='line_1_41' title="bbox 535 3815 2083 3889; baseline 0.001 -20"><span class='ocrx_word' id='word_1_275' title='bbox 535 3816 733 3887; x_wconf 86' lang='lat' dir='ltr'><strong>nisque</strong></span> <span class='ocrx_word' id='word_1_276' title='bbox 753 3856 770 3883; x_wconf 90' lang='lat'>‚</span> <span class='ocrx_word' id='word_1_277' title='bbox 806 3815 905 3870; x_wconf 89' lang='lat' dir='ltr'><strong>sed</strong></span> <span class='ocrx_word' id='word_1_278' title='bbox 941 3816 1265 3870; x_wconf 88' lang='lat' dir='ltr'><strong>continuam</strong></span> <span class='ocrx_word' id='word_1_279' title='bbox 1301 3815 1697 3889; x_wconf 82' lang='lat' dir='ltr'><strong>AEgyptiorum</strong></span> <span class='ocrx_word' id='word_1_280' title='bbox 1740 3817 1973 3870; x_wconf 83' lang='lat' dir='ltr'><strong>texuisse</strong></span> <span class='ocrx_word' id='word_1_281' title='bbox 1999 3817 2083 3869; x_wconf 89' lang='lat' dir='ltr'><strong>hi·</strong></span> 
     </span>
     <span class='ocr_line' id='line_1_42' title="bbox 537 3903 2084 3977; baseline 0 -18"><span class='ocrx_word' id='word_1_282' title='bbox 537 3906 765 3959; x_wconf 90' lang='lat' dir='ltr'><strong>storiam</strong></span> <span class='ocrx_word' id='word_1_283' title='bbox 782 3922 1039 3959; x_wconf 86' lang='lat' dir='ltr'><strong>sermone</strong></span> <span class='ocrx_word' id='word_1_284' title='bbox 1057 3904 1296 3976; x_wconf 86' lang='lat' dir='ltr'><strong>simplici</strong></span> <span class='ocrx_word' id='word_1_285' title='bbox 1310 3915 1365 3959; x_wconf 89' lang='lat' dir='ltr'><strong>et</strong></span> <span class='ocrx_word' id='word_1_286' title='bbox 1380 3906 1677 3977; x_wconf 83' lang='lat' dir='ltr'><strong>perspicuo</strong></span> <span class='ocrx_word' id='word_1_287' title='bbox 1692 3922 1708 3975; x_wconf 73' lang='grc' dir='ltr'>ς</span> <span class='ocrx_word' id='word_1_288' title='bbox 1730 3903 1935 3959; x_wconf 90' lang='lat' dir='ltr'><strong>deinde</strong></span> <span class='ocrx_word' id='word_1_289' title='bbox 1948 3923 2084 3959; x_wconf 74' lang='lat' dir='ltr'><strong>vero</strong></span> 
     </span>
     <span class='ocr_line' id='line_1_43' title="bbox 539 3989 2087 4065; baseline 0.001 -20"><span class='ocrx_word' id='word_1_290' title='bbox 539 4009 845 4064; x_wconf 86' lang='lat' dir='ltr'><strong>regnorum</strong></span> <span class='ocrx_word' id='word_1_291' title='bbox 870 3992 1220 4065; x_wconf 85' lang='lat' dir='ltr'><strong>singulorum</strong></span> <span class='ocrx_word' id='word_1_292' title='bbox 1246 4008 1363 4043; x_wconf 90' lang='lat' dir='ltr'><strong>non</strong></span> <span class='ocrx_word' id='word_1_293' title='bbox 1381 4008 1555 4045; x_wconf 87' lang='lat' dir='ltr'><strong>annos</strong></span> <span class='ocrx_word' id='word_1_294' title='bbox 1570 3989 1745 4044; x_wconf 89' lang='lat' dir='ltr'><strong>modo</strong></span> <span class='ocrx_word' id='word_1_295' title='bbox 1760 3989 1856 4044; x_wconf 90' lang='lat' dir='ltr'><strong>sed</strong></span> <span class='ocrx_word' id='word_1_296' title='bbox 1875 4010 2087 4046; x_wconf 88' lang='lat' dir='ltr'><strong>menses</strong></span> 
     </span>
     <span class='ocr_line' id='line_1_44' title="bbox 540 4075 2081 4150; baseline 0.001 -20"><span class='ocrx_word' id='word_1_297' title='bbox 540 4079 704 4131; x_wconf 86' lang='lat' dir='ltr'><strong>etiam</strong></span> <span class='ocrx_word' id='word_1_298' title='bbox 734 4087 789 4131; x_wconf 91' lang='lat' dir='ltr'><strong>et</strong></span> <span class='ocrx_word' id='word_1_299' title='bbox 829 4077 947 4131; x_wconf 86' lang='lat' dir='ltr'><strong>dies</strong></span> <span class='ocrx_word' id='word_1_300' title='bbox 988 4087 1243 4131; x_wconf 89' lang='lat' dir='ltr'><strong>enotatos</strong></span> <span class='ocrx_word' id='word_1_301' title='bbox 1269 4076 1432 4131; x_wconf 84' lang='lat' dir='ltr'><strong>fuisse</strong></span> <span class='ocrx_word' id='word_1_302' title='bbox 1476 4095 1546 4131; x_wconf 85' lang='lat' dir='ltr'><strong>ex</strong></span> <span class='ocrx_word' id='word_1_303' title='bbox 1594 4094 1753 4130; x_wconf 87' lang='lat' dir='ltr'><strong>more</strong></span> <span class='ocrx_word' id='word_1_304' title='bbox 1804 4075 2081 4150; x_wconf 79' lang='lat' dir='ltr'><strong>AEgyptiO.</strong></span> 
     </span>
     <span class='ocr_line' id='line_1_45' title="bbox 540 4164 2086 4237; baseline 0.001 -19"><span class='ocrx_word' id='word_1_305' title='bbox 540 4164 833 4219; x_wconf 86' lang='lat' dir='ltr'><strong>Africanus</strong></span> <span class='ocrx_word' id='word_1_306' title='bbox 867 4174 922 4217; x_wconf 92' lang='lat' dir='ltr'><strong>et</strong></span> <span class='ocrx_word' id='word_1_307' title='bbox 957 4165 1227 4218; x_wconf 88' lang='lat' dir='ltr'><strong>Eusebius</strong></span> <span class='ocrx_word' id='word_1_308' title='bbox 1249 4164 1475 4217; x_wconf 90' lang='lat' dir='ltr'><strong>nonnisi</strong></span> <span class='ocrx_word' id='word_1_309' title='bbox 1502 4181 1678 4218; x_wconf 87' lang='lat' dir='ltr'><strong>annos</strong></span> <span class='ocrx_word' id='word_1_310' title='bbox 1706 4165 1949 4237; x_wconf 89' lang='lat' dir='ltr'><strong>integros</strong></span> <span class='ocrx_word' id='word_1_311' title='bbox 1979 4184 2086 4237; x_wconf 89' lang='lat' dir='ltr'><strong>po—</strong></span> 
     </span>
     <span class='ocr_line' id='line_1_46' title="bbox 540 4251 2087 4324; baseline 0.002 -21"><span class='ocrx_word' id='word_1_312' title='bbox 540 4259 700 4304; x_wconf 91' lang='lat' dir='ltr'><strong>nunt.</strong></span> <span class='ocrx_word' id='word_1_313' title='bbox 732 4252 852 4321; x_wconf 89' lang='lat' dir='ltr'><strong>Qua</strong></span> <span class='ocrx_word' id='word_1_314' title='bbox 881 4252 940 4304; x_wconf 91' lang='lat' dir='ltr'><strong>in</strong></span> <span class='ocrx_word' id='word_1_315' title='bbox 955 4269 1018 4304; x_wconf 91' lang='lat' dir='ltr'><strong>re</strong></span> <span class='ocrx_word' id='word_1_316' title='bbox 1044 4269 1181 4305; x_wconf 88' lang='lat' dir='ltr'><strong>num</strong></span> <span class='ocrx_word' id='word_1_317' title='bbox 1207 4252 1283 4304; x_wconf 89' lang='lat' dir='ltr'><strong>ita</strong></span> <span class='ocrx_word' id='word_1_318' title='bbox 1308 4261 1457 4305; x_wconf 88' lang='lat' dir='ltr'><strong>certe</strong></span> <span class='ocrx_word' id='word_1_319' title='bbox 1485 4251 1731 4324; x_wconf 85' lang='lat' dir='ltr'><strong>egerint,</strong></span> <span class='ocrx_word' id='word_1_320' title='bbox 1767 4261 1829 4304; x_wconf 94' lang='lat' dir='ltr'><strong>ut</strong></span> <span class='ocrx_word' id='word_1_321' title='bbox 1860 4270 2087 4306; x_wconf 82' lang='lat' dir='ltr'><strong>summae</strong></span> 
     </span>
     <span class='ocr_line' id='line_1_47' title="bbox 541 4337 2086 4393; baseline 0.002 -3"><span class='ocrx_word' id='word_1_322' title='bbox 541 4354 817 4390; x_wconf 84' lang='lat' dir='ltr'><strong>annorum</strong></span> <span class='ocrx_word' id='word_1_323' title='bbox 843 4337 986 4390; x_wconf 86' lang='lat' dir='ltr'><strong>nihil</strong></span> <span class='ocrx_word' id='word_1_324' title='bbox 1005 4347 1191 4392; x_wconf 89' lang='lat' dir='ltr'><strong>tamen</strong></span> <span class='ocrx_word' id='word_1_325' title='bbox 1219 4354 1250 4390; x_wconf 88' lang='lat' dir='ltr'><strong>a</strong></span> <span class='ocrx_word' id='word_1_326' title='bbox 1274 4337 1721 4391; x_wconf 85' lang='lat' dir='ltr'><strong>Manethonianis</strong></span> <span class='ocrx_word' id='word_1_327' title='bbox 1735 4338 1959 4393; x_wconf 87' lang='lat' dir='ltr'><strong>calculis</strong></span> <span class='ocrx_word' id='word_1_328' title='bbox 1977 4339 2086 4393; x_wconf 87' lang='lat' dir='ltr'><strong>dif-</strong></span> 
     </span>
     <span class='ocr_line' id='line_1_48' title="bbox 540 4422 2089 4497; baseline 0.003 -21"><span class='ocrx_word' id='word_1_329' title='bbox 540 4423 779 4492; x_wconf 79' lang='lat' dir='ltr'><strong>ferrent,</strong></span> <span class='ocrx_word' id='word_1_330' title='bbox 803 4422 933 4497; x_wconf 25' lang='lat' dir='ltr'><strong>jure·</strong></span> <span class='ocrx_word' id='word_1_331' title='bbox 980 4434 1040 4477; x_wconf 90' lang='lat' dir='ltr'><strong>tu</strong></span> <span class='ocrx_word' id='word_1_332' title='bbox 1064 4441 1298 4494; x_wconf 77' lang='lat' dir='ltr'><strong>quaeras.</strong></span> <span class='ocrx_word' id='word_1_333' title='bbox 1337 4425 1594 4496; x_wconf 89' lang='lat' dir='ltr'><strong>Denique</strong></span> <span class='ocrx_word' id='word_1_334' title='bbox 1620 4424 1969 4479; x_wconf 88' lang='lat' dir='ltr'><strong>monendum</strong></span> <span class='ocrx_word' id='word_1_335' title='bbox 2010 4438 2089 4480; x_wconf 89' lang='lat' dir='ltr'><strong>est</strong></span> 
     </span>
     <span class='ocr_line' id='line_1_49' title="bbox 540 4508 2084 4585; baseline 0.003 -22"><span class='ocrx_word' id='word_1_336' title='bbox 540 4528 697 4584; x_wconf 88' lang='lat' dir='ltr'><strong>reges</strong></span> <span class='ocrx_word' id='word_1_337' title='bbox 720 4508 793 4565; x_wconf 87' lang='lat' dir='ltr'><strong>ad</strong></span> <span class='ocrx_word' id='word_1_338' title='bbox 809 4511 998 4583; x_wconf 82' lang='lat' dir='ltr'><strong>plures</strong></span> <span class='ocrx_word' id='word_1_339' title='bbox 1024 4509 1300 4583; x_wconf 83' lang='lat' dir='ltr'><strong>dynastias</strong></span> <span class='ocrx_word' id='word_1_340' title='bbox 1313 4512 1650 4583; x_wconf 88' lang='lat' dir='ltr'><strong>pertinentes</strong></span> <span class='ocrx_word' id='word_1_341' title='bbox 1664 4512 1940 4585; x_wconf 85' lang='lat' dir='ltr'><strong>ipsissimis</strong></span> <span class='ocrx_word' id='word_1_342' title='bbox 1958 4531 2084 4568; x_wconf 79' lang='lat' dir='ltr'><strong>ver-</strong></span> 
     </span>
     <span class='ocr_line' id='line_1_50' title="bbox 539 4598 2089 4672; baseline 0.001 -19"><span class='ocrx_word' id='word_1_343' title='bbox 539 4599 626 4653; x_wconf 87' lang='lat' dir='ltr'><strong>bis</strong></span> <span class='ocrx_word' id='word_1_344' title='bbox 674 4598 1024 4653; x_wconf 85' lang='lat' dir='ltr'><strong>Manethonis</strong></span> <span class='ocrx_word' id='word_1_345' title='bbox 1042 4599 1318 4652; x_wconf 89' lang='lat' dir='ltr'><strong>recenseri</strong></span> <span class='ocrx_word' id='word_1_346' title='bbox 1337 4598 1545 4671; x_wconf 87' lang='lat' dir='ltr'><strong>absque</strong></span> <span class='ocrx_word' id='word_1_347' title='bbox 1577 4600 1688 4659; x_wconf 81' lang='lat' dir='ltr'><strong>ulla</strong></span> <span class='ocrx_word' id='word_1_348' title='bbox 1712 4600 2089 4672; x_wconf 85' lang='lat' dir='ltr'><strong>dynastiarum</strong></span> 
     </span>
     <span class='ocr_line' id='line_1_51' title="bbox 543 4685 2089 4759; baseline 0 -19"><span class='ocrx_word' id='word_1_349' title='bbox 543 4685 914 4746; x_wconf 89' lang='lat' dir='ltr'><strong>distinctione.</strong></span> <span class='ocrx_word' id='word_1_350' title='bbox 949 4689 1062 4739; x_wconf 88' lang='lat' dir='ltr'><strong>Aut</strong></span> <span class='ocrx_word' id='word_1_351' title='bbox 1094 4686 1266 4759; x_wconf 87' lang='lat' dir='ltr'><strong>igitur</strong></span> <span class='ocrx_word' id='word_1_352' title='bbox 1308 4686 1583 4759; x_wconf 69' lang='lat' dir='ltr'><strong>,Iosephus</strong></span> <span class='ocrx_word' id='word_1_353' title='bbox 1624 4689 1968 4741; x_wconf 86' lang='lat' dir='ltr'><strong>mentionem</strong></span> <span class='ocrx_word' id='word_1_354' title='bbox 1995 4706 2089 4742; x_wconf 87' lang='lat' dir='ltr'><strong>ea·-</strong></span> 
     </span>
     <span class='ocr_line' id='line_1_52' title="bbox 543 4771 2091 4844; baseline 0.001 -19"><span class='ocrx_word' id='word_1_355' title='bbox 543 4789 667 4825; x_wconf 89' lang='lat' dir='ltr'><strong>rum</strong></span> <span class='ocrx_word' id='word_1_356' title='bbox 699 4773 915 4839; x_wconf 88' lang='lat' dir='ltr'><strong>omisit,</strong></span> <span class='ocrx_word' id='word_1_357' title='bbox 938 4782 1032 4825; x_wconf 89' lang='lat' dir='ltr'><strong>aut</strong></span> <span class='ocrx_word' id='word_1_358' title='bbox 1052 4773 1318 4826; x_wconf 88' lang='lat' dir='ltr'><strong>Manetho</strong></span> <span class='ocrx_word' id='word_1_359' title='bbox 1337 4790 1587 4826; x_wconf 79' lang='lat' dir='ltr'><strong>seorsum</strong></span> <span class='ocrx_word' id='word_1_360' title='bbox 1611 4771 1988 4844; x_wconf 77' lang='lat' dir='ltr'><strong>dynastiamm</strong></span> <span class='ocrx_word' id='word_1_361' title='bbox 2020 4774 2091 4827; x_wconf 90' lang='lat' dir='ltr'><strong>la·</strong></span> 
     </span>
     <span class='ocr_line' id='line_1_53' title="bbox 544 4853 2087 4932; baseline 0.001 -21"><span class='ocrx_word' id='word_1_362' title='bbox 544 4860 787 4913; x_wconf 87' lang='lat' dir='ltr'><strong>terculos</strong></span> <span class='ocrx_word' id='word_1_363' title='bbox 804 4858 1053 4913; x_wconf 82' lang='lat' dir='ltr'><strong>exhibuit</strong></span> <span class='ocrx_word' id='word_1_364' title='bbox 1084 4853 1169 4932; x_wconf 83' lang='lat'><strong>(*).</strong></span> <span class='ocrx_word' id='word_1_365' title='bbox 1202 4889 1278 4900; x_wconf 90' lang='lat'>—</span> <span class='ocrx_word' id='word_1_366' title='bbox 1310 4861 1432 4913; x_wconf 85' lang='lat' dir='ltr'><strong>Jam</strong></span> <span class='ocrx_word' id='word_1_367' title='bbox 1459 4877 1595 4913; x_wconf 77' lang='lat' dir='ltr'><strong>vero</strong></span> <span class='ocrx_word' id='word_1_368' title='bbox 1613 4900 1628 4927; x_wconf 91' lang='lat'><strong>,</strong></span> <span class='ocrx_word' id='word_1_369' title='bbox 1659 4869 1723 4912; x_wconf 92' lang='lat' dir='ltr'><strong>ut</strong></span> <span class='ocrx_word' id='word_1_370' title='bbox 1750 4860 1881 4913; x_wconf 89' lang='lat' dir='ltr'><strong>illuc</strong></span> <span class='ocrx_word' id='word_1_371' title='bbox 1902 4878 2087 4914; x_wconf 82' lang='lat' dir='ltr'><strong>rever·</strong></span> 
     </span>
    </p>
   </div>
   <div class='ocr_carea' id='block_1_5' title="bbox 546 5018 2092 5229">
    <p class='ocr_par' dir='ltr' id='par_1_5' title="bbox 546 5018 2092 5229">
     <span class='ocr_line' id='line_1_54' title="bbox 605 5018 2087 5083; baseline 0.001 -14"><span class='ocrx_word' id='word_1_372' title='bbox 605 5019 666 5080; x_wconf 84' lang='lat'><strong>(*)</strong></span> <span class='ocrx_word' id='word_1_373' title='bbox 687 5019 853 5069; x_wconf 84' lang='lat' dir='ltr'><strong>Talem</strong></span> <span class='ocrx_word' id='word_1_374' title='bbox 876 5018 1197 5081; x_wconf 77' lang='lat' dir='ltr'><strong>dynastiarum</strong></span> <span class='ocrx_word' id='word_1_375' title='bbox 1221 5030 1385 5081; x_wconf 82' lang='lat' dir='ltr'><strong>regum</strong></span> <span class='ocrx_word' id='word_1_376' title='bbox 1409 5023 1509 5081; x_wconf 82' lang='lat' dir='ltr'><strong>AEg.</strong></span> <span class='ocrx_word' id='word_1_377' title='bbox 1530 5021 1792 5083; x_wconf 76' lang='grc' dir='ltr'>ἀναγραφὴν</span> <span class='ocrx_word' id='word_1_378' title='bbox 1812 5022 2087 5071; x_wconf 86' lang='lat' dir='ltr'><strong>continebat</strong></span> 
     </span>
     <span class='ocr_line' id='line_1_55' title="bbox 546 5089 2092 5151; baseline 0.003 -15"><span class='ocrx_word' id='word_1_379' title='bbox 546 5102 753 5150; x_wconf 81' lang='lat' dir='ltr'><strong>papyrus</strong></span> <span class='ocrx_word' id='word_1_380' title='bbox 786 5090 1086 5149; x_wconf 84' lang='lat' dir='ltr'><strong>Turinensis,</strong></span> <span class='ocrx_word' id='word_1_381' title='bbox 1120 5089 1259 5149; x_wconf 74' lang='lat' dir='ltr'><strong>cuius</strong></span> <span class='ocrx_word' id='word_1_382' title='bbox 1285 5094 1511 5139; x_wconf 86' lang='lat' dir='ltr'><strong>centones</strong></span> <span class='ocrx_word' id='word_1_383' title='bbox 1528 5094 1796 5151; x_wconf 81' lang='lat' dir='ltr'><strong>supersunt.</strong></span> <span class='ocrx_word' id='word_1_384' title='bbox 1825 5095 2092 5140; x_wconf 85' lang='lat' dir='ltr'><strong>Documen-</strong></span> 
     </span>
     <span class='ocr_line' id='line_1_56' title="bbox 548 5157 2090 5229; baseline 0.002 -24"><span class='ocrx_word' id='word_1_385' title='bbox 548 5163 651 5205; x_wconf 88' lang='lat' dir='ltr'><strong>tum</strong></span> <span class='ocrx_word' id='word_1_386' title='bbox 684 5157 773 5206; x_wconf 86' lang='lat' dir='ltr'><strong>hoc</strong></span> <span class='ocrx_word' id='word_1_387' title='bbox 792 5170 918 5206; x_wconf 87' lang='lat' dir='ltr'><strong>anno</strong></span> <span class='ocrx_word' id='word_1_388' title='bbox 947 5163 1058 5206; x_wconf 78' lang='grc'><strong>1824</strong></span> <span class='ocrx_word' id='word_1_389' title='bbox 1083 5158 1263 5207; x_wconf 84' lang='lat' dir='ltr'><strong>detexit</strong></span> <span class='ocrx_word' id='word_1_390' title='bbox 1282 5160 1635 5220; x_wconf 84' lang='lat' dir='ltr'><strong>champollion,</strong></span> <span class='ocrx_word' id='word_1_391' title='bbox 1665 5161 2090 5229; x_wconf 79' lang='lat' dir='ltr'><strong>AEgyptologorum</strong></span> 
     </span>
    </p>
   </div>
   <div class='ocr_carea' id='block_1_6' title="bbox 2161 611 3736 3109">
    <p class='ocr_par' dir='ltr' id='par_1_6' title="bbox 2161 611 3736 3109">
     <span class='ocr_line' id='line_1_57' title="bbox 2167 611 3728 685; baseline -0.001 -19"><span class='ocrx_word' id='word_1_392' title='bbox 2167 615 2331 670; x_wconf 84' lang='lat' dir='ltr'><strong>variis</strong></span> <span class='ocrx_word' id='word_1_393' title='bbox 2357 614 2541 669; x_wconf 83' lang='lat' dir='ltr'><strong>modis</strong></span> <span class='ocrx_word' id='word_1_394' title='bbox 2585 613 2920 685; x_wconf 82' lang='lat' dir='ltr'><strong>interpolata</strong></span> <span class='ocrx_word' id='word_1_395' title='bbox 2948 630 3080 678; x_wconf 83' lang='lat' dir='ltr'><strong>esse,</strong></span> <span class='ocrx_word' id='word_1_396' title='bbox 3104 613 3193 666; x_wconf 78' lang='lat' dir='ltr'><strong>vel</strong></span> <span class='ocrx_word' id='word_1_397' title='bbox 3233 611 3484 666; x_wconf 75' lang='lat' dir='ltr'><strong>diversas</strong></span> <span class='ocrx_word' id='word_1_398' title='bbox 3525 629 3728 665; x_wconf 84' lang='lat' dir='ltr'><strong>eorum</strong></span> 
     </span>
     <span class='ocr_line' id='line_1_58' title="bbox 2165 698 3732 771; baseline -0.003 -16"><span class='ocrx_word' id='word_1_399' title='bbox 2165 702 2515 755; x_wconf 85' lang='lat' dir='ltr'><strong>recensiones</strong></span> <span class='ocrx_word' id='word_1_400' title='bbox 2550 701 2830 769; x_wconf 83' lang='lat' dir='ltr'><strong>exstitisse,</strong></span> <span class='ocrx_word' id='word_1_401' title='bbox 2880 709 3134 771; x_wconf 85' lang='lat' dir='ltr'><strong>apparet.</strong></span> <span class='ocrx_word' id='word_1_402' title='bbox 3187 699 3412 754; x_wconf 84' lang='lat' dir='ltr'><strong>Etenim</strong></span> <span class='ocrx_word' id='word_1_403' title='bbox 3451 698 3732 770; x_wconf 70' lang='lat' dir='ltr'><strong>josephus</strong></span> 
     </span>
     <span class='ocr_line' id='line_1_59' title="bbox 2169 785 3728 860; baseline -0.002 -19"><span class='ocrx_word' id='word_1_404' title='bbox 2169 786 2259 860; x_wconf 87' lang='lat' dir='ltr'><strong>(C.</strong></span> <span class='ocrx_word' id='word_1_405' title='bbox 2285 790 2391 859; x_wconf 83' lang='lat' dir='ltr'><strong>Ap.</strong></span> <span class='ocrx_word' id='word_1_406' title='bbox 2414 788 2472 855; x_wconf 93' lang='lat'><strong>1,</strong></span> <span class='ocrx_word' id='word_1_407' title='bbox 2509 792 2598 850; x_wconf 71' lang='lat'><strong>14.</strong></span> <span class='ocrx_word' id='word_1_408' title='bbox 2629 786 2700 840; x_wconf 89' lang='lat' dir='ltr'><strong>fr.</strong></span> <span class='ocrx_word' id='word_1_409' title='bbox 2729 786 2830 857; x_wconf 72' lang='lat'><strong>42)</strong></span> <span class='ocrx_word' id='word_1_410' title='bbox 2851 795 3196 859; x_wconf 85' lang='lat' dir='ltr'><strong>postquame</strong></span> <span class='ocrx_word' id='word_1_411' title='bbox 3215 785 3570 840; x_wconf 80' lang='lat' dir='ltr'><strong>Manethone</strong></span> <span class='ocrx_word' id='word_1_412' title='bbox 3596 803 3728 838; x_wconf 82' lang='lat' dir='ltr'><strong>nar-</strong></span> 
     </span>
     <span class='ocr_line' id='line_1_60' title="bbox 2165 866 3731 946; baseline -0.002 -20"><span class='ocrx_word' id='word_1_413' title='bbox 2165 872 2306 926; x_wconf 84' lang='lat' dir='ltr'><strong>ravit</strong></span> <span class='ocrx_word' id='word_1_414' title='bbox 2346 872 2559 941; x_wconf 68' lang='lat' dir='ltr'><strong>Hrksos</strong></span> <span class='ocrx_word' id='word_1_415' title='bbox 2603 890 2813 926; x_wconf 90' lang='lat' dir='ltr'><strong>nomen</strong></span> <span class='ocrx_word' id='word_1_416' title='bbox 2849 870 3162 944; x_wconf 85' lang='lat' dir='ltr'><strong>significare</strong></span> <span class='ocrx_word' id='word_1_417' title='bbox 3205 869 3442 946; x_wconf 74' lang='grc' dir='ltr'>βασιλεῖς</span> <span class='ocrx_word' id='word_1_418' title='bbox 3475 866 3731 941; x_wconf 77' lang='grc' dir='ltr'>ποιμένας</span> 
     </span>
     <span class='ocr_line' id='line_1_61' title="bbox 2168 954 3729 1033; baseline -0.001 -22"><span class='ocrx_word' id='word_1_419' title='bbox 2168 958 2302 1032; x_wconf 87' lang='lat' dir='ltr'><strong>(qui</strong></span> <span class='ocrx_word' id='word_1_420' title='bbox 2347 960 2562 1014; x_wconf 85' lang='lat' dir='ltr'><strong>Arabes</strong></span> <span class='ocrx_word' id='word_1_421' title='bbox 2591 958 2861 1029; x_wconf 87' lang='lat' dir='ltr'><strong>fuerint),</strong></span> <span class='ocrx_word' id='word_1_422' title='bbox 2887 957 3084 1012; x_wconf 84' lang='lat' dir='ltr'><strong>addit:</strong></span> <span class='ocrx_word' id='word_1_423' title='bbox 3116 955 3220 1014; x_wconf 83' lang='grc' dir='ltr'>Ἐν</span> <span class='ocrx_word' id='word_1_424' title='bbox 3246 954 3298 1011; x_wconf 81' lang='grc' dir='ltr'><strong>δ’</strong></span> <span class='ocrx_word' id='word_1_425' title='bbox 3327 954 3511 1033; x_wconf 69' lang='grc' dir='ltr'>ἄλλῳ</span> <span class='ocrx_word' id='word_1_426' title='bbox 3558 956 3729 1010; x_wconf 72' lang='grc' dir='ltr'>ἀντι-</span> 
     </span>
     <span class='ocr_line' id='line_1_62' title="bbox 2163 1034 3728 1122; baseline -0.002 -24"><span class='ocrx_word' id='word_1_427' title='bbox 2163 1042 2389 1121; x_wconf 80' lang='grc' dir='ltr'>γράφῳ</span> <span class='ocrx_word' id='word_1_428' title='bbox 2420 1043 2529 1122; x_wconf 84' lang='lat' dir='ltr'><strong>(sc.</strong></span> <span class='ocrx_word' id='word_1_429' title='bbox 2563 1034 2733 1121; x_wconf 66' lang='grc' dir='ltr'>εὗρον)</span> <span class='ocrx_word' id='word_1_430' title='bbox 2758 1044 2815 1099; x_wconf 82' lang='grc' dir='ltr'><strong>οὗ</strong></span> <span class='ocrx_word' id='word_1_431' title='bbox 2843 1042 3081 1118; x_wconf 79' lang='grc' dir='ltr'>βασιλεῖς</span> <span class='ocrx_word' id='word_1_432' title='bbox 3106 1041 3462 1115; x_wconf 75' lang='grc' dir='ltr'>σημαίνεσθαι</span> <span class='ocrx_word' id='word_1_433' title='bbox 3479 1087 3582 1117; x_wconf 85' lang='lat'><strong>,...</strong></span> <span class='ocrx_word' id='word_1_434' title='bbox 3603 1042 3728 1098; x_wconf 71' lang='grc' dir='ltr'>ἀλλὰ</span> 
     </span>
     <span class='ocr_line' id='line_1_63' title="bbox 2165 1128 3732 1207; baseline -0.001 -22"><span class='ocrx_word' id='word_1_435' title='bbox 2165 1129 2529 1207; x_wconf 79' lang='grc' dir='ltr'>αἰχμαλώτους</span> <span class='ocrx_word' id='word_1_436' title='bbox 2563 1132 2841 1200; x_wconf 74' lang='grc' dir='ltr'>δηλοῦσθαι</span> <span class='ocrx_word' id='word_1_437' title='bbox 2868 1128 3139 1203; x_wconf 77' lang='grc' dir='ltr'>ποιμένας.</span> <span class='ocrx_word' id='word_1_438' title='bbox 3166 1129 3420 1186; x_wconf 81' lang='lat' dir='ltr'><strong>Eandem</strong></span> <span class='ocrx_word' id='word_1_439' title='bbox 3447 1133 3732 1203; x_wconf 80' lang='lat' dir='ltr'><strong>interpre-</strong></span> 
     </span>
     <span class='ocr_line' id='line_1_64' title="bbox 2164 1213 3731 1291; baseline -0.002 -18"><span class='ocrx_word' id='word_1_440' title='bbox 2164 1221 2431 1274; x_wconf 86' lang='lat' dir='ltr'><strong>tationem</strong></span> <span class='ocrx_word' id='word_1_441' title='bbox 2453 1238 2589 1274; x_wconf 82' lang='lat' dir='ltr'><strong>mox</strong></span> <span class='ocrx_word' id='word_1_442' title='bbox 2611 1220 2816 1274; x_wconf 87' lang='lat' dir='ltr'><strong>iterum</strong></span> <span class='ocrx_word' id='word_1_443' title='bbox 2835 1229 3114 1273; x_wconf 87' lang='lat' dir='ltr'><strong>memorat</strong></span> <span class='ocrx_word' id='word_1_444' title='bbox 3131 1219 3218 1272; x_wconf 88' lang='lat' dir='ltr'><strong>his</strong></span> <span class='ocrx_word' id='word_1_445' title='bbox 3234 1217 3460 1274; x_wconf 83' lang='lat' dir='ltr'><strong>verbis:</strong></span> <span class='ocrx_word' id='word_1_446' title='bbox 3482 1213 3584 1274; x_wconf 82' lang='grc' dir='ltr'>Ἐν</span> <span class='ocrx_word' id='word_1_447' title='bbox 3607 1216 3731 1291; x_wconf 73' lang='grc' dir='ltr'>ἄλλῃ</span> 
     </span>
     <span class='ocr_line' id='line_1_65' title="bbox 2165 1302 3734 1383; baseline -0.002 -23"><span class='ocrx_word' id='word_1_448' title='bbox 2165 1303 2219 1360; x_wconf 78' lang='grc' dir='ltr'><strong>δέ</strong></span> <span class='ocrx_word' id='word_1_449' title='bbox 2246 1328 2345 1361; x_wconf 89' lang='grc' dir='ltr'>τινι</span> <span class='ocrx_word' id='word_1_450' title='bbox 2378 1304 2544 1383; x_wconf 76' lang='grc' dir='ltr'>βίὸλῳ</span> <span class='ocrx_word' id='word_1_451' title='bbox 2573 1308 2674 1361; x_wconf 80' lang='grc' dir='ltr'>τῶν</span> <span class='ocrx_word' id='word_1_452' title='bbox 2703 1306 3080 1379; x_wconf 74' lang='grc' dir='ltr'>Αἰγυπτιακῶν</span> <span class='ocrx_word' id='word_1_453' title='bbox 3111 1305 3369 1362; x_wconf 84' lang='grc' dir='ltr'>Μανεθὼν</span> <span class='ocrx_word' id='word_1_454' title='bbox 3403 1302 3567 1359; x_wconf 72' lang='grc' dir='ltr'>τοῦτο’</span> <span class='ocrx_word' id='word_1_455' title='bbox 3587 1325 3734 1381; x_wconf 68' lang='grc' dir='ltr'>φησιν</span> 
     </span>
     <span class='ocr_line' id='line_1_66' title="bbox 2164 1386 3726 1466; baseline -0.001 -21"><span class='ocrx_word' id='word_1_456' title='bbox 2164 1387 2300 1456; x_wconf 80' lang='grc' dir='ltr'>ἔθνος</span> <span class='ocrx_word' id='word_1_457' title='bbox 2327 1389 2442 1457; x_wconf 76' lang='grc' dir='ltr'>τοὺς</span> <span class='ocrx_word' id='word_1_458' title='bbox 2485 1388 2806 1463; x_wconf 81' lang='grc' dir='ltr'>καλουμένας</span> <span class='ocrx_word' id='word_1_459' title='bbox 2826 1387 3077 1462; x_wconf 82' lang='grc' dir='ltr'>ποιμένας</span> <span class='ocrx_word' id='word_1_460' title='bbox 3111 1386 3488 1466; x_wconf 53' lang='grc' dir='ltr'>αἰχμαλώτους</span> <span class='ocrx_word' id='word_1_461' title='bbox 3534 1388 3590 1444; x_wconf 80' lang='grc' dir='ltr'>ἓν</span> <span class='ocrx_word' id='word_1_462' title='bbox 3617 1397 3726 1450; x_wconf 83' lang='grc' dir='ltr'>ταῖς</span> 
     </span>
     <span class='ocr_line' id='line_1_67' title="bbox 2162 1474 3728 1557; baseline -0.001 -25"><span class='ocrx_word' id='word_1_463' title='bbox 2162 1478 2324 1555; x_wconf 75' lang='grc' dir='ltr'>ἱεραῖς</span> <span class='ocrx_word' id='word_1_464' title='bbox 2350 1480 2519 1535; x_wconf 80' lang='grc' dir='ltr'>αὐτῶν</span> <span class='ocrx_word' id='word_1_465' title='bbox 2550 1477 2746 1557; x_wconf 78' lang='grc' dir='ltr'>βῖὅλοις</span> <span class='ocrx_word' id='word_1_466' title='bbox 2772 1477 3077 1557; x_wconf 67' lang='grc' dir='ltr'>γεγράφθαι.</span> <span class='ocrx_word' id='word_1_467' title='bbox 3101 1480 3173 1533; x_wconf 90' lang='lat' dir='ltr'><strong>In</strong></span> <span class='ocrx_word' id='word_1_468' title='bbox 3198 1480 3285 1532; x_wconf 89' lang='lat' dir='ltr'><strong>his</strong></span> <span class='ocrx_word' id='word_1_469' title='bbox 3307 1477 3456 1532; x_wconf 85' lang='lat' dir='ltr'><strong>illud</strong></span> <span class='ocrx_word' id='word_1_470' title='bbox 3489 1474 3626 1533; x_wconf 78' lang='grc' dir='ltr'>ἄλλο</span> <span class='ocrx_word' id='word_1_471' title='bbox 3643 1478 3728 1531; x_wconf 85' lang='grc' dir='ltr'>α’ν-</span> 
     </span>
     <span class='ocr_line' id='line_1_68' title="bbox 2162 1563 3732 1644; baseline -0.001 -24"><span class='ocrx_word' id='word_1_472' title='bbox 2162 1564 2405 1644; x_wconf 66' lang='grc' dir='ltr'>τίγραφον</span> <span class='ocrx_word' id='word_1_473' title='bbox 2452 1568 2552 1639; x_wconf 87' lang='lat' dir='ltr'><strong>(sc.</strong></span> <span class='ocrx_word' id='word_1_474' title='bbox 2583 1563 2979 1639; x_wconf 80' lang='grc' dir='ltr'>Αἰγυπτιακῶν)</span> <span class='ocrx_word' id='word_1_475' title='bbox 3009 1566 3118 1633; x_wconf 85' lang='lat' dir='ltr'><strong>vel,</strong></span> <span class='ocrx_word' id='word_1_476' title='bbox 3139 1566 3223 1619; x_wconf 90' lang='lat' dir='ltr'><strong>uti</strong></span> <span class='ocrx_word' id='word_1_477' title='bbox 3247 1565 3524 1637; x_wconf 83' lang='lat' dir='ltr'><strong>deinceps</strong></span> <span class='ocrx_word' id='word_1_478' title='bbox 3555 1566 3732 1619; x_wconf 83' lang='lat' dir='ltr'><strong>minus</strong></span> 
     </span>
     <span class='ocr_line' id='line_1_69' title="bbox 2161 1648 3729 1726; baseline -0.002 -19"><span class='ocrx_word' id='word_1_479' title='bbox 2161 1653 2455 1726; x_wconf 88' lang='lat' dir='ltr'><strong>perspicue</strong></span> <span class='ocrx_word' id='word_1_480' title='bbox 2478 1651 2642 1721; x_wconf 86' lang='lat' dir='ltr'><strong>dicit,</strong></span> <span class='ocrx_word' id='word_1_481' title='bbox 2669 1649 2803 1720; x_wconf 78' lang='grc' dir='ltr'>ἄλλη</span> <span class='ocrx_word' id='word_1_482' title='bbox 2831 1673 2906 1715; x_wconf 88' lang='grc' dir='ltr'><strong>τις</strong></span> <span class='ocrx_word' id='word_1_483' title='bbox 2937 1651 3307 1726; x_wconf 78' lang='grc' dir='ltr'>Αἰγυπτιακῶν</span> <span class='ocrx_word' id='word_1_484' title='bbox 3340 1648 3550 1726; x_wconf 76' lang='grc' dir='ltr'>βίὸλος,</span> <span class='ocrx_word' id='word_1_485' title='bbox 3567 1652 3729 1725; x_wconf 85' lang='lat' dir='ltr'><strong>sig-ni·</strong></span> 
     </span>
     <span class='ocr_line' id='line_1_70' title="bbox 2166 1737 3731 1814; baseline -0.001 -21"><span class='ocrx_word' id='word_1_486' title='bbox 2166 1738 2297 1794; x_wconf 88' lang='lat' dir='ltr'><strong>ficat</strong></span> <span class='ocrx_word' id='word_1_487' title='bbox 2324 1758 2337 1793; x_wconf 74' lang='grc' dir='ltr'><strong><em>ε</em></strong></span> <span class='ocrx_word' id='word_1_488' title='bbox 2370 1740 2535 1793; x_wconf 76' lang='lat' dir='ltr'><strong>alind</strong></span> <span class='ocrx_word' id='word_1_489' title='bbox 2543 1740 2645 1794; x_wconf 79' lang='grc' dir='ltr'>τῶν</span> <span class='ocrx_word' id='word_1_490' title='bbox 2670 1738 3041 1814; x_wconf 82' lang='grc' dir='ltr'>Αἰγυπτιακῶν</span> <span class='ocrx_word' id='word_1_491' title='bbox 3061 1740 3382 1810; x_wconf 68' lang='lat' dir='ltr'><strong>exemplar,</strong></span> <span class='ocrx_word' id='word_1_492' title='bbox 3410 1737 3580 1809; x_wconf 90' lang='lat' dir='ltr'><strong>quod</strong></span> <span class='ocrx_word' id='word_1_493' title='bbox 3597 1756 3731 1791; x_wconf 88' lang='lat' dir='ltr'><strong>con·</strong></span> 
     </span>
     <span class='ocr_line' id='line_1_71' title="bbox 2163 1822 3728 1897; baseline 0 -19"><span class='ocrx_word' id='word_1_494' title='bbox 2163 1825 2377 1879; x_wconf 88' lang='lat' dir='ltr'><strong>tinebat</strong></span> <span class='ocrx_word' id='word_1_495' title='bbox 2395 1843 2518 1897; x_wconf 80' lang='lat' dir='ltr'><strong>quae</strong></span> <span class='ocrx_word' id='word_1_496' title='bbox 2546 1825 2606 1878; x_wconf 91' lang='lat' dir='ltr'><strong>in</strong></span> <span class='ocrx_word' id='word_1_497' title='bbox 2634 1822 3200 1897; x_wconf 52' lang='lat' dir='ltr'><strong>aliis‘exemplaribus</strong></span> <span class='ocrx_word' id='word_1_498' title='bbox 3221 1843 3342 1877; x_wconf 89' lang='lat' dir='ltr'><strong>non</strong></span> <span class='ocrx_word' id='word_1_499' title='bbox 3371 1824 3728 1896; x_wconf 84' lang='lat' dir='ltr'><strong>legebantur.</strong></span> 
     </span>
     <span class='ocr_line' id='line_1_72' title="bbox 2163 1906 3734 1983; baseline -0.001 -17"><span class='ocrx_word' id='word_1_500' title='bbox 2163 1911 2413 1966; x_wconf 90' lang='lat' dir='ltr'><strong>Dubium</strong></span> <span class='ocrx_word' id='word_1_501' title='bbox 2429 1922 2618 1966; x_wconf 88' lang='lat' dir='ltr'><strong>autem</strong></span> <span class='ocrx_word' id='word_1_502' title='bbox 2643 1913 2734 1966; x_wconf 82' lang='lat' dir='ltr'><strong>vix</strong></span> <span class='ocrx_word' id='word_1_503' title='bbox 2760 1923 2839 1966; x_wconf 89' lang='lat' dir='ltr'><strong>est</strong></span> <span class='ocrx_word' id='word_1_504' title='bbox 2859 1914 2999 1983; x_wconf 90' lang='lat' dir='ltr'><strong>quin</strong></span> <span class='ocrx_word' id='word_1_505' title='bbox 3021 1913 3272 1966; x_wconf 87' lang='lat' dir='ltr'><strong>narratio</strong></span> <span class='ocrx_word' id='word_1_506' title='bbox 3294 1912 3396 1964; x_wconf 87' lang='lat' dir='ltr'><strong>ista</strong></span> <span class='ocrx_word' id='word_1_507' title='bbox 3421 1906 3494 1964; x_wconf 86' lang='lat' dir='ltr'><strong>de</strong></span> <span class='ocrx_word' id='word_1_508' title='bbox 3518 1910 3734 1982; x_wconf 65' lang='lat' dir='ltr'><strong>Hyssos</strong></span> 
     </span>
     <span class='ocr_line' id='line_1_73' title="bbox 2164 1997 3734 2072; baseline -0.001 -20"><span class='ocrx_word' id='word_1_509' title='bbox 2164 1997 2597 2072; x_wconf 88' lang='lat' dir='ltr'><strong>regibusutpote</strong></span> <span class='ocrx_word' id='word_1_510' title='bbox 2611 2000 2841 2072; x_wconf 77' lang='lat' dir='ltr'><strong>captivis</strong></span> <span class='ocrx_word' id='word_1_511' title='bbox 2873 1999 2892 2072; x_wconf 85' lang='grc'>(</span> <span class='ocrx_word' id='word_1_512' title='bbox 2910 2017 3078 2071; x_wconf 83' lang='lat' dir='ltr'><strong>quam</strong></span> <span class='ocrx_word' id='word_1_513' title='bbox 3098 1999 3307 2071; x_wconf 89' lang='lat' dir='ltr'><strong>probat</strong></span> <span class='ocrx_word' id='word_1_514' title='bbox 3328 1998 3578 2063; x_wconf 78' lang='lat' dir='ltr'><strong>Flavius,</strong></span> <span class='ocrx_word' id='word_1_515' title='bbox 3591 2018 3734 2069; x_wconf 89' lang='lat' dir='ltr'><strong>quo-</strong></span> 
     </span>
     <span class='ocr_line' id='line_1_74' title="bbox 2169 2084 3736 2159; baseline 0 -20"><span class='ocrx_word' id='word_1_516' title='bbox 2169 2087 2317 2139; x_wconf 88' lang='lat' dir='ltr'><strong>niam</strong></span> <span class='ocrx_word' id='word_1_517' title='bbox 2336 2085 2410 2140; x_wconf 91' lang='lat' dir='ltr'><strong>ad</strong></span> <span class='ocrx_word' id='word_1_518' title='bbox 2433 2088 2464 2140; x_wconf 85' lang='lat' dir='ltr'>J</span> <span class='ocrx_word' id='word_1_519' title='bbox 2469 2086 2739 2159; x_wconf 89' lang='lat' dir='ltr'><strong>osephum</strong></span> <span class='ocrx_word' id='word_1_520' title='bbox 2759 2085 2989 2159; x_wconf 85' lang='lat' dir='ltr'><strong>ejusque</strong></span> <span class='ocrx_word' id='word_1_521' title='bbox 3008 2085 3204 2140; x_wconf 85' lang='lat' dir='ltr'><strong>fratres</strong></span> <span class='ocrx_word' id='word_1_522' title='bbox 3222 2094 3351 2157; x_wconf 87' lang='lat' dir='ltr'><strong>apte</strong></span> <span class='ocrx_word' id='word_1_523' title='bbox 3374 2084 3584 2138; x_wconf 82' lang='lat' dir='ltr'><strong>referri</strong></span> <span class='ocrx_word' id='word_1_524' title='bbox 3609 2103 3736 2156; x_wconf 81' lang='lat' dir='ltr'><strong>pos-</strong></span> 
     </span>
     <span class='ocr_line' id='line_1_75' title="bbox 2163 2170 3734 2244; baseline -0.001 -18"><span class='ocrx_word' id='word_1_525' title='bbox 2163 2170 2257 2244; x_wconf 89' lang='lat' dir='ltr'><strong>sit)</strong></span> <span class='ocrx_word' id='word_1_526' title='bbox 2285 2189 2315 2223; x_wconf 90' lang='lat' dir='ltr'><strong>a</strong></span> <span class='ocrx_word' id='word_1_527' title='bbox 2336 2171 2534 2226; x_wconf 83' lang='lat' dir='ltr'><strong>Judaeo</strong></span> <span class='ocrx_word' id='word_1_528' title='bbox 2560 2173 2944 2231; x_wconf 80' lang='lat' dir='ltr'><strong>Alexandrino</strong></span> <span class='ocrx_word' id='word_1_529' title='bbox 2974 2173 3034 2227; x_wconf 89' lang='lat' dir='ltr'><strong>in</strong></span> <span class='ocrx_word' id='word_1_530' title='bbox 3067 2172 3242 2226; x_wconf 89' lang='lat' dir='ltr'><strong>libros</strong></span> <span class='ocrx_word' id='word_1_531' title='bbox 3270 2170 3639 2226; x_wconf 65' lang='lat' dir='ltr'><strong>manethonis</strong></span> <span class='ocrx_word' id='word_1_532' title='bbox 3669 2174 3734 2224; x_wconf 86' lang='lat' dir='ltr'><strong>il-</strong></span> 
     </span>
     <span class='ocr_line' id='line_1_76' title="bbox 2164 2256 3735 2328; baseline 0.001 -18"><span class='ocrx_word' id='word_1_533' title='bbox 2164 2257 2271 2311; x_wconf 86' lang='lat' dir='ltr'><strong>lata</strong></span> <span class='ocrx_word' id='word_1_534' title='bbox 2296 2260 2386 2311; x_wconf 85' lang='lat' dir='ltr'><strong>sit.</strong></span> <span class='ocrx_word' id='word_1_535' title='bbox 2414 2258 2622 2312; x_wconf 86' lang='lat' dir='ltr'><strong>Contra</strong></span> <span class='ocrx_word' id='word_1_536' title='bbox 2661 2257 2731 2311; x_wconf 85' lang='lat' dir='ltr'><strong>ab</strong></span> <span class='ocrx_word' id='word_1_537' title='bbox 2765 2257 3080 2313; x_wconf 84' lang='lat' dir='ltr'><strong>adversario</strong></span> <span class='ocrx_word' id='word_1_538' title='bbox 3106 2256 3436 2312; x_wconf 81' lang='lat' dir='ltr'><strong>Judaeorum</strong></span> <span class='ocrx_word' id='word_1_539' title='bbox 3473 2258 3735 2328; x_wconf 74' lang='lat' dir='ltr'><strong>profecta</strong></span> 
     </span>
     <span class='ocr_line' id='line_1_77' title="bbox 2164 2334 3720 2415; baseline 0 -17"><span class='ocrx_word' id='word_1_540' title='bbox 2164 2355 2223 2398; x_wconf 91' lang='lat' dir='ltr'><strong>et</strong></span> <span class='ocrx_word' id='word_1_541' title='bbox 2260 2334 2705 2399; x_wconf 70' lang='lat' dir='ltr'><strong>Manethonian&#39;is</strong></span> <span class='ocrx_word' id='word_1_542' title='bbox 2751 2346 2956 2399; x_wconf 88' lang='lat' dir='ltr'><strong>inserta</strong></span> <span class='ocrx_word' id='word_1_543' title='bbox 2991 2344 3287 2398; x_wconf 83' lang='lat' dir='ltr'><strong>Boeckhius</strong></span> <span class='ocrx_word' id='word_1_544' title='bbox 3335 2342 3720 2415; x_wconf 78' lang='lat' dir='ltr'><strong>probabiliter</strong></span> 
     </span>
     <span class='ocr_line' id='line_1_78' title="bbox 2165 2430 3727 2507; baseline -0.001 -22"><span class='ocrx_word' id='word_1_545' title='bbox 2165 2440 2351 2485; x_wconf 88' lang='lat' dir='ltr'><strong>censet</strong></span> <span class='ocrx_word' id='word_1_546' title='bbox 2381 2449 2445 2485; x_wconf 88' lang='lat' dir='ltr'><strong>ea</strong></span> <span class='ocrx_word' id='word_1_547' title='bbox 2487 2449 2609 2502; x_wconf 84' lang='lat' dir='ltr'><strong>quae</strong></span> <span class='ocrx_word' id='word_1_548' title='bbox 2645 2430 2713 2486; x_wconf 86' lang='lat' dir='ltr'><strong>fr.</strong></span> <span class='ocrx_word' id='word_1_549' title='bbox 2749 2430 2823 2485; x_wconf 81' lang='lat'><strong>52</strong></span> <span class='ocrx_word' id='word_1_550' title='bbox 2852 2431 3113 2504; x_wconf 87' lang='lat' dir='ltr'><strong>leguntur</strong></span> <span class='ocrx_word' id='word_1_551' title='bbox 3155 2430 3226 2485; x_wconf 90' lang='lat' dir='ltr'><strong>de</strong></span> <span class='ocrx_word' id='word_1_552' title='bbox 3271 2430 3480 2486; x_wconf 76' lang='lat' dir='ltr'><strong>Judaeis</strong></span> <span class='ocrx_word' id='word_1_553' title='bbox 3519 2431 3727 2507; x_wconf 64' lang='grc' dir='ltr'>λεπρῶν</span> 
     </span>
     <span class='ocr_line' id='line_1_79' title="bbox 2164 2513 3734 2592; baseline 0 -21"><span class='ocrx_word' id='word_1_554' title='bbox 2164 2513 2352 2583; x_wconf 78' lang='grc' dir='ltr'>πλήθει</span> <span class='ocrx_word' id='word_1_555' title='bbox 2376 2517 2479 2572; x_wconf 90' lang='lat' dir='ltr'><strong>sub</strong></span> <span class='ocrx_word' id='word_1_556' title='bbox 2511 2517 2830 2592; x_wconf 79' lang='lat' dir='ltr'><strong>Amenophi</strong></span> <span class='ocrx_word' id='word_1_557' title='bbox 2863 2536 2994 2591; x_wconf 87' lang='lat' dir='ltr'><strong>rege</strong></span> <span class='ocrx_word' id='word_1_558' title='bbox 3026 2518 3276 2591; x_wconf 73' lang='lat' dir='ltr'><strong>AEgypto</strong></span> <span class='ocrx_word' id='word_1_559' title='bbox 3308 2518 3584 2591; x_wconf 85' lang='lat' dir='ltr'><strong>expulsis.</strong></span> <span class='ocrx_word' id='word_1_560' title='bbox 3615 2522 3734 2589; x_wconf 86' lang='lat' dir='ltr'><strong>Qua</strong></span> 
     </span>
     <span class='ocr_line' id='line_1_80' title="bbox 2170 2602 3728 2679; baseline 0.001 -21"><span class='ocrx_word' id='word_1_561' title='bbox 2170 2605 2229 2658; x_wconf 89' lang='lat' dir='ltr'><strong>in</strong></span> <span class='ocrx_word' id='word_1_562' title='bbox 2248 2606 2569 2660; x_wconf 88' lang='lat' dir='ltr'><strong>narratione</strong></span> <span class='ocrx_word' id='word_1_563' title='bbox 2593 2606 2625 2659; x_wconf 84' lang='lat' dir='ltr'>J</span> <span class='ocrx_word' id='word_1_564' title='bbox 2630 2606 2867 2679; x_wconf 87' lang='lat' dir='ltr'><strong>osephus</strong></span> <span class='ocrx_word' id='word_1_565' title='bbox 2888 2607 2964 2659; x_wconf 90' lang='lat' dir='ltr'><strong>ait</strong></span> <span class='ocrx_word' id='word_1_566' title='bbox 2982 2602 3384 2659; x_wconf 84' lang='lat' dir='ltr'><strong>Manethonem</strong></span> <span class='ocrx_word' id='word_1_567' title='bbox 3413 2623 3538 2657; x_wconf 90' lang='lat' dir='ltr'><strong>non</strong></span> <span class='ocrx_word' id='word_1_568' title='bbox 3567 2623 3728 2659; x_wconf 83' lang='lat' dir='ltr'><strong>secu·</strong></span> 
     </span>
     <span class='ocr_line' id='line_1_81' title="bbox 2168 2685 3720 2766; baseline 0.001 -22"><span class='ocrx_word' id='word_1_569' title='bbox 2168 2701 2286 2745; x_wconf 89' lang='lat' dir='ltr'><strong>tum</strong></span> <span class='ocrx_word' id='word_1_570' title='bbox 2325 2709 2436 2746; x_wconf 87' lang='lat' dir='ltr'><strong>esse</strong></span> <span class='ocrx_word' id='word_1_571' title='bbox 2458 2687 2550 2755; x_wconf 81' lang='grc' dir='ltr'>τὰς</span> <span class='ocrx_word' id='word_1_572' title='bbox 2585 2690 2885 2766; x_wconf 85' lang='grc' dir='ltr'>Αἷγυπτιῶν</span> <span class='ocrx_word' id='word_1_573' title='bbox 2916 2685 3252 2766; x_wconf 64' lang='grc' dir='ltr'>ἀναγραφάς,</span> <span class='ocrx_word' id='word_1_574' title='bbox 3284 2690 3388 2745; x_wconf 87' lang='lat' dir='ltr'><strong>sed</strong></span> <span class='ocrx_word' id='word_1_575' title='bbox 3416 2693 3608 2763; x_wconf 84' lang='lat' dir='ltr'><strong>ipsum</strong></span> <span class='ocrx_word' id='word_1_576' title='bbox 3641 2690 3720 2747; x_wconf 83' lang='lat' dir='ltr'><strong>sa-</strong></span> 
     </span>
     <span class='ocr_line' id='line_1_82' title="bbox 2168 2774 3726 2853; baseline -0.001 -21"><span class='ocrx_word' id='word_1_577' title='bbox 2168 2779 2269 2833; x_wconf 85' lang='lat' dir='ltr'><strong>tcri</strong></span> <span class='ocrx_word' id='word_1_578' title='bbox 2289 2796 2515 2833; x_wconf 84' lang='lat' dir='ltr'><strong>narrare</strong></span> <span class='ocrx_word' id='word_1_579' title='bbox 2538 2795 2596 2832; x_wconf 86' lang='lat' dir='ltr'><strong>se</strong></span> <span class='ocrx_word' id='word_1_580' title='bbox 2618 2774 2685 2832; x_wconf 77' lang='grc' dir='ltr'><strong>τὰ</strong></span> <span class='ocrx_word' id='word_1_581' title='bbox 2714 2775 3037 2852; x_wconf 80' lang='grc' dir='ltr'>μυθευόμενα</span> <span class='ocrx_word' id='word_1_582' title='bbox 3067 2775 3184 2853; x_wconf 75' lang='grc' dir='ltr'>περὶ</span> <span class='ocrx_word' id='word_1_583' title='bbox 3205 2779 3310 2831; x_wconf 78' lang='grc' dir='ltr'>τῶν</span> <span class='ocrx_word' id='word_1_584' title='bbox 3339 2774 3624 2833; x_wconf 77' lang='grc' dir='ltr'>Ἰουδαίων</span> <span class='ocrx_word' id='word_1_585' title='bbox 3643 2780 3726 2832; x_wconf 73' lang='lat' dir='ltr'><strong>vel</strong></span> 
     </span>
     <span class='ocr_line' id='line_1_83' title="bbox 2168 2862 3734 2941; baseline 0 -22"><span class='ocrx_word' id='word_1_586' title='bbox 2168 2862 2233 2920; x_wconf 74' lang='grc' dir='ltr'><strong>τὰ</strong></span> <span class='ocrx_word' id='word_1_587' title='bbox 2263 2862 2556 2928; x_wconf 74' lang='grc' dir='ltr'>ἀδεσπότως</span> <span class='ocrx_word' id='word_1_588' title='bbox 2586 2862 3026 2941; x_wconf 82' lang='grc' dir='ltr'>μυθολογούμενα.</span> <span class='ocrx_word' id='word_1_589' title='bbox 3069 2896 3148 2905; x_wconf 94' lang='grc'>-</span> <span class='ocrx_word' id='word_1_590' title='bbox 3188 2865 3369 2937; x_wconf 86' lang='lat' dir='ltr'><strong>Igitur</strong></span> <span class='ocrx_word' id='word_1_591' title='bbox 3412 2882 3598 2936; x_wconf 85' lang='lat' dir='ltr'><strong>quum</strong></span> <span class='ocrx_word' id='word_1_592' title='bbox 3622 2866 3734 2919; x_wconf 87' lang='lat' dir='ltr'><strong>Jo-</strong></span> 
     </span>
     <span class='ocr_line' id='line_1_84' title="bbox 2167 2950 3734 3025; baseline -0.001 -20"><span class='ocrx_word' id='word_1_593' title='bbox 2167 2952 2402 3025; x_wconf 87' lang='lat' dir='ltr'><strong>sephum</strong></span> <span class='ocrx_word' id='word_1_594' title='bbox 2425 2951 2666 3006; x_wconf 82' lang='lat' dir='ltr'><strong>diversas</strong></span> <span class='ocrx_word' id='word_1_595' title='bbox 2684 2950 2932 3022; x_wconf 85' lang='lat' dir='ltr'><strong>ejusdem</strong></span> <span class='ocrx_word' id='word_1_596' title='bbox 2973 2951 3160 3023; x_wconf 87' lang='lat' dir='ltr'><strong>operis</strong></span> <span class='ocrx_word' id='word_1_597' title='bbox 3182 2951 3544 3004; x_wconf 85' lang='lat' dir='ltr'><strong>recensiones</strong></span> <span class='ocrx_word' id='word_1_598' title='bbox 3573 2951 3734 3004; x_wconf 81' lang='lat' dir='ltr'><strong>adhi-</strong></span> 
     </span>
     <span class='ocr_line' id='line_1_85' title="bbox 2168 3036 3731 3109; baseline 0 -18"><span class='ocrx_word' id='word_1_599' title='bbox 2168 3038 2351 3093; x_wconf 89' lang='lat' dir='ltr'><strong>buisse</strong></span> <span class='ocrx_word' id='word_1_600' title='bbox 2377 3038 2689 3106; x_wconf 87' lang='lat' dir='ltr'><strong>videamus,</strong></span> <span class='ocrx_word' id='word_1_601' title='bbox 2728 3038 2860 3092; x_wconf 86' lang='lat' dir='ltr'><strong>hinc</strong></span> <span class='ocrx_word' id='word_1_602' title='bbox 2889 3048 3072 3092; x_wconf 89' lang='lat' dir='ltr'><strong>cetera</strong></span> <span class='ocrx_word' id='word_1_603' title='bbox 3115 3054 3346 3108; x_wconf 89' lang='lat' dir='ltr'><strong>quoque</strong></span> <span class='ocrx_word' id='word_1_604' title='bbox 3387 3036 3731 3109; x_wconf 81' lang='lat' dir='ltr'><strong>explicanda</strong></span> 
     </span>
    </p>
   </div>
   <div class='ocr_carea' id='block_1_7' title="bbox 2147 3122 3733 3198">
    <p class='ocr_par' dir='ltr' id='par_1_7' title="bbox 2147 3122 3733 3198">
     <span class='ocr_line' id='line_1_86' title="bbox 2147 3122 3733 3198; baseline -0.001 -20"><span class='ocrx_word' id='word_1_605' title='bbox 2147 3127 2486 3197; x_wconf 73' lang='lat' dir='ltr'><strong>‘putaverim</strong></span> <span class='ocrx_word' id='word_1_606' title='bbox 2508 3124 2715 3197; x_wconf 91' lang='lat' dir='ltr'><strong>quibus</strong></span> <span class='ocrx_word' id='word_1_607' title='bbox 2739 3125 3049 3198; x_wconf 85' lang='lat' dir='ltr'><strong>pugnantia</strong></span> <span class='ocrx_word' id='word_1_608' title='bbox 3069 3124 3218 3176; x_wconf 89' lang='lat' dir='ltr'><strong>inter</strong></span> <span class='ocrx_word' id='word_1_609' title='bbox 3234 3139 3350 3176; x_wconf 61' lang='lat' dir='ltr'><strong>sese</strong></span> <span class='ocrx_word' id='word_1_610' title='bbox 3366 3122 3619 3194; x_wconf 80' lang='lat' dir='ltr'><strong>profert.</strong></span> <span class='ocrx_word' id='word_1_611' title='bbox 3645 3124 3733 3178; x_wconf 89' lang='lat' dir='ltr'><strong>Sic</strong></span> 
     </span>
    </p>
   </div>
   <div class='ocr_carea' id='block_1_8' title="bbox 2165 3209 3735 4063">
    <p class='ocr_par' dir='ltr' id='par_1_8' title="bbox 2165 3209 3735 3976">
     <span class='ocr_line' id='line_1_87' title="bbox 2170 3209 3734 3285; baseline -0.001 -19"><span class='ocrx_word' id='word_1_612' title='bbox 2170 3230 2202 3266; x_wconf 92' lang='lat' dir='ltr'><strong>e</strong></span> <span class='ocrx_word' id='word_1_613' title='bbox 2241 3213 2469 3285; x_wconf 90' lang='lat' dir='ltr'><strong>singulis</strong></span> <span class='ocrx_word' id='word_1_614' title='bbox 2494 3212 2681 3285; x_wconf 86' lang='lat' dir='ltr'><strong>regnis</strong></span> <span class='ocrx_word' id='word_1_615' title='bbox 2706 3211 2969 3284; x_wconf 69' lang='lat' dir='ltr'><strong>dynastiae</strong></span> <span class='ocrx_word' id='word_1_616' title='bbox 3000 3212 3194 3266; x_wconf 84' lang='lat' dir='ltr'><strong>XVIII</strong></span> <span class='ocrx_word' id='word_1_617' title='bbox 3239 3209 3394 3282; x_wconf 86' lang='lat' dir='ltr'><strong>apud</strong></span> <span class='ocrx_word' id='word_1_618' title='bbox 3423 3212 3454 3264; x_wconf 84' lang='lat' dir='ltr'>J</span> <span class='ocrx_word' id='word_1_619' title='bbox 3461 3209 3734 3283; x_wconf 83' lang='lat' dir='ltr'><strong>osephum</strong></span> 
     </span>
     <span class='ocr_line' id='line_1_88' title="bbox 2173 3293 3735 3377; baseline -0.001 -27"><span class='ocrx_word' id='word_1_620' title='bbox 2173 3293 2273 3377; x_wconf 78' lang='lat' dir='ltr'><strong>(fr.</strong></span> <span class='ocrx_word' id='word_1_621' title='bbox 2307 3295 2413 3374; x_wconf 82' lang='grc'><strong>50)</strong></span> <span class='ocrx_word' id='word_1_622' title='bbox 2446 3316 2717 3352; x_wconf 90' lang='lat' dir='ltr'><strong>summam</strong></span> <span class='ocrx_word' id='word_1_623' title='bbox 2738 3297 3049 3370; x_wconf 88' lang='lat' dir='ltr'><strong>colligimus</strong></span> <span class='ocrx_word' id='word_1_624' title='bbox 3077 3314 3355 3350; x_wconf 88' lang='lat' dir='ltr'><strong>annorum</strong></span> <span class='ocrx_word' id='word_1_625' title='bbox 3379 3294 3528 3363; x_wconf 79' lang='lat'>3333</span> <span class='ocrx_word' id='word_1_626' title='bbox 3551 3314 3735 3368; x_wconf 83' lang='lat' dir='ltr'><strong>neque</strong></span> 
     </span>
     <span class='ocr_line' id='line_1_89' title="bbox 2171 3382 3732 3440; baseline 0 -5"><span class='ocrx_word' id='word_1_627' title='bbox 2171 3384 2532 3440; x_wconf 86' lang='lat' dir='ltr'><strong>librariorum</strong></span> <span class='ocrx_word' id='word_1_628' title='bbox 2550 3401 2804 3437; x_wconf 89' lang='lat' dir='ltr'><strong>errorem</strong></span> <span class='ocrx_word' id='word_1_629' title='bbox 2827 3384 3074 3436; x_wconf 88' lang='lat' dir='ltr'><strong>numeris</strong></span> <span class='ocrx_word' id='word_1_630' title='bbox 3095 3384 3268 3436; x_wconf 85' lang='lat' dir='ltr'><strong>inesse</strong></span> <span class='ocrx_word' id='word_1_631' title='bbox 3289 3400 3357 3436; x_wconf 84' lang='lat' dir='ltr'><strong>ex</strong></span> <span class='ocrx_word' id='word_1_632' title='bbox 3383 3382 3600 3435; x_wconf 87' lang='lat' dir='ltr'><strong>collato</strong></span> <span class='ocrx_word' id='word_1_633' title='bbox 3629 3382 3732 3435; x_wconf 82' lang='lat' dir='ltr'><strong>Eu-</strong></span> 
     </span>
     <span class='ocr_line' id='line_1_90' title="bbox 2168 3470 3726 3543; baseline -0.001 -20"><span class='ocrx_word' id='word_1_634' title='bbox 2168 3471 2324 3524; x_wconf 87' lang='lat' dir='ltr'><strong>sebio</strong></span> <span class='ocrx_word' id='word_1_635' title='bbox 2369 3482 2427 3525; x_wconf 91' lang='lat' dir='ltr'><strong>et</strong></span> <span class='ocrx_word' id='word_1_636' title='bbox 2454 3470 2718 3543; x_wconf 79' lang='lat' dir='ltr'><strong>Syncello</strong></span> <span class='ocrx_word' id='word_1_637' title='bbox 2747 3470 3112 3543; x_wconf 84' lang='lat' dir='ltr'><strong>intelligitur3</strong></span> <span class='ocrx_word' id='word_1_638' title='bbox 3151 3479 3350 3523; x_wconf 86' lang='lat' dir='ltr'><strong>contra</strong></span> <span class='ocrx_word' id='word_1_639' title='bbox 3401 3470 3522 3541; x_wconf 80' lang='lat' dir='ltr'><strong>ipse</strong></span> <span class='ocrx_word' id='word_1_640' title='bbox 3569 3470 3726 3522; x_wconf 84' lang='lat' dir='ltr'><strong>Jose-</strong></span> 
     </span>
     <span class='ocr_line' id='line_1_91' title="bbox 2168 3556 3728 3632; baseline 0.001 -22"><span class='ocrx_word' id='word_1_641' title='bbox 2168 3557 2311 3630; x_wconf 88' lang='lat' dir='ltr'><strong>phus</strong></span> <span class='ocrx_word' id='word_1_642' title='bbox 2353 3556 2576 3611; x_wconf 90' lang='lat' dir='ltr'><strong>duobus</strong></span> <span class='ocrx_word' id='word_1_643' title='bbox 2618 3557 2755 3610; x_wconf 85' lang='lat' dir='ltr'><strong>locis</strong></span> <span class='ocrx_word' id='word_1_644' title='bbox 2783 3574 3052 3610; x_wconf 88' lang='lat' dir='ltr'><strong>summam</strong></span> <span class='ocrx_word' id='word_1_645' title='bbox 3085 3558 3250 3628; x_wconf 87' lang='lat' dir='ltr'><strong>ponit</strong></span> <span class='ocrx_word' id='word_1_646' title='bbox 3277 3574 3565 3632; x_wconf 85' lang='lat' dir='ltr'><strong>annorum</strong></span> <span class='ocrx_word' id='word_1_647' title='bbox 3599 3556 3728 3629; x_wconf 81' lang='lat'><strong>393.</strong></span> 
     </span>
     <span class='ocr_line' id='line_1_92' title="bbox 2165 3643 3730 3717; baseline 0.001 -21"><span class='ocrx_word' id='word_1_648' title='bbox 2165 3643 2333 3714; x_wconf 88' lang='lat' dir='ltr'><strong>Quod</strong></span> <span class='ocrx_word' id='word_1_649' title='bbox 2362 3645 2542 3717; x_wconf 88' lang='lat' dir='ltr'><strong>ipsum</strong></span> <span class='ocrx_word' id='word_1_650' title='bbox 2586 3661 2657 3698; x_wconf 90' lang='lat' dir='ltr'><strong>ne</strong></span> <span class='ocrx_word' id='word_1_651' title='bbox 2692 3644 2919 3716; x_wconf 84' lang='lat' dir='ltr'><strong>Josephi</strong></span> <span class='ocrx_word' id='word_1_652' title='bbox 2949 3644 3175 3698; x_wconf 88' lang='lat' dir='ltr'><strong>calculis</strong></span> <span class='ocrx_word' id='word_1_653' title='bbox 3193 3644 3437 3711; x_wconf 81' lang='lat' dir='ltr'><strong>vitiosiS,</strong></span> <span class='ocrx_word' id='word_1_654' title='bbox 3459 3643 3562 3698; x_wconf 82' lang='lat' dir='ltr'><strong>sed</strong></span> <span class='ocrx_word' id='word_1_655' title='bbox 3589 3646 3730 3697; x_wconf 85' lang='lat' dir='ltr'><strong>mix·</strong></span> 
     </span>
     <span class='ocr_line' id='line_1_93' title="bbox 2166 3728 3726 3803; baseline -0.001 -19"><span class='ocrx_word' id='word_1_656' title='bbox 2166 3731 2305 3784; x_wconf 88' lang='lat' dir='ltr'><strong>tioni</strong></span> <span class='ocrx_word' id='word_1_657' title='bbox 2336 3741 2735 3803; x_wconf 88' lang='lat' dir='ltr'><strong>computorum</strong></span> <span class='ocrx_word' id='word_1_658' title='bbox 2755 3731 3088 3798; x_wconf 88' lang='lat' dir='ltr'><strong>tribuamus,</strong></span> <span class='ocrx_word' id='word_1_659' title='bbox 3104 3730 3191 3784; x_wconf 76' lang='lat' dir='ltr'><strong>vel</strong></span> <span class='ocrx_word' id='word_1_660' title='bbox 3211 3728 3356 3783; x_wconf 91' lang='lat' dir='ltr'><strong>illud</strong></span> <span class='ocrx_word' id='word_1_661' title='bbox 3383 3730 3631 3784; x_wconf 82' lang='lat' dir='ltr'><strong>suadere</strong></span> <span class='ocrx_word' id='word_1_662' title='bbox 3645 3732 3726 3782; x_wconf 80' lang='lat' dir='ltr'><strong>vi·</strong></span> 
     </span>
     <span class='ocr_line' id='line_1_94' title="bbox 2167 3815 3726 3891; baseline -0.001 -20"><span class='ocrx_word' id='word_1_663' title='bbox 2167 3816 2350 3886; x_wconf 88' lang='lat' dir='ltr'><strong>detur,</strong></span> <span class='ocrx_word' id='word_1_664' title='bbox 2389 3818 2547 3890; x_wconf 87' lang='lat' dir='ltr'><strong>quod</strong></span> <span class='ocrx_word' id='word_1_665' title='bbox 2594 3819 2853 3890; x_wconf 84' lang='lat' dir='ltr'><strong>proxime</strong></span> <span class='ocrx_word' id='word_1_666' title='bbox 2890 3816 2962 3871; x_wconf 88' lang='lat' dir='ltr'><strong>ad</strong></span> <span class='ocrx_word' id='word_1_667' title='bbox 3001 3835 3304 3871; x_wconf 88' lang='lat' dir='ltr'><strong>numerum</strong></span> <span class='ocrx_word' id='word_1_668' title='bbox 3356 3815 3471 3891; x_wconf 84' lang='lat'><strong>393</strong></span> <span class='ocrx_word' id='word_1_669' title='bbox 3512 3816 3726 3872; x_wconf 80' lang='lat' dir='ltr'><strong>accedit</strong></span> 
     </span>
     <span class='ocr_line' id='line_1_95' title="bbox 2167 3902 3416 3976; baseline 0.002 -18"><span class='ocrx_word' id='word_1_670' title='bbox 2167 3916 2366 3958; x_wconf 89' lang='lat' dir='ltr'><strong>auctor</strong></span> <span class='ocrx_word' id='word_1_671' title='bbox 2396 3904 2639 3976; x_wconf 84' lang='lat' dir='ltr'><strong>Syncelli</strong></span> <span class='ocrx_word' id='word_1_672' title='bbox 2656 3945 2671 3972; x_wconf 91' lang='lat'><strong>,</strong></span> <span class='ocrx_word' id='word_1_673' title='bbox 2692 3906 2790 3976; x_wconf 87' lang='lat' dir='ltr'><strong>qui</strong></span> <span class='ocrx_word' id='word_1_674' title='bbox 2819 3922 2995 3958; x_wconf 89' lang='lat' dir='ltr'><strong>annos</strong></span> <span class='ocrx_word' id='word_1_675' title='bbox 3026 3902 3137 3975; x_wconf 87' lang='lat'><strong>398</strong></span> <span class='ocrx_word' id='word_1_676' title='bbox 3159 3913 3416 3976; x_wconf 87' lang='lat' dir='ltr'><strong>exputat.</strong></span> 
     </span>
    </p>

    <p class='ocr_par' dir='ltr' id='par_1_9' title="bbox 2245 3988 3726 4063">
     <span class='ocr_line' id='line_1_96' title="bbox 2245 3988 3726 4063; baseline -0.001 -18"><span class='ocrx_word' id='word_1_677' title='bbox 2245 3991 2277 4044; x_wconf 84' lang='lat' dir='ltr'>J</span> <span class='ocrx_word' id='word_1_678' title='bbox 2281 3990 2552 4063; x_wconf 87' lang='lat' dir='ltr'><strong>osephum</strong></span> <span class='ocrx_word' id='word_1_679' title='bbox 2572 3992 2780 4063; x_wconf 82' lang='lat' dir='ltr'><strong>excipit</strong></span> <span class='ocrx_word' id='word_1_680' title='bbox 2807 3988 3122 4059; x_wconf 71' lang='lat' dir='ltr'><strong>Africanus‘,</strong></span> <span class='ocrx_word' id='word_1_681' title='bbox 3144 3991 3242 4063; x_wconf 90' lang='lat' dir='ltr'><strong>qui</strong></span> <span class='ocrx_word' id='word_1_682' title='bbox 3259 3990 3726 4045; x_wconf 82' lang='lat' dir='ltr'><strong>Manethouianos</strong></span> 
     </span>
    </p>
   </div>
   <div class='ocr_carea' id='block_1_9' title="bbox 2165 4122 3724 5225">
    <p class='ocr_par' dir='ltr' id='par_1_10' title="bbox 2165 4122 3724 5225">
     <span class='ocr_line' id='line_1_97' title="bbox 2165 4122 3724 4186; baseline 0.001 -14"><span class='ocrx_word' id='word_1_683' title='bbox 2165 4124 2398 4186; x_wconf 83' lang='lat' dir='ltr'><strong>princeps.</strong></span> <span class='ocrx_word' id='word_1_684' title='bbox 2413 4125 2536 4174; x_wconf 80' lang='lat' dir='ltr'><strong>Vide</strong></span> <span class='ocrx_word' id='word_1_685' title='bbox 2546 4124 2776 4175; x_wconf 77' lang='lat' dir='ltr'><strong>Bulletin</strong></span> <span class='ocrx_word' id='word_1_686' title='bbox 2800 4122 3057 4173; x_wconf 73' lang='lat' dir='ltr'><strong>universe!</strong></span> <span class='ocrx_word' id='word_1_687' title='bbox 3078 4126 3212 4183; x_wconf 79' lang='grc'><strong>1824,</strong></span> <span class='ocrx_word' id='word_1_688' title='bbox 3229 4125 3352 4172; x_wconf 65' lang='grc' dir='ltr'><strong>Νοε.</strong></span> <span class='ocrx_word' id='word_1_689' title='bbox 3367 4124 3613 4186; x_wconf 68' lang='lat' dir='ltr'><strong>Scriptum</strong></span> <span class='ocrx_word' id='word_1_690' title='bbox 3630 4138 3724 4173; x_wconf 62' lang='lat' dir='ltr'><strong>ase</strong></span> 
     </span>
     <span class='ocr_line' id='line_1_98' title="bbox 2166 4193 3720 4256; baseline 0.001 -15"><span class='ocrx_word' id='word_1_691' title='bbox 2166 4194 2462 4255; x_wconf 85' lang='lat' dir='ltr'><strong>temporibus</strong></span> <span class='ocrx_word' id='word_1_692' title='bbox 2486 4193 2717 4256; x_wconf 79' lang='lat' dir='ltr'><strong>dynastiae</strong></span> <span class='ocrx_word' id='word_1_693' title='bbox 2739 4196 2850 4243; x_wconf 79' lang='lat' dir='ltr'><strong>xlx</strong></span> <span class='ocrx_word' id='word_1_694' title='bbox 2881 4196 3132 4255; x_wconf 83' lang='lat' dir='ltr'><strong>propterea</strong></span> <span class='ocrx_word' id='word_1_695' title='bbox 3162 4196 3358 4241; x_wconf 82' lang='lat' dir='ltr'><strong>censent</strong></span> <span class='ocrx_word' id='word_1_696' title='bbox 3384 4194 3524 4255; x_wconf 84' lang='lat' dir='ltr'><strong>quod</strong></span> <span class='ocrx_word' id='word_1_697' title='bbox 3558 4195 3607 4242; x_wconf 80' lang='lat' dir='ltr'><strong>in</strong></span> <span class='ocrx_word' id='word_1_698' title='bbox 3639 4194 3720 4243; x_wconf 80' lang='lat' dir='ltr'><strong>ob-</strong></span> 
     </span>
     <span class='ocr_line' id='line_1_99' title="bbox 2168 4261 3722 4325; baseline -0.001 -14"><span class='ocrx_word' id='word_1_699' title='bbox 2168 4276 2303 4311; x_wconf 82' lang='lat' dir='ltr'><strong>versa</strong></span> <span class='ocrx_word' id='word_1_700' title='bbox 2325 4264 2490 4325; x_wconf 79' lang='lat' dir='ltr'><strong>papyri</strong></span> <span class='ocrx_word' id='word_1_701' title='bbox 2521 4267 2655 4325; x_wconf 87' lang='lat' dir='ltr'><strong>parte</strong></span> <span class='ocrx_word' id='word_1_702' title='bbox 2685 4266 2910 4325; x_wconf 86' lang='lat' dir='ltr'><strong>computa</strong></span> <span class='ocrx_word' id='word_1_703' title='bbox 2948 4261 3172 4325; x_wconf 79' lang='lat' dir='ltr'><strong>quaedam</strong></span> <span class='ocrx_word' id='word_1_704' title='bbox 3206 4264 3430 4323; x_wconf 74' lang='lat' dir='ltr'><strong>exstant,</strong></span> <span class='ocrx_word' id='word_1_705' title='bbox 3470 4265 3520 4312; x_wconf 90' lang='lat' dir='ltr'><strong>in</strong></span> <span class='ocrx_word' id='word_1_706' title='bbox 3556 4264 3722 4325; x_wconf 77' lang='lat' dir='ltr'><strong>quibas</strong></span> 
     </span>
     <span class='ocr_line' id='line_1_100' title="bbox 2173 4330 3718 4395; baseline 0.001 -15"><span class='ocrx_word' id='word_1_707' title='bbox 2173 4334 2368 4381; x_wconf 71' lang='lat' dir='ltr'><strong>Ram-sis</strong></span> <span class='ocrx_word' id='word_1_708' title='bbox 2392 4336 2569 4394; x_wconf 67' lang='lat' dir='ltr'><strong>Mayni</strong></span> <span class='ocrx_word' id='word_1_709' title='bbox 2603 4334 2782 4382; x_wconf 87' lang='lat' dir='ltr'><strong>mentio</strong></span> <span class='ocrx_word' id='word_1_710' title='bbox 2818 4332 2900 4392; x_wconf 85' lang='lat' dir='ltr'><strong>tit,</strong></span> <span class='ocrx_word' id='word_1_711' title='bbox 2938 4330 3109 4381; x_wconf 86' lang='lat' dir='ltr'><strong>deiude</strong></span> <span class='ocrx_word' id='word_1_712' title='bbox 3145 4345 3259 4379; x_wconf 78' lang='lat' dir='ltr'><strong>vero</strong></span> <span class='ocrx_word' id='word_1_713' title='bbox 3283 4332 3421 4393; x_wconf 83' lang='lat' dir='ltr'><strong>quod</strong></span> <span class='ocrx_word' id='word_1_714' title='bbox 3454 4346 3623 4395; x_wconf 82' lang='lat' dir='ltr'><strong>regum</strong></span> <span class='ocrx_word' id='word_1_715' title='bbox 3643 4346 3718 4381; x_wconf 75' lang='lat' dir='ltr'><strong>no-</strong></span> 
     </span>
     <span class='ocr_line' id='line_1_101' title="bbox 2167 4399 3714 4463; baseline 0.001 -15"><span class='ocrx_word' id='word_1_716' title='bbox 2167 4402 2297 4449; x_wconf 86' lang='lat' dir='ltr'><strong>mina</strong></span> <span class='ocrx_word' id='word_1_717' title='bbox 2315 4437 2330 4458; x_wconf 84' lang='lat'><strong>,</strong></span> <span class='ocrx_word' id='word_1_718' title='bbox 2357 4415 2466 4463; x_wconf 76' lang='lat' dir='ltr'><strong>qum</strong></span> <span class='ocrx_word' id='word_1_719' title='bbox 2498 4401 2601 4450; x_wconf 89' lang='lat' dir='ltr'><strong>erui</strong></span> <span class='ocrx_word' id='word_1_720' title='bbox 2630 4401 2788 4450; x_wconf 86' lang='lat' dir='ltr'><strong>adhue</strong></span> <span class='ocrx_word' id='word_1_721' title='bbox 2809 4403 3035 4463; x_wconf 83' lang='lat' dir='ltr'><strong>possunt,</strong></span> <span class='ocrx_word' id='word_1_722' title='bbox 3076 4400 3238 4448; x_wconf 88' lang='lat' dir='ltr'><strong>omnia</strong></span> <span class='ocrx_word' id='word_1_723' title='bbox 3266 4399 3328 4447; x_wconf 88' lang='lat' dir='ltr'><strong>ad</strong></span> <span class='ocrx_word' id='word_1_724' title='bbox 3353 4402 3540 4462; x_wconf 77' lang='lat' dir='ltr'><strong>priores</strong></span> <span class='ocrx_word' id='word_1_725' title='bbox 3574 4402 3714 4463; x_wconf 66' lang='lat' dir='ltr'><strong>dym-</strong></span> 
     </span>
     <span class='ocr_line' id='line_1_102' title="bbox 2167 4469 3714 4532; baseline -0.001 -14"><span class='ocrx_word' id='word_1_726' title='bbox 2167 4471 2282 4519; x_wconf 77' lang='lat' dir='ltr'><strong>sfias</strong></span> <span class='ocrx_word' id='word_1_727' title='bbox 2313 4474 2530 4520; x_wconf 84' lang='lat' dir='ltr'><strong>l--lel</strong></span> <span class='ocrx_word' id='word_1_728' title='bbox 2546 4471 2782 4532; x_wconf 83' lang='lat' dir='ltr'><strong>pertinere</strong></span> <span class='ocrx_word' id='word_1_729' title='bbox 2795 4469 3035 4519; x_wconf 77' lang='lat' dir='ltr'><strong>videntur.</strong></span> <span class='ocrx_word' id='word_1_730' title='bbox 3056 4469 3455 4519; x_wconf 72' lang='lat' dir='ltr'><strong>Sein&#39;ertusanno</strong></span> <span class='ocrx_word' id='word_1_731' title='bbox 3481 4477 3600 4522; x_wconf 76' lang='lat'>1826</span> <span class='ocrx_word' id='word_1_732' title='bbox 3615 4471 3714 4519; x_wconf 82' lang='lat' dir='ltr'><strong>reli·</strong></span> 
     </span>
     <span class='ocr_line' id='line_1_103' title="bbox 2169 4538 3713 4602; baseline 0.001 -15"><span class='ocrx_word' id='word_1_733' title='bbox 2169 4539 2307 4601; x_wconf 86' lang='lat' dir='ltr'><strong>quias</strong></span> <span class='ocrx_word' id='word_1_734' title='bbox 2320 4542 2494 4602; x_wconf 84' lang='lat' dir='ltr'><strong>reperit</strong></span> <span class='ocrx_word' id='word_1_735' title='bbox 2511 4539 2762 4588; x_wconf 88' lang='lat' dir='ltr'><strong>nominum</strong></span> <span class='ocrx_word' id='word_1_736' title='bbox 2781 4544 2873 4590; x_wconf 86' lang='lat'><strong>200</strong></span> <span class='ocrx_word' id='word_1_737' title='bbox 2895 4544 2946 4588; x_wconf 87' lang='lat' dir='ltr'><strong>et</strong></span> <span class='ocrx_word' id='word_1_738' title='bbox 2976 4539 3118 4588; x_wconf 78' lang='lat' dir='ltr'><strong>ultra.</strong></span> <span class='ocrx_word' id='word_1_739' title='bbox 3147 4538 3379 4587; x_wconf 75' lang='lat' dir='ltr'><strong>primitus</strong></span> <span class='ocrx_word' id='word_1_740' title='bbox 3396 4540 3543 4589; x_wconf 77' lang='lat' dir='ltr'><strong>fuisse</strong></span> <span class='ocrx_word' id='word_1_741' title='bbox 3559 4540 3713 4588; x_wconf 70' lang='lat' dir='ltr'><strong>viden·</strong></span> 
     </span>
     <span class='ocr_line' id='line_1_104' title="bbox 2167 4608 3712 4672; baseline 0.001 -16"><span class='ocrx_word' id='word_1_742' title='bbox 2167 4610 2249 4657; x_wconf 89' lang='lat' dir='ltr'><strong>tur</strong></span> <span class='ocrx_word' id='word_1_743' title='bbox 2271 4610 2397 4659; x_wconf 87' lang='lat' dir='ltr'><strong>circa</strong></span> <span class='ocrx_word' id='word_1_744' title='bbox 2435 4617 2545 4660; x_wconf 81' lang='lat'><strong>250.</strong></span> <span class='ocrx_word' id='word_1_745' title='bbox 2568 4610 2760 4671; x_wconf 82' lang='lat' dir='ltr'><strong>Lepsius</strong></span> <span class='ocrx_word' id='word_1_746' title='bbox 2789 4608 2875 4671; x_wconf 86' lang='lat' dir='ltr'><strong>qui</strong></span> <span class='ocrx_word' id='word_1_747' title='bbox 2891 4622 3081 4658; x_wconf 87' lang='lat' dir='ltr'><strong>summo</strong></span> <span class='ocrx_word' id='word_1_748' title='bbox 3107 4608 3268 4657; x_wconf 79' lang='lat' dir='ltr'><strong>studio</strong></span> <span class='ocrx_word' id='word_1_749' title='bbox 3300 4612 3535 4658; x_wconf 80' lang='lat' dir='ltr'><strong>centones</strong></span> <span class='ocrx_word' id='word_1_750' title='bbox 3563 4609 3712 4672; x_wconf 61' lang='lat' dir='ltr'><strong>papyri</strong></span> 
     </span>
     <span class='ocr_line' id='line_1_105' title="bbox 2169 4677 3709 4741; baseline -0.001 -14"><span class='ocrx_word' id='word_1_751' title='bbox 2169 4680 2516 4740; x_wconf 80' lang='lat' dir='ltr'><strong>coagmentavit</strong></span> <span class='ocrx_word' id='word_1_752' title='bbox 2551 4679 2896 4741; x_wconf 88' lang='lat' dir='ltr'><strong>pristinumque</strong></span> <span class='ocrx_word' id='word_1_753' title='bbox 2938 4678 2998 4726; x_wconf 84' lang='lat' dir='ltr'><strong>ad</strong></span> <span class='ocrx_word' id='word_1_754' title='bbox 3038 4677 3255 4726; x_wconf 84' lang='lat' dir='ltr'><strong>ordinem</strong></span> <span class='ocrx_word' id='word_1_755' title='bbox 3285 4679 3562 4739; x_wconf 70' lang='lat' dir='ltr'><strong>revocavit,</strong></span> <span class='ocrx_word' id='word_1_756' title='bbox 3597 4679 3709 4726; x_wconf 79' lang='lat' dir='ltr'><strong>inter</strong></span> 
     </span>
     <span class='ocr_line' id='line_1_106' title="bbox 2170 4746 3708 4809; baseline -0.002 -14"><span class='ocrx_word' id='word_1_757' title='bbox 2170 4748 2398 4796; x_wconf 66' lang='lat' dir='ltr'><strong>mortales</strong></span> <span class='ocrx_word' id='word_1_758' title='bbox 2419 4760 2550 4808; x_wconf 83' lang='lat' dir='ltr'><strong>reges</strong></span> <span class='ocrx_word' id='word_1_759' title='bbox 2575 4750 2799 4795; x_wconf 85' lang='lat' dir='ltr'><strong>numerat</strong></span> <span class='ocrx_word' id='word_1_760' title='bbox 2821 4750 2876 4795; x_wconf 63' lang='lat'><strong>3¹2</strong></span> <span class='ocrx_word' id='word_1_761' title='bbox 2892 4782 2907 4805; x_wconf 86' lang='lat'>‚</span> <span class='ocrx_word' id='word_1_762' title='bbox 2931 4746 3016 4807; x_wconf 86' lang='lat' dir='ltr'><strong>qui</strong></span> <span class='ocrx_word' id='word_1_763' title='bbox 3040 4747 3307 4807; x_wconf 84' lang='lat' dir='ltr'><strong>pertineant</strong></span> <span class='ocrx_word' id='word_1_764' title='bbox 3325 4746 3389 4794; x_wconf 83' lang='lat' dir='ltr'><strong>ad</strong></span> <span class='ocrx_word' id='word_1_765' title='bbox 3412 4746 3530 4809; x_wconf 70' lang='lat' dir='ltr'><strong>dyn.</strong></span> <span class='ocrx_word' id='word_1_766' title='bbox 3555 4748 3708 4803; x_wconf 69' lang='lat' dir='ltr'><strong>l—-v‚</strong></span> 
     </span>
     <span class='ocr_line' id='line_1_107' title="bbox 2171 4816 3708 4879; baseline -0.001 -14"><span class='ocrx_word' id='word_1_767' title='bbox 2171 4823 2231 4866; x_wconf 83' lang='lat'><strong>20</strong></span> <span class='ocrx_word' id='word_1_768' title='bbox 2249 4819 2332 4879; x_wconf 84' lang='lat' dir='ltr'><strong>qui</strong></span> <span class='ocrx_word' id='word_1_769' title='bbox 2349 4818 2445 4866; x_wconf 86' lang='lat' dir='ltr'><strong>sint</strong></span> <span class='ocrx_word' id='word_1_770' title='bbox 2469 4816 2584 4878; x_wconf 83' lang='lat' dir='ltr'><strong>dyn.</strong></span> <span class='ocrx_word' id='word_1_771' title='bbox 2625 4819 2870 4878; x_wconf 74' lang='lat' dir='ltr'><strong>vl—x113</strong></span> <span class='ocrx_word' id='word_1_772' title='bbox 2899 4823 2960 4865; x_wconf 83' lang='lat'><strong>65</strong></span> <span class='ocrx_word' id='word_1_773' title='bbox 2979 4817 3064 4878; x_wconf 86' lang='lat' dir='ltr'><strong>qui</strong></span> <span class='ocrx_word' id='word_1_774' title='bbox 3095 4816 3332 4865; x_wconf 74' lang='lat' dir='ltr'><strong>referendi</strong></span> <span class='ocrx_word' id='word_1_775' title='bbox 3361 4817 3462 4866; x_wconf 82' lang='lat' dir='ltr'><strong>sint</strong></span> <span class='ocrx_word' id='word_1_776' title='bbox 3483 4816 3545 4865; x_wconf 82' lang='lat' dir='ltr'><strong>ad</strong></span> <span class='ocrx_word' id='word_1_777' title='bbox 3571 4816 3708 4879; x_wconf 70' lang='lat' dir='ltr'><strong>pasto·</strong></span> 
     </span>
     <span class='ocr_line' id='line_1_108' title="bbox 2172 4886 3708 4949; baseline -0.001 -15"><span class='ocrx_word' id='word_1_778' title='bbox 2172 4900 2277 4935; x_wconf 86' lang='lat' dir='ltr'><strong>rum</strong></span> <span class='ocrx_word' id='word_1_779' title='bbox 2296 4890 2512 4948; x_wconf 84' lang='lat' dir='ltr'><strong>tempora</strong></span> <span class='ocrx_word' id='word_1_780' title='bbox 2528 4888 2630 4935; x_wconf 83' lang='lat' dir='ltr'><strong>sive</strong></span> <span class='ocrx_word' id='word_1_781' title='bbox 2651 4887 2712 4935; x_wconf 83' lang='lat' dir='ltr'><strong>ad</strong></span> <span class='ocrx_word' id='word_1_782' title='bbox 2738 4886 2852 4949; x_wconf 78' lang='lat' dir='ltr'><strong>dyu.</strong></span> <span class='ocrx_word' id='word_1_783' title='bbox 2885 4888 3215 4936; x_wconf 73' lang='lat' dir='ltr'><strong>xlll--xvll-</strong></span> <span class='ocrx_word' id='word_1_784' title='bbox 3256 4889 3383 4944; x_wconf 76' lang='lat' dir='ltr'><strong>Quae</strong></span> <span class='ocrx_word' id='word_1_785' title='bbox 3423 4886 3488 4935; x_wconf 83' lang='lat' dir='ltr'><strong>de</strong></span> <span class='ocrx_word' id='word_1_786' title='bbox 3523 4886 3708 4935; x_wconf 79' lang='lat' dir='ltr'><strong>deorum</strong></span> 
     </span>
     <span class='ocr_line' id='line_1_109' title="bbox 2171 4954 3708 5019; baseline -0.002 -14"><span class='ocrx_word' id='word_1_787' title='bbox 2171 4957 2323 5018; x_wconf 79' lang='lat' dir='ltr'><strong>regnis</strong></span> <span class='ocrx_word' id='word_1_788' title='bbox 2349 4957 2585 5019; x_wconf 82' lang='lat' dir='ltr'><strong>leguntur,</strong></span> <span class='ocrx_word' id='word_1_789' title='bbox 2609 4970 2695 5005; x_wconf 87' lang='lat' dir='ltr'><strong>suo</strong></span> <span class='ocrx_word' id='word_1_790' title='bbox 2719 4956 2825 5005; x_wconf 86' lang='lat' dir='ltr'><strong>loco</strong></span> <span class='ocrx_word' id='word_1_791' title='bbox 2839 4956 3167 5007; x_wconf 84' lang='lat' dir='ltr'><strong>indicabimus.</strong></span> <span class='ocrx_word' id='word_1_792' title='bbox 3183 4957 3246 5004; x_wconf 76' lang='lat' dir='ltr'><strong>V.</strong></span> <span class='ocrx_word' id='word_1_793' title='bbox 3273 4956 3493 5018; x_wconf 78' lang='lat' dir='ltr'><strong>Lepsios,</strong></span> <span class='ocrx_word' id='word_1_794' title='bbox 3523 4954 3708 5005; x_wconf 63' lang='lat' dir='ltr'><strong>Urba·</strong></span> 
     </span>
     <span class='ocr_line' id='line_1_110' title="bbox 2173 5021 3702 5088; baseline -0.004 -14"><span class='ocrx_word' id='word_1_795' title='bbox 2173 5025 2269 5074; x_wconf 81' lang='lat' dir='ltr'><strong>den</strong></span> <span class='ocrx_word' id='word_1_796' title='bbox 2290 5025 2392 5074; x_wconf 85' lang='lat' dir='ltr'><strong>tab.</strong></span> <span class='ocrx_word' id='word_1_797' title='bbox 2428 5028 2492 5074; x_wconf 87' lang='lat' dir='ltr'><strong>lll</strong></span> <span class='ocrx_word' id='word_1_798' title='bbox 2533 5039 2659 5087; x_wconf 62' lang='lat' dir='ltr'><strong>sqq„</strong></span> <span class='ocrx_word' id='word_1_799' title='bbox 2701 5027 2891 5074; x_wconf 87' lang='lat' dir='ltr'><strong>Bunsen</strong></span> <span class='ocrx_word' id='word_1_800' title='bbox 2913 5025 2948 5073; x_wconf 92' lang='lat' dir='ltr'><strong>l.</strong></span> <span class='ocrx_word' id='word_1_801' title='bbox 2979 5025 3013 5073; x_wconf 94' lang='lat' dir='ltr'><strong>l.</strong></span> <span class='ocrx_word' id='word_1_802' title='bbox 3046 5038 3090 5087; x_wconf 85' lang='lat' dir='ltr'><strong>p.</strong></span> <span class='ocrx_word' id='word_1_803' title='bbox 3125 5028 3185 5074; x_wconf 75' lang='lat'><strong>8²</strong></span> <span class='ocrx_word' id='word_1_804' title='bbox 3208 5038 3344 5088; x_wconf 88' lang='lat' dir='ltr'><strong>sqq.;</strong></span> <span class='ocrx_word' id='word_1_805' title='bbox 3389 5025 3587 5075; x_wconf 63' lang='lat' dir='ltr'><strong>Boeekh.</strong></span> <span class='ocrx_word' id='word_1_806' title='bbox 3624 5021 3702 5070; x_wconf 73' lang='grc' dir='ltr'><strong>Η.</strong></span> 
     </span>
     <span class='ocr_line' id='line_1_111' title="bbox 2171 5090 3706 5155; baseline -0.003 -14"><span class='ocrx_word' id='word_1_807' title='bbox 2171 5106 2218 5155; x_wconf 86' lang='lat' dir='ltr'><strong>p.</strong></span> <span class='ocrx_word' id='word_1_808' title='bbox 2257 5097 2339 5142; x_wconf 70' lang='lat'><strong>114</strong></span> <span class='ocrx_word' id='word_1_809' title='bbox 2377 5093 2537 5154; x_wconf 88' lang='lat' dir='ltr'><strong>ibique</strong></span> <span class='ocrx_word' id='word_1_810' title='bbox 2558 5094 2755 5152; x_wconf 85' lang='lat' dir='ltr'><strong>citatos,</strong></span> <span class='ocrx_word' id='word_1_811' title='bbox 2789 5092 3123 5154; x_wconf 80' lang='lat' dir='ltr'><strong>champollion</strong></span> <span class='ocrx_word' id='word_1_812' title='bbox 3155 5104 3258 5141; x_wconf 86' lang='lat' dir='ltr'><strong>sen.</strong></span> <span class='ocrx_word' id='word_1_813' title='bbox 3288 5093 3341 5141; x_wconf 87' lang='lat' dir='ltr'><strong>in</strong></span> <span class='ocrx_word' id='word_1_814' title='bbox 3374 5090 3616 5142; x_wconf 60' lang='lat' dir='ltr'><strong>mavelle</strong></span> <span class='ocrx_word' id='word_1_815' title='bbox 3638 5100 3706 5136; x_wconf 73' lang='lat' dir='ltr'><strong>re—</strong></span> 
     </span>
     <span class='ocr_line' id='line_1_112' title="bbox 2175 5162 3055 5225; baseline -0.001 -13"><span class='ocrx_word' id='word_1_816' title='bbox 2175 5176 2270 5212; x_wconf 82' lang='lat' dir='ltr'><strong>vue</strong></span> <span class='ocrx_word' id='word_1_817' title='bbox 2289 5162 2738 5225; x_wconf 71' lang='lat' dir='ltr'><strong>encyclopedique‚</strong></span> <span class='ocrx_word' id='word_1_818' title='bbox 2771 5167 2906 5223; x_wconf 76' lang='grc'><strong>1846,</strong></span> <span class='ocrx_word' id='word_1_819' title='bbox 2928 5165 2993 5211; x_wconf 79' lang='lat' dir='ltr'><strong>N⁰</strong></span> <span class='ocrx_word' id='word_1_820' title='bbox 3011 5169 3055 5211; x_wconf 79' lang='lat'><strong>2.</strong></span> 
     </span>
    </p>
   </div>
   <div class='ocr_carea' id='block_1_10' title="bbox 3830 0 3854 5985">
    <p class='ocr_par' dir='ltr' id='par_1_11' title="bbox 3830 0 3854 5985">
     <span class='ocr_line' id='line_1_113' title="bbox 3830 0 3854 5985; baseline 0 0"><span class='ocrx_word' id='word_1_821' title='bbox 3830 0 3854 5985; x_wconf 95' lang='lat' dir='ltr'><strong> </strong></span> 
     </span>
    </p>
   </div>
  </div>
 </body>
</html>
