3900 6042
520 497 632 547 ⁴30

602 620 699 676 His
738 618 1057 691 subjicimus
1094 621 1524 694 disputationem
1565 623 1870 678 Briicknen‘
1913 622 1982 698 (l.
2038 625 2078 677 l.

520 725 579 779 p.
611 707 721 761 262
740 700 900 782 sqq'.)
923 708 992 762 de
1011 725 1111 761 asu
1131 712 1227 780 qui
1242 709 1563 779 Hieronymi
1580 709 1933 764 historiarum
1939 709 2081 781 fue-

520 799 595 847 rt'e
615 794 771 866 apud
774 799 1092 867 posterioris
1103 800 1208 848 aevi
1218 800 1517 868 scriptores.

611 904 635 929 a
673 881 1138 955 Fragmentorum
1153 883 1480 955 Hieronymi
1503 901 1679 955 quum
1696 893 1844 939 tanta
1865 885 1935 938 sit
1953 886 2072 939 exi-

524 968 651 1022 litas
668 1007 684 1036 ,
729 985 914 1040 operae
958 969 1204 1040 pretium
1242 979 1323 1023 est
1384 967 1702 1042 diligentius
1748 971 2033 1043 inquirere
2056 1012 2072 1039 ,

526 1071 663 1108 num
682 1052 828 1107 sorte
870 1055 1097 1127 vestigia
1121 1054 1375 1126 quaedam
1413 1053 1531 1125 ejus
1556 1054 1903 1128 deprehendi
1940 1074 2071 1130 pos·

411 1161 419 1167 ·
524 1140 634 1193 sint
658 1137 810 1211 apud
838 1156 933 1193 eos
949 1141 1276 1212 scriptores,
1308 1141 1406 1211 qui
1429 1139 1500 1194 de
1523 1140 1692 1195 rebus
1713 1140 1782 1194 ab
1812 1141 1933 1212 ipso
1959 1151 2075 1196 tra·

527 1224 657 1279 ditis
669 1235 797 1298 post
820 1244 949 1280 eum
967 1236 1344 1299 exposuerunt
1361 1267 1377 1295 ,
1407 1227 1557 1299 apud
1584 1227 1901 1283 Diodorum
1918 1268 1934 1294 ,
1968 1228 2076 1282 Ju-

524 1312 731 1366 stinum
752 1353 768 1379 ,
815 1313 1121 1385 Nepotem,
1166 1313 1526 1367 Plutarchum
1576 1324 1633 1368 et
1682 1315 1741 1367 in
1790 1314 2084 1386 Excerptis

530 1399 752 1454 Arriani
773 1401 858 1453 De
896 1399 1064 1454 rebus
1104 1411 1233 1472 post
1291 1398 1674 1457 Alexandrum
1718 1401 1881 1473 gestis
1922 1399 2077 1472 apud

524 1484 809 1551 Photium.
831 1487 878 1539 A
897 1486 929 1539 J
935 1487 1116 1540 ustino
1134 1527 1151 1554 ,
1176 1488 1422 1559 Nepote,
1455 1488 1512 1541 in
1539 1488 1828 1559 Excerptis
1855 1488 2076 1542 Arriani

525 1570 902 1643 Hieronymus
927 1574 1082 1627 nullo
1102 1574 1230 1628 loco
1257 1585 1625 1647 memoratur,
1653 1592 1687 1628 a
1726 1573 1985 1628 Diodoro
2022 1585 2078 1628 et

526 1674 556 1710 a
578 1657 877 1713 Plutarcho
891 1699 907 1726 ,
938 1659 1011 1714 ab
1043 1660 1151 1714 hoc
1175 1662 1233 1714 in
1254 1661 1392 1715 vitis
1414 1661 1673 1714 Eumenis
1701 1670 1756 1713 et
1774 1661 2042 1715 Demetrii
2056 1699 2073 1728 ,

524 1754 868 1800 memoratur
887 1745 1136 1817 quidem,
1157 1746 1254 1801 sed
1273 1747 1503 1814 nonita,
1524 1757 1587 1801 ut
1613 1746 1803 1800 hausta
1823 1745 2077 1818 quaedam

524 1848 593 1883 ex
643 1848 714 1884 eo
742 1849 857 1885 esse
900 1831 1208 1887 tradantur.
1249 1832 1483 1887 Nonnisi
1523 1834 1584 1885 in
1618 1831 1834 1903 Pyrrho
1873 1831 2078 1885 diserte

527 1915 781 1987 quaedam
807 1934 875 1971 ex
898 1934 967 1971 eo
984 1904 1324 1973 referuntur.
1351 1918 1627 1987 Quocirca
1649 1918 1693 1971 si
1719 1918 1882 1990 plura
1909 1918 2078 1971 exsti-

528 2003 717 2055 tissent
732 2043 747 2070 ‚
773 2004 871 2075 qui
903 2001 1139 2057 eandem
1157 2021 1287 2057 cum
1314 2004 1663 2075 Hieronymo
1685 2005 1928 2058 historiae
1943 2021 2076 2076 par-

527 2095 638 2142 tem
678 2086 874 2142 eadem
913 2087 1055 2157 fide,
1106 2090 1272 2164 copia
1315 2099 1372 2143 et
1397 2090 1630 2143 consilio
1666 2091 2073 2159 tractavissent,

527 2185 638 2228 tam
666 2174 839 2229 dubia
859 2187 1069 2245 oesent,
1102 2195 1224 2249 quae
1253 2176 1524 2249 disputari
1547 2175 1619 2232 de
1636 2178 1722 2232 his
1742 2177 1909 2231 rebus
1942 2195 2077 2250 pos-

525 2272 671 2327 sent,
736 2271 799 2315 ut
852 2262 911 2315 ln
948 2262 1196 2317 medium
1238 2281 1304 2319 ea
1349 2262 1605 2336 proferre
1648 2265 1742 2318 vix
1787 2262 2072 2318 auderem.

526 2348 774 2403 Primum
806 2360 992 2403 autem
1013 2360 1071 2403 et
1089 2350 1445 2421 paucissimos
1482 2348 1645 2404 fuisse
1672 2350 2073 2424 intelleximus,

527 2436 626 2506 qui
644 2451 870 2490 omnem
898 2437 1055 2490 istam
1076 2435 1532 2509 Diadochorum,
1580 2437 1678 2508 qui
1722 2436 2072 2506 dicebantur,

525 2520 814 2577 historiam
853 2523 1382 2596 complecterentur,
1428 2540 1615 2595 neque
1655 2541 1752 2578 eos
1776 2524 2077 2596 scriptores

527 2609 626 2679 qui
660 2610 1007 2682 Hieronymo
1026 2609 1303 2665 Cardiano
1326 2608 1397 2664 ab
1423 2610 1538 2664 ulla
1562 2622 1722 2682 parte
1743 2608 2075 2682 praeferendi

525 2712 639 2749 esse
675 2695 1025 2771 viderentur,
1061 2695 1267 2751 deinde
1310 2714 1433 2769 quae
1471 2695 1648 2751 modo
1679 2697 2077 2770 disputavimus

526 2781 599 2837 de
625 2783 843 2837 ratione
888 2783 1037 2856 ejus,
1083 2784 1231 2838 viam
1258 2794 1409 2838 certe
1435 2794 1776 2851 monstrant,
1822 2802 1934 2856 qua
1972 2802 2074 2839 ve·

525 2868 686 2941 stigia
709 2868 965 2941 quaedam
988 2868 1105 2939 ejus
1124 2868 1451 2923 indicemus.
1483 2870 1774 2943 copiosius
1789 2872 1958 2944 igitur
1978 2873 2076 2943 qui

528 2972 615 3007 res
631 2956 758 3008 istas
784 2955 1154 3023 illustrarunt,
1178 2956 1475 3010 recurrisse
1501 2956 1606 3011 hac
1638 2957 1757 3029 ipsa
1795 2957 1866 3012 de
1891 2975 2076 3013 caussa

526 3039 599 3093 ad
620 3039 877 3094 historias
908 3041 1238 3112 Hieronymi
1264 3040 1530 3095 censendi
1565 3053 1723 3112 sunt,
1754 3060 1858 3097 nec
1883 3062 2070 3111 secus,

525 3127 623 3197 qui
666 3127 755 3180 vel
790 3128 1049 3183 Eumenis
1074 3127 1445 3182 cummaxime
1484 3127 1676 3182 laudes
1710 3130 2072 3198 extollerent,

526 3212 614 3266 vel
629 3213 926 3285 Antigoni,
958 3214 1057 3285 qui
1093 3213 1358 3267 celebrati
1385 3230 1502 3286 prae
1529 3214 1725 3269 ceteris
1764 3214 1835 3269 ab
1869 3216 2076 3271 Hiero-

524 3316 693 3371 nymo
713 3299 873 3354 fuisse
896 3298 1179 3356 dicuntur.

613 3409 636 3432 κ
668 3386 752 3440 Ex
779 3386 843 3440 iis
861 3395 1047 3441 autem
1072 3388 1118 3441 si
1142 3386 1388 3459 primum
1419 3386 1805 3453 examinantur
1831 3406 1925 3456 ea,
1952 3407 2076 3461 quae

527 3471 600 3526 de
622 3472 868 3527 Eumene
900 3474 1101 3528 tradita
1128 3484 1370 3543 exstant,
1401 3472 1751 3541 Diodorum,
1777 3475 2072 3547 Nepotem,

526 3559 916 3628 Plutarchum,
942 3562 1242 3616 Arrianum
1271 3573 1379 3617 tam
1402 3562 1655 3645 apposite
1675 3563 1979 3616 narravisse
2002 3561 2074 3616 ad

524 3646 677 3699 illam
694 3647 1022 3720 Hieronymi
1042 3650 1316 3703 rationem
1347 3649 1670 3723 apparebit,
1695 3660 1759 3703 ut
1781 3659 1875 3703 aut
1901 3651 2076 3705 multa

524 3732 883 3806 desumpsisse
911 3753 978 3789 ex
999 3753 1099 3804 e0,
1130 3746 1226 3790 aut
1249 3738 1351 3790 toti
1370 3736 1487 3792 fere
1531 3734 1857 3808 pependisse
1896 3735 1968 3791 ab
2006 3755 2074 3792 eo

523 3817 839 3888 videantur,
881 3821 1157 3875 lustinum
1202 3833 1395 3879 contra
1427 3823 1564 3877 alios
1605 3822 1938 3894 plerumque
1985 3842 2091 3878 au-

524 3916 707 3961 ctoroe
731 3917 982 3961 secutum
1000 3926 1130 3965 esse.
1149 3910 1426 3982 Nepotem
1444 3910 1591 3963 enim
1622 3906 1898 3963 affirmare
1925 3921 2076 3966 certe

525 3995 655 4048 licet
675 4011 779 4048 nec
806 3993 1113 4050 abhorrere
1153 3996 1223 4049 ab
1257 3996 1474 4050 ratione
1513 3995 1875 4067 Hieronymi,
1917 4004 1974 4049 et
2016 3995 2077 4048 in

522 4082 780 4154 plurimis
817 4099 945 4135 cum
990 4082 1249 4136 Diodoro
1297 4092 1355 4137 et
1397 4081 1695 4136 Plutarcho
1739 4082 2072 4139 consentire.

527 4168 852 4222 Plutarchus
874 4186 1010 4235 sane,
1029 4168 1199 4223 habet
1227 4186 1348 4240 quae
1388 4169 1591 4222 rationi
1618 4168 1705 4222 isti
1727 4169 1910 4221 minus
1936 4186 2074 4222 con·

524 4256 748 4308 veniant
768 4293 784 4321 ,
814 4264 981 4325 atque
1029 4263 1085 4308 et
1118 4252 1391 4308 Duridem
1436 4252 1681 4309 laudavit
1728 4255 1788 4307 in
1818 4254 2076 4308 Eumenis

523 4341 635 4394 vita
650 4380 667 4409 ,
694 4350 751 4395 et
766 4340 904 4394 alios
923 4340 1150 4395 sortasse
1172 4342 1338 4395 etiam
1357 4340 1928 4413 auctoresusurpavit,
1956 4358 2075 4395 non

524 4427 600 4480 ita
638 4438 823 4480 tamen
855 4426 958 4481 hos
982 4436 1201 4482 secutus
1229 4439 1341 4493 est,
1383 4428 1523 4499 quin
1563 4429 1909 4499 Hieronymo
1946 4428 2075 4499 plus

524 4513 780 4569 tribuisse
818 4513 1097 4570 videatur.
1157 4513 1326 4585 Apud
1349 4513 1669 4568 Diodorum
1701 4514 1937 4585 reperiri
1974 4532 2075 4571 ve-

522 4602 682 4675 stigia
717 4602 1074 4673 Hieronymi,
1110 4610 1230 4656 tum
1258 4619 1290 4655 e
1317 4603 1479 4674 copia
1516 4602 1849 4675 intelligitur
1878 4611 1935 4656 et
1975 4620 2071 4656 co-

525 4690 647 4743 lore
674 4688 1027 4761 narrationis,
1050 4699 1168 4742 tum
1196 4706 1227 4742 e
1246 4706 1515 4743 consensu
1542 4690 1639 4761 qui
1666 4689 2000 4761 plerumque
2021 4689 2071 4744 ei

525 4794 655 4830 cum
681 4776 981 4829 Plutarcho
1007 4788 1103 4831 est.
1139 4776 1315 4830 Simili
1346 4787 1530 4831 autem
1569 4774 1744 4830 modo
1780 4776 1933 4848 apud
1961 4779 2071 4830 Ar-

522 4865 745 4917 rianum
777 4872 992 4917 exstant
1031 4880 1152 4934 quae
1193 4873 1428 4935 propter
1472 4856 1892 4937 congruentiam
1916 4881 2069 4917 suam

526 4967 655 5004 rum
682 4949 776 5015 iis,
806 4967 928 5021 quae
952 4967 984 5004 a
1012 4950 1240 5020 reliquis
1261 4948 1577 5016 traduntur,
1601 4949 1673 5003 ad
1698 4948 1938 5004 eundem
1969 4968 2074 5005 nos

523 5053 815 5090 recurrere
832 5035 1043 5090 fontem
1066 5034 1283 5106 jubent.
1321 5037 1652 5109 Diligentius
1671 5054 1808 5090 vero
1824 5037 2072 5109 singula-

523 5138 649 5177 rum
677 5139 864 5175 rerum
893 5138 1123 5176 examen
1139 5123 1444 5177 accuratius
1461 5124 1624 5177 etiam
1643 5123 1752 5177 hoc
1784 5122 2029 5176 docebit.

608 5231 631 5261 a
652 5209 735 5265 De
741 5205 1032 5285 juventute
1056 5205 1311 5262 Eumenis
1329 5219 1384 5262 et
1406 5207 1481 5265 de>
1496 5207 1618 5265 fatis
1638 5206 1896 5282 ejusante
1919 5226 2077 5269 mor-

1710 490 2143 551 HlERONYMl
2186 492 2556 553 CARDIANI

2173 635 2285 680 tem
2309 625 2611 681 Alexandri
2651 626 2727 680 M.
2752 636 2958 698 praeter
2974 626 3250 698 Nepotem
3278 635 3337 680 et
3357 612 3726 681 Pltstarchum

2169 730 2336 767 nemo
2358 711 2474 767 fere
2497 723 2578 767 est
2594 713 2694 786 qui
2722 699 3030 769 trailiderit.
3058 716 3182 768 Iam
3205 715 3251 768 si
3274 714 3348 768 de
3371 732 3594 787 genere
3610 734 3726 786 qm

2168 800 2424 855 seruntur
2441 802 2731 873 Eumenis,
2759 802 2905 856 inter
2928 819 2986 856 se
3017 813 3438 874 comparantur,
3469 821 3609 874 quae
3633 803 3729 856 ho·

2167 888 2585 949 norificentiora
2621 900 2751 943 sunt
2772 890 3038 958 Eumeni,
3067 889 3264 944 eadem
3298 890 3468 943 etiam
3505 892 3728 943 terion

2167 994 2281 1032 esse
2318 987 2570 1050 apparet.
2599 976 2686 1031 Ita
2709 978 2858 1030 enim
2880 975 3212 1031 Plutarchus
3235 994 3285 1030 c.
3320 994 3343 1030 1
3389 994 3408 1028 ε
3433 973 3662 1048 Εὐμένη
3679 974 3728 1031 δὲ

2166 1058 2253 1117 τὸν
2299 1058 2588 1139 Καρδιανὸν
2615 1060 2812 1138 ἱστορεῖ
2845 1064 3031 1138 Δοῦρις
3066 1060 3165 1136 (fr.
3209 1061 3246 1116 6
3273 1061 3374 1116 ubi
3411 1062 3592 1135 vide)
3621 1064 3728 1117 κτλ.

2165 1151 2300 1203 Mox
2322 1159 2507 1203 autem
2533 1149 2789 1204 τΔοκοῧσι
2808 1146 2854 1202 δ’
2876 1144 3048 1203 εἰκότα
3065 1145 3232 1223 λέγειν
3253 1146 3454 1221 μᾶλλον
3473 1150 3531 1203 οἱ
3553 1146 3644 1203 διὰ
3659 1147 3728 1214 ξε-

2167 1232 2278 1289 νίαν
2301 1234 2388 1292 καὶ
2413 1231 2586 1312 φιλίαν
2613 1230 2865 1310 πατρῴαν
2888 1231 2976 1289 τὸν
3009 1230 3221 1305 Εὐμένη
3250 1230 3484 1307 λέγοντες
3513 1232 3624 1289 ὑπὸ
3648 1238 3731 1290 τοῦ

2168 1319 2441 1378 Φιλίππου
2469 1321 2816 1396 προαχθῆναι.
2863 1322 2963 1375 His
2996 1322 3164 1393 plane
3198 1321 3566 1376 consentiunt
3612 1341 3730 1394 qua

2167 1403 2360 1482 (Eum.
2391 1426 2442 1460 c.
2480 1404 2547 1479 3)
2578 1404 2649 1460 de
2679 1407 2978 1459 inimicitiis
3005 1407 3152 1460 inter
3186 1408 3497 1461 Eumenem
3531 1406 3728 1482 (nohi-

2167 1492 2307 1547 liore
2359 1493 2530 1566 igitur
2560 1493 2687 1546 loco
2717 1492 2937 1566 natum)
2969 1503 3025 1547 et
3063 1494 3384 1547 Hecataeum
3415 1493 3725 1548 Cardianu-

2165 1598 2292 1634 rum
2331 1591 2627 1653 tyrannum
2657 1576 2974 1634 traduntur.
3003 1567 3111 1636 ιἮν
3139 1575 3240 1656 γὰρ
3283 1578 3459 1642 αὐτοῖς
3494 1580 3726 1657 πατρική

2164 1686 2240 1729 τις
2262 1665 2320 1720 ἐκ
2341 1665 2618 1721 πολιτικῶν
2650 1664 2905 1742 διαφορῶν
2939 1662 3137 1742 ὑποψία
3165 1661 3292 1741 πρὸς
3337 1663 3633 1733 ἀλλήλους,
3673 1680 3726 1722 et

2165 1753 2337 1807 verba
2354 1754 2586 1827 Nepotis
2610 1770 2626 1806 ι
2665 1753 2788 1806 Etsi
2828 1753 2926 1806 ille
2953 1753 3249 1807 domestico
3285 1771 3502 1806 summo
3527 1771 3726 1824 genere

2165 1843 2309 1896 erae,
2347 1842 2532 1885 tamen
2565 1830 2900 1885 Macedones
2922 1849 3043 1884 eum
3078 1828 3191 1883 sibi
3221 1832 3535 1903 aliquando
3565 1844 3724 1887 ana·-

2159 1921 2298 1988 poni
2320 1916 2550 1989 indigne
2568 1913 2844 1983 ferebant.
2871 1917 3067 1988 Itaque
3095 1934 3217 1987 quae
3237 1917 3554 1969 Eumenem
3582 1918 3722 1971 alio-

2165 2003 2303 2073 quin
2351 2002 2791 2075 persequebatur
2831 2003 3041 2057 invidia
3079 2001 3487 2069 Macedonum,
3543 2005 3726 2058 fecisse

2165 2089 2332 2143 etiam
2359 2088 2680 2157 videtur,ut
2699 2091 2890 2162 generi
2918 2089 3035 2159 ejus
3061 2089 3152 2142 illa
3179 2088 3358 2153 labes,
3379 2090 3428 2142 si
3455 2107 3574 2159 qua
3605 2090 3723 2153 fuit,

2166 2174 2614 2249 adspergeretur.
2660 2176 2954 2231 Contraria
2989 2174 3276 2230 tradidiffie
3315 2176 3726 2247 Hieronymum

2165 2272 2380 2317 certum
2405 2274 2577 2335 puto;
2602 2264 2819 2316 nonita
2852 2272 3067 2316 certum
3089 2279 3247 2329 sane,
3279 2260 3546 2317 debuisse
3571 2280 3642 2317 ex
3660 2282 3726 2317 eo

2165 2367 2350 2421 neque
2370 2350 2616 2422 potuisse
2636 2367 2706 2403 ex
2733 2350 2852 2404 alio
2869 2347 3024 2402 fonte
3054 2348 3151 2401 illa
3177 2346 3413 2419 quidem
3439 2347 3601 2418 apud
3619 2349 3719 2403 Ne-

2164 2445 2357 2508 potem
2383 2446 2439 2490 et
2455 2432 2818 2491 Plutarchum
2830 2435 3041 2507 repeti,
3070 2432 3371 2506 probabile
3395 2443 3588 2487 tamen
3617 2452 3726 2489 ense

2166 2520 2570 2595 Hieronymum
2593 2522 2942 2596 potissimum
2967 2520 3221 2592 respiciat
3242 2518 3552 2573 Plutarcho
3581 2520 3725 2574 inter

2165 2627 2260 2664 eos
2273 2649 2290 2679 ,
2329 2612 2427 2683 qui
2455 2608 2686 2665 Duridis
2725 2617 3094 2681 opponuntur
3129 2605 3453 2660 auctoritati
3470 2646 3487 2670 ,
3523 2623 3726 2674 nemo,

2163 2708 2304 2768 puto
2326 2737 2342 2764 ,
2412 2695 2614 2751 infitias
2659 2696 2842 2750 iverit.
2880 2694 2970 2749 Sic
3011 2692 3240 2748 sortasse
3265 2691 3423 2764 apud
3451 2694 3725 2765 Nepotem

2166 2784 2330 2838 etiam
2354 2802 2479 2856 quae
2507 2792 2841 2856 sequuntur,
2863 2779 2938 2835 ad
2964 2781 3378 2851 Hieronymum
3406 2780 3726 2835 revooenda

2163 2881 2293 2924 sunt
2316 2889 2331 2927 τ
2363 2874 2470 2925 Hic
2485 2869 3032 2944 peradulescentulus
3068 2868 3150 2921 ad
3169 2865 3478 2919 amicitiam
3506 2874 3730 2921 accessit

2165 2958 2421 3031 Philippi
2447 2960 2704 3025 Amyntoe
2727 2966 2836 3011 etc.
2858 2972 3032 3026 usque
3052 2953 3127 3009 ad
3151 2958 3397 3007 omnium
3419 2972 3606 3007 rerum
3627 2954 3725 3008 Iza-

2174 3045 2316 3099 bitus
2345 3057 2427 3099 est
2461 3049 2765 3118 particeps.
2803 3043 2986 3096 Minus
3008 3040 3353 3095 conveniunt
3379 3041 3726 3113 Hieronymo

2167 3146 2289 3203 quae
2317 3131 2388 3187 de
2416 3132 2643 3186 avaritia
2663 3127 2987 3204 produntur
3013 3127 3277 3182 Eumenis
3312 3144 3346 3181 a
3389 3127 3724 3193 Plutarcho,

2166 3229 2222 3273 et
2275 3218 2348 3274 de
2374 3218 2596 3272 vafritia
2613 3257 2630 3286 ,
2682 3234 2793 3289 qua
2843 3226 2973 3288 post
3014 3225 3251 3268 mortem
3285 3213 3722 3285 Hephaestionis,

2166 3323 2336 3376 quem
2369 3304 2746 3360 adversarium
2766 3301 3042 3356 habuerat
3057 3342 3075 3373 ,
3103 3299 3412 3355 Alexandri
3454 3301 3602 3355 iram
3627 3300 3723 3355 dc·-

2165 3390 2369 3465 fugerit
2388 3393 2582 3465 (Eum.
2605 3409 2656 3445 c.
2681 3407 2714 3444 a
2745 3406 2761 3445 ς
2791 3388 2820 3442 ὁ
2842 3384 2898 3442 δὲ
2918 3390 3205 3462 πανοῦργος
3225 3381 3298 3441 ὧν
3328 3385 3446 3442 κτλ.
3467 3386 3510 3459 ).

2247 3499 2271 3524 α
2293 3476 2405 3532 Sed
2427 3478 2740 3531 universam
2776 3475 3152 3547 Hieronymus
3179 3471 3493 3529 Alexandri
3511 3490 3722 3528 sicces-

2163 3581 2356 3619 sorum
2391 3563 2682 3618 historiam
2718 3558 3038 3616 tradiderat.
3062 3558 3231 3630 Cujus
3261 3561 3453 3632 operis
3494 3560 3718 3615 consilio

2164 3661 2277 3707 tam
2292 3651 2716 3706 convenientem
2734 3647 3069 3720 judicamus,
3094 3664 3215 3718 quae
3232 3645 3388 3718 apud
3409 3647 3720 3701 Diodorum

2167 3734 2419 3814 (XVIII,
2456 3734 2524 3811 5)
2563 3746 2645 3790 est
2665 3734 2924 3805 subjectae
2966 3735 3037 3789 ab
3076 3732 3405 3789 Alexandro
3445 3734 3590 3788 Asiae
3625 3733 3720 3787 de·

2163 3823 2393 3896 scriptio
2411 3833 2516 3890 „ut
2537 3820 2825 3878 Diodorus
2861 3821 3055 3889 nobis,
3086 3837 3266 3891 quum
3291 3822 3588 3892 praeterire
3615 3839 3718 3893 po-

2164 3911 2380 3977 tuisset,
2410 3910 2555 3963 hanc
2589 3910 2768 3982 ipsam
2799 3908 2874 3962 ob
2919 3925 3196 3975 caussam,
3232 3906 3397 3979 quod
3427 3907 3579 3981 apud
3625 3924 3718 3961 au-

2165 4006 2379 4050 ctorem
2418 4013 2580 4049 suum
2607 3994 2935 4062 invenisset,
2980 3993 3234 4048 invidere
3269 4011 3398 4048 eam
3429 3993 3720 4048 lectoribus

2161 4086 2272 4138 suis
2297 4085 2537 4138 noluisse
2562 4082 2836 4148 videatur.
2892 4084 2987 4137 Est
3013 4091 3198 4136 autem
3222 4081 3484 4153 inprimis
3509 4080 3716 4133 initium

2161 4170 2308 4224 illius
2338 4170 2754 4243 descriptionis,
2788 4167 2943 4223 unde
2975 4167 3086 4222 hoc
3108 4168 3268 4241 argui
3295 4169 3515 4239 possit:
3547 4164 3716 4238 nysi:

2164 4252 2216 4311 δὲ
2235 4276 2362 4332 προς
2381 4253 2473 4319 τὰς
2497 4250 2786 4329 μελλούσας
2804 4251 3118 4331 ἱστορεῖσθαι
3137 4249 3352 4328 πράξεις
3379 4252 3566 4308 οἰκεῖον
3595 4240 3714 4307 εἶναι

2161 4339 2432 4416 νομίζομεν
2459 4340 2678 4397 ἐκθεῖναι
2700 4338 2946 4419 πρότερον
2971 4337 3062 4403 τάς
3088 4359 3144 4394 τε
3167 4336 3340 4402 αἰτίας
3361 4360 3458 4407 της
3491 4336 3710 4394 ἀποστά-

2162 4448 2289 4492 σεως
2322 4425 2412 4484 καὶ
2446 4423 2571 4497 ὅλης
2603 4430 2696 4496 τῆς
2735 4425 2905 4491 'Ache
2941 4422 3035 4495 τὴν
3077 4422 3214 4481 θέσιν
3253 4422 3346 4481 καὶ
3383 4426 3488 4480 τῶν
3529 4445 3714 4500 caepa·

2161 4517 2320 4570 πειῶν
2341 4512 2406 4569 τὰ
2433 4512 2623 4591 μεγέθη
2647 4511 2848 4578 καὶτὰς
2871 4511 3148 4580 ἰδιότητας.
3181 4509 3342 4570 Οὕτω
3363 4509 3467 4587 γὰρ
3493 4509 3706 4585 μάλιστα

2161 4597 2668 4677 εὐπαρακολούθητος
2719 4606 2824 4664 τοῖς
2885 4594 3328 4671 ἀναγινώσκουσιν
3383 4601 3420 4665 ἡ
3479 4595 3706 4669 διηγησις

2160 4682 2326 4756 ἔσται,
2341 4683 2442 4763 πρὸ
2461 4686 2739 4763 ὀφθαλμῶν
2767 4681 2999 4753 τεθείσης
3015 4685 3107 4751 τῆς
3152 4680 3278 4751 ὅλης
3301 4680 3602 4745 τοποθεσίας
3619 4677 3701 4737 καὶ

2159 4774 2261 4828 τῶν
2289 4768 2674 4847 διαστημάτων.
2700 4768 2826 4830 Ἀπὸ
2848 4768 3017 4827 τοίνυν
3042 4775 3132 4826 τοῦ
3155 4766 3292 4825 aar&
3311 4766 3551 4827 Κιλικίαν
3573 4762 3702 4826 Tm?-

2194 4879 2251 4914 ου
2269 4858 2382 4917 κτλ.

2162 4880 2190 4937 ρ
2208 4944 2411 5000 «Aliud
2443 4946 2773 5019 Hieronymi
2803 4945 2976 5018 idque
3021 4946 3148 4998 satis
3170 4952 3384 4998 certum
3431 4942 3698 5014 vestigium

2160 5031 2313 5106 apud
2335 5031 2655 5087 Diodorum
2681 5030 3126 5104 deprehenditur
3151 5031 3374 5097 XVIII,
3429 5028 3537 5081 16:
3565 5023 3692 5096 Ἅμα

2162 5118 2217 5174 δὲ
2243 5115 2436 5181 τούτοις
2459 5115 2887 5226 προταττομένοις
2937 5113 3229 5192 Περδικκας
3260 5128 3366 5170 etc.
3425 5130 3594 5186 usque
3625 5109 3688 5164 ad

2164 5202 2398 5281 καθάπερ
2414 5202 2519 5270 ἐξ’
2490 5208 2654 5282 αρχῆς
2685 5194 2748 5273 ἦν
2768 5201 3160 5281 μεμερισμένος
3186 5204 3288 5261 Cui
3309 5205 3434 5257 loco
3451 5203 3490 5254 si
3515 5198 3690 5254 eonse-
