3900 6042
478 443 581 484 xw

470 553 668 623 ἐπέστη
697 551 817 630 περὶ
840 554 932 620 τῆς
970 548 1234 627 βασιλείας
1257 550 1503 619 κίνδυνος,
1533 547 1619 607 διὰ
1644 547 1740 619 τὴν
1764 547 1892 629 πρὸς
1923 550 2024 606 αὖ·

469 641 558 698 τὸν
588 638 985 719 ἀλλοτριότητα.
1069 640 1192 697 Τῶν
1227 636 1328 714 γὰρ
1371 636 1695 716 μισθοφόρων
1721 637 1800 703 τὶς
1829 636 2026 716 Ἀνδρί-

470 749 593 791 σκος
611 724 792 801 ὄνομα,
807 722 902 794 τήν
925 747 981 781 τε
1004 725 1066 801 (ι)
1087 722 1202 801 ὄψιν
1224 724 1312 780 καὶ
1334 723 1430 792 τὴν
1455 723 1660 791 ἡλικίαν
1684 722 1867 795 ὁμοίαν
1893 722 2028 800 ἔχων

471 813 730 891 Φιλίππῳ
769 816 843 889 τῷ
889 809 1130 888 Περσέως
1158 813 1285 890 υἱῷ,
1330 809 1390 866 τὸ
1432 808 1526 886 μὲν
1557 813 1762 889 πρῶτον
1789 808 1888 867 ὑπὸ
1926 813 2028 867 τῶν

472 900 747 977 γνωρίμων
785 897 1082 957 ἐσκώπτετο
1098 943 1116 972 ‚
1147 897 1237 954 καὶ
1272 896 1511 976 Περσέως
1538 897 1646 962 υἱὸς
1683 897 1997 954 ἀπεκαλεῖτο
2013 919 2029 933 ·

472 987 606 1065 ταχὺ
637 986 688 1045 δὲ
717 985 862 1063 παρὰ
890 993 995 1051 τοῖς
1024 985 1232 1048 πολλοῖς
1258 987 1285 1040 ὁ
1322 982 1470 1058 λόγος
1505 983 1798 1052 ἐπιστεύθη.
1835 986 1885 1042 Τ
1887 988 1944 1040 ου’
1976 980 2030 1041 δὶ

470 1072 770 1151 Ἀνδρίσκου
796 1072 929 1129 κατὰ
955 1073 1049 1142 τὴν
1075 1072 1177 1127 τῶν
1203 1070 1409 1126 πολλῶν
1430 1067 1610 1149 φήμην
1632 1067 2030 1145 ἀποτολμήσαν-

475 1182 585 1229 τος,
622 1160 710 1216 καὶ
744 1158 817 1234 μὴ
861 1157 1017 1233 μόνον
1058 1155 1239 1214 ἑαυτὸν
1283 1154 1525 1233 Περσέως
1572 1154 1856 1234 φάσκοντος
1901 1155 2029 1227 υἱὸν,

473 1246 611 1303 ἀλλὰ
640 1245 730 1303 καὶ
757 1244 996 1313 πλαστὴν
1024 1242 1221 1320 γε’νεσιν
1249 1240 1341 1298 καὶ
1366 1239 1560 1321 τροφὴν
1586 1241 2025 1319 ἀποφαινομένου,

473 1332 563 1390 καὶ
590 1332 722 1408 μετὰ
746 1332 905 1410 ὄχλου
923 1329 1289 1409 προσελθόντος
1306 1331 1382 1408 τῷ
1404 1326 1692 1406 Δημητρίῳ
1710 1374 1727 1404 ,
1750 1327 1840 1385 καὶ
1862 1351 2030 1407 παρα-

472 1421 751 1486 καλοῦντος
791 1418 944 1476 αὐτὸν
978 1417 1293 1494 καταγαγεῖν
1333 1417 1404 1481 εἷς
1446 1414 1779 1474 Μακεδονίαν
1807 1414 1893 1472 ἐπὶ
1934 1414 2030 1485 τὴν

474 1505 726 1586 πατρῴαν
755 1504 1022 1583 βασιλείαν
1040 1552 1057 1576 ‚
1083 1503 1143 1560 τὸ
1172 1501 1266 1578 μὲν
1288 1504 1493 1580 πρῶτον
1513 1504 1542 1559 ὁ
1560 1500 1859 1579 Δημήτριος
1876 1500 2029 1579 ἔσχεν

473 1598 545 1659 ὡς
562 1593 681 1672 περὶ
705 1592 861 1669 μόνου
877 1594 1062 1669 (2),τοῧ
1085 1589 1137 1648 δὲ
1156 1589 1380 1659 πλήθους
1400 1587 1768 1668 ἀθροισθέντος,
1792 1587 1883 1646 καὶ
1900 1589 2031 1645 πολ-

474 1683 578 1739 λῶν
608 1679 862 1755 λεγόντων
892 1679 994 1736 δεῖν
1024 1676 1058 1748 ἢ
1081 1676 1325 1753 κατάγειν
1352 1674 1437 1733 τὸν
1465 1673 1758 1753 Ἀνδρίσκον
1786 1673 1820 1744 ἢ
1854 1697 2029 1755 παρα-

473 1771 663 1846 χωρεῖν
687 1771 778 1838 τῆς
801 1768 967 1845 ἀρχῆς
989 1764 1077 1823 τὸν
1096 1763 1415 1842 Δημήτριον,
1438 1764 1483 1820 εἶ
1508 1761 1641 1837 μήτε
1664 1760 1877 1819 δύναται
1899 1761 2031 1837 μήτε

478 1854 718 1932 βούλεται
748 1852 1057 1932 βασιλεύειν,
1079 1851 1319 1931 φοὸηθεὶς
1343 1849 1439 1941 χτὴν
1461 1851 1564 1906 τῶν
1593 1847 1765 1926 ὄχλων
1787 1846 2029 1920 ὀξύτητα,

475 1941 653 2009 νυκτὸς
671 1940 921 1999 συνέλαὸε
940 1938 1028 1997 τὸν
1053 1939 1363 2017 Ἀνδρίσκον,
1383 1936 1472 1995 καὶ
1497 1938 1829 2015 παραχρῆμα
1848 1938 1921 2001 εἷς
1937 1935 2032 2006 τὴν

477 2027 695 2105 Ῥώμην
725 2026 1021 2097 ἀπέστειλε,
1049 2027 1317 2104 διασαφῶν
1349 2022 1415 2082 τὰ
1443 2020 1699 2101 λεγόμενα
1726 2020 1849 2100 περὶ
1871 2024 2034 2080 αὐτοῦ

477 2119 543 2193 τῇ
575 2114 870 2194 συγκλήτῳ.

562 2200 695 2280 Περὶ
723 2200 879 2257 αὐτοῦ
909 2198 1066 2256 πάλιν
1093 2196 1262 2262 ἄλλως
1285 2201 1319 2266 ἡ
1350 2194 1584 2274 διήγησις
1604 2192 1697 2273 (a).
1731 2193 2037 2274 Δημητρίου

475 2292 566 2346 τοῦ
602 2284 856 2365 βασιλέως
892 2284 1293 2364 ἀναπέμψαντος
1313 2287 1384 2350 εἷς
1404 2285 1498 2353 τὴν
1529 2282 1747 2358 Ῥώμην
1762 2282 2035 2341 ’νεανίσκον

476 2375 593 2433 τινὰ
622 2378 692 2439 ὣς
713 2372 959 2452 Περσέως
979 2372 1108 2444 υἱὸν,
1132 2371 1297 2444 ὄνομα
1316 2371 1631 2451 Ἀνδρίσκον,
1649 2376 1828 2428 τοῦτον
1849 2374 1882 2440 ἡ
1908 2369 2037 2447 σύγ-

476 2464 666 2532 κλητος
693 2464 853 2519 οἰκεῖν
886 2459 1203 2540 προσέταξεν
1233 2458 1288 2517 ἔν
1322 2481 1420 2517 τινι
1447 2458 1597 2516 πόλει
1637 2460 1739 2515 τῶν
1766 2456 1904 2515 κατὰ
1940 2458 2036 2528 τὴν

478 2548 732 2610 Ἰταλίαν.
817 2546 887 2606 ‘O
916 2547 970 2605 δὲ
998 2546 1130 2623 μετά
1157 2569 1271 2604 τινα
1299 2546 1483 2625 χρόνον
1508 2544 1718 2626 διαδρὰς
1746 2546 1943 2623 ἀπῆρεν
1967 2547 2037 2610 εἷς

477 2633 738 2706 Μίλητον.
825 2630 920 2693 Ἐν
947 2633 1111 2712 ταύτῃ
1137 2632 1191 2691 δὲ
1215 2632 1493 2713 διατρίὸων
1526 2633 1790 2711 λογοποιεῖ
1818 2632 1880 2710 (4)
1916 2632 2038 2712 περὶ

477 2724 688 2793 ἑαυτοῦ,
709 2719 957 2801 Περσέως
984 2720 1163 2778 ἑαυτὸν
1193 2721 1600 2798 ἀποφαινόμενος
1627 2719 1879 2799 ὑπάρχειν
1902 2718 2032 2780 υἱόν.

480 2810 625 2889 Ἔφη
652 2809 705 2866 δὲ
730 2808 883 2866 αὐτὸν
903 2806 1083 2877 νήπιον
1104 2808 1227 2865 ὄντα
1254 2808 1489 2866 δεδόσθαι
1513 2832 1588 2886 τῳ
1616 2808 1786 2887 Κρητὶ
1817 2808 1880 2883 (a)
1910 2804 2040 2884 πρὸς

479 2892 796 2976 ἀνατροφὴν,
824 2893 923 2952 ὑπὸ
951 2893 1005 2952 δὲ
1037 2900 1125 2952 τοῦ
1160 2892 1362 2972 Κρητὸς
1390 2898 1532 2974 αὐτῷ
1570 2893 1856 2952 πινακίδιον
1884 2916 2039 2950 κατε-

479 2982 858 3062 σφραγισμένον
893 2980 1261 3051 ἀναδεδόσθαι,
1296 2980 1364 3039 δι’
1395 2972 1454 3040 οὗ
1488 2980 1574 3039 τὸν
1610 2980 1818 3061 Περσέα
1849 2982 2037 3038 διασα-

479 3079 589 3150 ερεῑν
620 3072 684 3146 (e)
715 3070 859 3148 αὐτῷ
892 3068 1175 3147 θησαυροὺς
1204 3059 1336 3125 εἶναι
1360 3068 1624 3144 κειμένους
1657 3067 1792 3126 δύω·
1820 3066 1908 3126 τὸν
1939 3068 2034 3144 μὲν

477 3155 567 3213 ἕνα
592 3158 647 3212 ἐν
696 3155 1004 3234 Ἀμφιπόλει
1043 3155 1277 3230 κείμενον
1311 3155 1412 3213 ὑπὸ
1450 3154 1545 3226 τὴν
1573 3156 1688 3214 ὁδὸν
1720 3157 1939 3233 ὀργυιῶν
1977 3154 2037 3213 τὸ

480 3242 634 3321 βάθος
655 3241 780 3300 ὄντα
807 3242 863 3319 ι’,
891 3241 1149 3320 ἔχονταδὶ
1170 3242 1414 3320 ἀργυρίου
1440 3241 1674 3300 τάλαντα
1705 3241 1845 3320 ρ4η’·
1868 3242 1956 3300 τὸν
1984 3242 2039 3299 δὲ

478 3328 651 3410 ἕτερον
679 3332 733 3387 ἐν
764 3328 1126 3406 Θεσσαλονίκῃ
1148 3372 1166 3404 ,
1189 3329 1458 3386 τάλαντων
1480 3328 1554 3404 ο’,
1590 3328 1726 3387 κατὰ
1751 3327 1916 3405 μέσην
1944 3328 2040 3398 τὴν

480 3418 688 3494 ἐξέδραν
714 3416 807 3487 τὴν
836 3419 890 3475 ἐν
908 3420 986 3496 τῷ
1013 3415 1308 3495 περιστύλῳ
1339 3415 1475 3474 κατὰ
1500 3415 1595 3486 τὴν
1624 3416 1808 3486 αὐλήν.
1898 3418 2041 3475 Πολ-

480 3508 583 3561 λῶν
610 3504 664 3561 δὲ
689 3506 829 3583 αὐτῷ
862 3503 1243 3583 προσεχόντων,
1259 3495 1411 3574 ἦλθεν
1442 3508 1471 3561 ὁ
1500 3504 1648 3581 λόγος
1675 3504 1762 3562 ἐπὶ
1793 3503 1912 3571 τοὺς
1940 3503 2038 3583 ἄρ-

481 3614 669 3671 χοντας
690 3594 791 3649 τῶν
824 3591 1122 3663 Μιλησίων,
1153 3589 1202 3649 οἳ
1230 3589 1572 3657 συλλαὸόντες
1597 3590 1750 3649 αὐτὸν
1781 3592 1853 3657 εἷς
1876 3593 2040 3670 φυλα-

483 3677 580 3748 κὴν
609 3674 876 3737 ἀπέθεντο.
963 3676 1071 3736 Καί
1114 3700 1266 3734 τινων
1305 3675 1575 3754 πρέσὸεων
1612 3675 2040 3755 παρεπιδημούν-

1260 420 1358 478 Ex
1399 418 1557 478 ΤΗΣ
1598 418 1961 477 1ΣΤοΡιΑΣ
2002 418 2382 479 aloanpor
2427 405 2926 479 ΣιΚΕΛΙΩΤΟΥ.

2121 557 2361 607 Demetrio
2400 556 2598 606 exstitit.
2664 556 2855 627 Etenim
2888 557 3011 605 inter
3055 557 3375 606 mercenarios
3426 557 3687 607 Andriscus

2119 660 2342 724 quidam,
2373 661 2600 723 quoniam
2634 661 2802 709 t'ormm
2832 659 3037 722 speciem
3062 662 3112 710 et
3134 663 3325 709 oetatem
3353 661 3553 710 eandem
3589 662 3686 711 tere

2118 768 2324 817 habebat
2345 780 2456 816 cum
2482 766 2700 829 Phiiippo
2722 766 2877 816 Persei
2897 766 3024 827 filio,
3045 766 3256 829 primum
3273 767 3471 829 quidem
3494 779 3525 816 a
3551 766 3684 817 soda-

2120 873 2243 923 libus
2273 871 2372 933 ioci
2393 883 2536 919 cansa
2565 869 2692 920 filius
2720 869 2877 920 Persei
2893 869 3241 932 appellabatur,
3261 883 3371 919 mox
3390 882 3506 919 vero
3543 869 3686 919 tidem

2121 976 2278 1025 verbis
2300 973 2559 1024 multitudo
2581 973 2847 1023 tribuebat.
2914 976 2976 1024 st
2993 973 3256 1025 Andriscus
3273 987 3302 1023 e
3323 975 3451 1023 tama
3469 974 3686 1037 populari

2119 1093 2313 1130 sumens
2328 1079 2575 1128 audaciam
2590 1115 2605 1140 ‚
2632 1090 2731 1127 non
2754 1078 2900 1128 modo
2925 1078 3116 1128 dicebat
3133 1091 3185 1128 se
3215 1079 3371 1128 Persei
3405 1078 3585 1139 tilium,
3603 1078 3686 1128 sed

2121 1185 2263 1233 etiam
2287 1182 2450 1232 fictam
2475 1181 2709 1232 natalium
2729 1183 2778 1231 et
2796 1180 3094 1233 educationis
3114 1182 3360 1231 historiam
3387 1167 3684 1241 venditabat,

2121 1300 2178 1335 ac
2197 1286 2391 1336 tandem
2414 1286 2550 1349 plebe
2575 1287 2779 1349 stipatus
2813 1286 2876 1336 ad
2908 1286 3208 1335 Demetrium
3244 1284 3447 1346 accedit,
3480 1299 3688 1347 eumque

2121 1390 2341 1439 hortatur
2365 1391 2422 1438 nt
2460 1389 2510 1439 in
2545 1402 2744 1451 regnum
2771 1390 3028 1452 paternum
3057 1402 3111 1439 se
3133 1388 3350 1439 reducat.
3417 1389 3689 1439 Demetrius

2123 1492 2329 1554 primum
2348 1491 2543 1553 quidem
2561 1491 2630 1540 ita
2645 1491 2742 1553 egit
2773 1491 2912 1553 quasi
2930 1504 3044 1540 cum
3060 1491 3164 1540 solo
3182 1490 3414 1540 Andrisco
3435 1492 3583 1552 (cum
3599 1493 3687 1539 in·

2123 1592 2282 1653 sano)
2297 1591 2388 1641 sibi
2409 1604 2486 1640 res
2506 1593 2661 1653 esset3
2682 1593 2734 1640 at
2754 1593 3069 1641 concur-sante
3091 1589 3402 1640 annititudine
3419 1602 3508 1638 aec
3525 1587 3691 1651 paucis

2122 1690 2455 1742 dictitantibus
2475 1689 2651 1740 debere
2676 1689 2972 1740 Demetrium
3004 1692 3090 1738 ant
3118 1687 3346 1737 reducere
3373 1689 3689 1745 Andriscum,

2124 1796 2209 1844 aut
2230 1806 2375 1856 regno
2394 1806 2447 1843 se
2476 1790 2698 1841 abdicare
2714 1828 2729 1852 ‚
2753 1790 2988 1853 siquidem
3010 1803 3166 1852 neque
3189 1778 3508 1852 relictaeque
3532 1792 3693 1852 posset

2126 1908 2320 1958 regnare
2342 1914 2354 1944 z
2379 1895 2556 1943 timens
2569 1893 2718 1956 plebis
2738 1893 3174 1956 exasperationem,
3202 1894 3347 1941 noctu
3374 1892 3693 1953 comprehen-

2128 2012 2236 2048 sum
2266 1997 2552 2049 Andriscum
2586 1999 2790 2046 Romam
2830 2008 3033 2059 propere
3064 1995 3304 2059 ablegavit
3325 1997 3376 2045 et
3399 2009 3512 2058 quae
3536 1996 3601 2046 de
3633 2009 3696 2046 eo

2126 2090 2548 2152 circumferrentur
2559 2101 2746 2150 senatui
2764 2099 3004 2162 exposuit.

2189 2203 2273 2250 Est
2304 2200 2450 2249 etiam
2480 2199 2649 2249 aliade
2678 2212 2738 2247 eo
2780 2199 3006 2247 narratio.
3073 2201 3345 2248 Demetrius
3379 2211 3496 2258 rex,
3530 2199 3693 2259 aiunt,

2127 2306 2329 2353 Romam
2353 2301 2482 2351 misit
2496 2301 2722 2362 juvenem
2740 2300 3003 2363 quendam,
3024 2300 3176 2364 quise
3195 2300 3348 2351 Persei
3369 2300 3520 2349 filium
3550 2299 3687 2349 dice-

2127 2407 2227 2467 bat,
2248 2404 2535 2455 Andriscum
2559 2405 2770 2453 nomine.
2845 2405 2968 2453 liuic
2998 2406 3190 2452 senatus
3213 2402 3261 2451 in
3286 2402 3406 2451 urbe
3431 2403 3581 2451 ltaliae
3609 2403 3693 2452 ha-

2126 2507 2406 2558 bitationem
2425 2506 2695 2567 assignavit.
2763 2505 2858 2555 Sed
2884 2505 3144 2555 Andriscus
3173 2504 3420 2567 aliquanto
3444 2507 3550 2567 post
3583 2505 3698 2556 inde

2127 2610 2398 2674 profugiens
2439 2610 2658 2659 Miletum
2698 2608 2940 2671 profectus
2978 2608 3069 2656 est.
3136 2606 3208 2656 lbi
3254 2606 3432 2668 degens
3478 2608 3696 2657 fabulam

2130 2711 2295 2772 tinxit,
2315 2722 2413 2773 qua
2434 2723 2486 2759 ae
2510 2709 2668 2759 Persei
2694 2708 2849 2758 tilium
2870 2707 3234 2758 demonstraret.
3301 2709 3536 2759 tutantem
3555 2724 3610 2760 ae
3627 2711 3697 2760 di·

2127 2815 2267 2864 cebat
2291 2812 2592 2862 educandum
2617 2811 2848 2862 traditum
2879 2813 3021 2863 ruisse
3037 2813 3253 2863 Cretensi
3275 2813 3483 2863 cuidam.
3553 2818 3698 2865 Hunc

2128 2910 2218 2959 sibi
2244 2910 2430 2960 dedisse
2452 2910 2676 2965 ‚libellum
2704 2910 3007 2971 obsignatum
3023 2946 3038 2971 ‚
3068 2910 3114 2957 in
3143 2924 3242 2972 quo
3264 2912 3462 2960 Perseus
3478 2910 3697 2961 declara-

2118 3009 2204 3056 ·ret
2219 3007 2341 3056 duos
2357 3005 2448 3056 sibi
2465 3006 2716 3056 thesauros
2731 3005 2924 3055 relictos
2941 3019 3042 3056 oese
3054 3041 3069 3066 ,
3088 3007 3295 3055 alterum
3312 3006 3584 3070 Amphipoli
3602 3008 3698 3057 snb

2129 3102 2256 3150 viam
2297 3100 2542 3150 conditum
2556 3135 2572 3161 ,
2604 3100 2769 3148 decem
2808 3099 3081 3163 orgyiarum
3111 3100 3436 3162 profunditate
3452 3137 3467 3162 ‚
3508 3102 3696 3163 argenti

2131 3197 2306 3247 talenta
2328 3197 2573 3246 continere
2589 3198 2783 3246 centum
2807 3196 3064 3258 nonaginta
3086 3198 3230 3259 octo;
3254 3197 3459 3247 alterum
3485 3197 3696 3248 talento-

2131 3306 2239 3343 rum
2267 3294 2563 3356 septuaginta
2588 3306 2690 3342 esse
2715 3293 3061 3343 Thessalonicae
3079 3294 3129 3342 in
3160 3293 3315 3342 media
3340 3294 3515 3343 exedra
3530 3330 3546 3355 ‚
3580 3307 3700 3357 qum

2131 3390 2180 3438 in
2192 3388 2316 3438 aulae
2333 3388 2575 3452 peristylio
2598 3388 2735 3438 toret.
2798 3388 2984 3448 Quibus
3000 3401 3150 3451 quum
3166 3401 3332 3438 aurem
3352 3390 3492 3440 multi
3511 3391 3698 3453 praebe·

2132 3488 2264 3547 rent,
2291 3498 2448 3535 sermo
2471 3485 2604 3535 venit
2623 3486 2685 3534 ad
2704 3486 3008 3549 magistratus
3030 3487 3323 3537 Milesiorum
3340 3524 3354 3547 ,
3373 3488 3461 3549 qui
3488 3489 3697 3550 pretim-

2131 3594 2239 3631 sum
2270 3580 2556 3630 Andriscum
2585 3581 2635 3629 in
2656 3581 2923 3630 custodiam
2950 3581 3200 3631 dederunt.
3263 3585 3325 3632 Et
3355 3595 3508 3645 quum
3551 3584 3696 3647 legati

2132 3675 2461 3739 advenissent,
2480 3676 2542 3724 ad
2562 3676 2651 3726 hos
2669 3690 2770 3725 rem
2790 3676 3067 3728 detulerunt
3088 3677 3394 3728 deliberaturi
3418 3680 3535 3741 quid
3562 3681 3694 3732 tactu

483 3787 605 3833 των,
635 3762 1060 3842 προσανήνεγκαν
1088 3765 1259 3829 αὐτοῖς
1283 3762 1345 3839 (7)
1373 3762 1841 3839 συμὸουλευόμενοι
1862 3764 1914 3821 τί
1931 3762 2036 3843 χρὴ
2134 3783 2257 3833 opus
2273 3772 2413 3820 enet-
2477 3770 2553 3819 uli
2577 3784 2695 3821 vero
2712 3771 2921 3822 ridentes
2949 3773 3201 3833 dixerunt,
3225 3774 3281 3822 ut
3299 3773 3596 3824 dimitterent
3613 3776 3699 3826 bo·

486 3939 626 3986 velut
649 3934 723 3986 ad
746 3948 949 3992 veram,
972 3937 1295 3992 coeuntibus,
1325 3940 1592 3989 contracto
1618 3941 1882 3994 exercitu,
1908 3940 2066 3988 totam
2090 3935 2441 3986 Macedoniam
2457 3939 2554 3985 aut
2576 3937 2848 3985 voluntate
2870 3938 3202 3987 incolentium
3232 3942 3329 3988 out
3347 3944 3511 3989 armis
3542 3955 3696 3993 orreu-

486 4011 656 4069 pavit.
680 4008 935 4056 Fabulam
952 4011 1128 4056 autem
1148 4008 1309 4057 tatem
1313 4006 1567 4068 fluxerat.
1592 4011 1677 4057 Ex
1690 4008 1875 4070 pellice
1900 4021 1953 4057 se
1969 4010 2020 4056 et
2039 4009 2222 4055 Perseo
2243 4018 2359 4066 reqe
2376 4008 2576 4060 ortum,
2602 4004 2855 4053 liuditum
2876 4005 3202 4056 educandum
3233 4011 3461 4057 cretensi
3480 4011 3698 4061 cuidam

484 4090 616 4132 esse,
641 4082 704 4127 ut
722 4081 774 4127 in
799 4077 917 4126 belli
942 4089 1119 4137 casus,
1142 4076 1280 4140 quod
1299 4078 1390 4126 ille
1415 4090 1535 4127 cum
1565 4081 1802 4127 Romanis
1819 4081 2038 4141 yet-eret,
2059 4074 2271 4139 aliquod
2288 4075 2446 4123 veluti
2465 4086 2636 4123 semen
2655 4077 2809 4135 reqiae
2827 4077 3007 4136 stirpis
3024 4079 3270 4126 exstaret.
3299 4080 3478 4127 Perseo
3499 4079 3698 4129 demor-

492 4151 605 4202 tuo,
629 4147 957 4208 Adramyttei
981 4158 1033 4195 se
1051 4146 1331 4197 educatum
1349 4160 1510 4210 usque
1528 4148 1602 4197 ad
1630 4147 1991 4198 duodecimum
2010 4158 2206 4196 annum
2224 4147 2397 4193 celatis
2413 4181 2426 4203 ‚
2444 4147 2649 4206 patrem
2666 4156 2784 4192 cum
2808 4156 2909 4192 esse
2926 4144 3216 4195 credentem
3229 4179 3245 4205 ,
3271 4158 3305 4195 a
3327 4161 3427 4209 quo
3448 4148 3698 4199 educare·

490 4220 596 4271 tur,
618 4220 863 4277 lquor-um
879 4215 1259 4276 qenerissutsse
1274 4219 1373 4265 sul.
1394 4216 1592 4277 affecto
1613 4215 1792 4265 deinde
1810 4230 1866 4265 eo
1880 4251 1893 4275 ‚
1916 4228 2078 4279 quum
2095 4226 2252 4277 prope
2274 4213 2348 4262 ad
2365 4217 2486 4263 vitoe
2496 4213 2657 4274 finem
2678 4214 2920 4263 ultimum
2940 4219 3092 4271 esset,
3117 4216 3367 4266 detectam
3391 4219 3600 4269 tandem
3619 4223 3697 4271 ibi

486 4288 736 4347 oriqinem
762 4297 911 4335 suam
926 4316 943 4340 ,
958 4284 1228 4347 salsoeque
1246 4289 1407 4335 matri
1427 4287 1656 4335 libellum
1684 4285 1897 4340 datum,
1924 4288 2071 4344 siquo
2091 4285 2263 4332 Persei
2291 4285 2423 4344 reyis
2444 4285 2708 4343 stenelum
2722 4315 2735 4337 .
2758 4297 2910 4345 quem
2926 4285 3024 4334 sibi
3048 4285 3306 4342 traderet,
3329 4300 3491 4349 quum
3504 4288 3579 4337 ad
3593 4304 3695 4351 pu-

489 4356 653 4403 berem
670 4359 880 4404 oetatem
899 4357 1121 4403 venisset
1135 4371 1152 4404 .·
1172 4356 1634 4418 obtestationesque
1650 4356 1869 4404 ultimas
1883 4354 2139 4415 adjectas,
2161 4356 2223 4401 ut
2240 4365 2323 4401 res
2347 4360 2402 4401 in
2427 4353 2625 4401 occulto
2643 4352 2717 4400 ad
2739 4353 2796 4402 ld
2816 4357 3014 4417 tempus
3037 4360 3356 4405 servaretur.
3389 4357 3645 4408 Pube-scen
3654 4364 3696 4411 ti

491 4424 725 4473 libellum
744 4423 1034 4478 traditum,
1058 4427 1115 4472 tn
1143 4437 1244 4486 quo
1271 4426 1444 4474 relicti
1466 4424 1563 4473 sibl
1583 4423 1685 4473 duo
1710 4424 1947 4472 thesauri
1969 4437 2004 4472 a
2025 4427 2178 4486 patre
2202 4423 2518 4474 dicerentur.
2549 4425 2672 4472 rum
2697 4426 2880 4473 scienti
2901 4427 3174 4475 mutierem
3199 4426 3468 4476 subditum
3485 4440 3538 4475 se
3555 4441 3694 4487 esse,

490 4506 663 4543 veram
690 4497 905 4557 stirpem
936 4497 1202 4553 synon-anu
1225 4493 1441 4543 edidisse
1467 4507 1626 4556 oenus
1648 4511 1665 4543 .-
1700 4498 1857 4557 atquc
1879 4494 2216 4548 obtestatum,
2247 4498 2310 4543 ut
2332 4497 2482 4556 prius
2506 4506 2666 4556 quam
2686 4497 2932 4544 manaret
2960 4495 3036 4545 ad
3067 4500 3345 4547 Eumenem
3376 4510 3482 4553 res,
3511 4501 3699 4549 Perseo

490 4565 753 4613 inimicum
766 4599 780 4622 ,
801 4563 1063 4613 excederet
1081 4566 1143 4612 iis
1160 4565 1283 4613 locis
1298 4599 1313 4623 ‚
1338 4576 1402 4611 ne
1422 4563 1814 4621 interficeretur.
1840 4566 1912 4612 Eo
1930 4577 1984 4612 se
2005 4567 2340 4618 exterritum,
2362 4565 2518 4612 simul
2533 4569 2829 4625 sperantem
2847 4564 3063 4628 aliquod
3078 4580 3113 4615 a
3140 4570 3389 4616 Demetrio
3407 4570 3694 4626 auxilium,

491 4634 547 4679 in
572 4636 774 4693 Syriam
799 4646 851 4681 se
867 4633 1149 4683 contulisse
1168 4650 1185 4683 .·
1210 4637 1369 4695 atque
1387 4633 1455 4681 ibi
1476 4636 1707 4694 primum
1728 4636 1844 4696 quis
1871 4635 1997 4682 esset
2014 4634 2196 4695 palam
2212 4644 2511 4693 expromere
2532 4643 2738 4681 ausum.
2760 4658 2820 4667 —-
2848 4640 2891 4681 1.
2918 4635 3024 4684 τήν
3051 4633 3129 4698 τε]
3150 4637 3234 4693 τὴν
3257 4637 3307 4684 δὲ
3336 4636 3444 4686 cod.
3468 4664 3531 4673 —
3561 4644 3608 4688 2.
3631 4642 3699 4696 ὡς

493 4703 596 4764 περὶ
611 4700 784 4763 μόνον]
803 4703 1108 4752 scribendum
1124 4716 1224 4753 esse
1234 4707 1350 4765 puto
1363 4706 1425 4759 ὡς
1440 4710 1681 4766 περιμανῆ.
1693 4731 1756 4740 -
1771 4711 1817 4753 3.
1834 4704 2043 4753 Alteram
2055 4702 2178 4752 hanc
2195 4704 2533 4762 narrationem,
2545 4716 2640 4751 non
2655 4702 2831 4765 abipso
2846 4700 3163 4764 Diodoro‚’sed
3178 4706 3241 4755 ab
3253 4712 3532 4771 excerptorc
3547 4710 3700 4772 priori

493 4772 798 4831 subjunctam
820 4786 947 4834 esse,
968 4774 1078 4822 inde
1095 4775 1255 4834 patet,
1275 4773 1406 4835 quod
1423 4773 1473 4820 in
1498 4774 1586 4821 hac
1617 4771 1828 4821 Andrisci
1850 4772 2092 4822 historiam
2113 4778 2281 4823 auctor
2301 4775 2604 4838 persequitur
2624 4789 2777 4837 usquc
2803 4776 2862 4824 ad
2882 4782 3168 4828 annum149
3185 4814 3199 4836 ,
3220 4792 3319 4841 quo
3334 4782 3535 4831 Romani
3558 4793 3702 4830 arma

495 4844 662 4889 contra
682 4840 1290 4892 Andriscum.1llacedonioe
1312 4842 1512 4890 urbibus
1538 4843 1743 4904 potitum
1770 4846 2042 4894 moverunt.
2065 4849 2167 4895 Hoc
2185 4847 2394 4895 alienum
2417 4858 2611 4907 prorsus
2627 4851 2729 4895 erat
2754 4859 2782 4894 a
2808 4846 3006 4896 historia
3029 4850 3257 4898 Demetrii
3278 4851 3474 4900 Soteris.
3512 4854 3698 4903 contra

500 4912 580 4958 vix
599 4911 799 4960 dubium
819 4914 891 4961 est
908 4912 1025 4975 quin
1042 4913 1287 4971 Diodorus,
1304 4916 1555 4975 postquam
1576 4913 1780 4975 priorem
1801 4915 1847 4962 in
1866 4914 2006 4963 rebus
2024 4915 2134 4962 anni
2158 4921 2241 4963 ¹53
2261 4918 2636 4976 memoraverat,
2657 4916 2856 4963 alteram
2873 4917 3090 4965 attulerit
3108 4917 3167 4965 ad
3184 4915 3391 4967 res‘anni
3418 4922 3502 4968 149
3515 4954 3529 4978 ,
3552 4918 3696 4968 sicuti

498 4980 661 5028 Livius
681 4994 875 5042 quoquc
896 4983 957 5029 de
989 4982 1132 5031 misso
1161 4985 1360 5031 Romam
1384 4981 1613 5030 Andrisco
1630 4981 1690 5030 ad
1718 4995 1896 5032 annum
1928 4992 2013 5033 153
2034 4985 2128 5046 egit
2153 4984 2306 5043 (libro
2328 4988 2386 5034 47
2405 4985 2422 5045 )
2438 5019 2452 5043 ‚
2476 4984 2674 5033 alteram
2705 4985 2898 5034 Diodori
2931 4987 3251 5036 narrationem
3287 5001 3348 5036 ex
3375 4987 3543 5036 eodem
3564 4990 3700 5037 fonte

496 5051 712 5097 narravit
733 5050 779 5097 in
804 5044 947 5099 re‘bus
968 5051 1079 5100 anni
1105 5056 1192 5103 149
1212 5056 1227 5112 (
1245 5052 1366 5101 libro
1384 5056 1446 5101 49
1461 5053 1497 5114 ).
1522 5054 1635 5100 time
1657 5055 1892 5114 posterior
1910 5056 2120 5105 narratio
2138 5057 2184 5104 in
2204 5056 2344 5105 editis
2363 5055 2558 5106 Diodori
2578 5056 2851 5106 collocanda
2866 5061 2936 5106 est
2956 5061 3062 5120 post
3076 5062 3273 5121 xxxii,
3299 5067 3381 5121 15,
3402 5061 3469 5108 uti
3486 5074 3546 5109 ex
3565 5073 3697 5110 com·

497 5121 667 5178 parata
693 5120 815 5167 Livii
830 5123 1026 5182 epitom.
1051 5124 1112 5171 49
1128 5122 1383 5183 colligitur.
1404 5147 1466 5159 -—
1486 5126 1533 5171 4.
1563 5123 1626 5171 λο
1640 5140 1667 5184 γ
1679 5140 1746 5172 οπ
1760 5126 1901 5187 οιεῖ]
1922 5127 1998 5174 vel
2017 5128 2290 5187 ἐλογοποίει.
2312 5126 2477 5175 Codex
2502 5127 2780 5188 ιλογοποίει.
2800 5158 2862 5168 --
2877 5135 2922 5176 5.
2942 5145 3010 5190 τῳ
3027 5132 3062 5177 Κ
3076 5145 3101 5192 ρ
3115 5129 3239 5192 ητί]
3258 5135 3326 5187 τῷ
3340 5134 3407 5192 τῷ
3428 5130 3533 5191 (sic)
3549 5133 3696 5192 Κρητὶ

495 5188 664 5284 codex.
687 5192 933 5241 Cretenses
951 5191 1123 5241 milites
1143 5195 1341 5242 Perseus
1356 5194 1478 5254 sugae
1496 5194 1694 5244 comites
1711 5194 1891 5245 babuit.
1922 5199 1981 5244 V.
2007 5197 2198 5246 Diodor.
2222 5200 2403 5258 xxxi,
2426 5203 2552 5257 ²t,t.
2575 5226 2637 5239 —
2660 5206 2704 5247 6.
2730 5200 2824 5247 τὸν
2852 5201 3083 5261 Περσέα
3109 5202 3457 5263 διασαφεῖν]
3475 5202 3554 5250 τὸν
3580 5204 3695 5264 Περ·
