3900 6042
520 477 631 530 20⁴

520 597 791 654 nonnulla
818 613 1015 650 eorum
1044 601 1167 666 quae
1207 592 1277 647 de
1308 590 1617 647 Periandro
1646 601 1944 645 narrantur
1976 590 2071 643 iis-

526 685 656 738 dem
699 683 814 736 sere
838 681 1024 735 verbis
1056 681 1335 752 Diogenes
1364 677 1613 732 Laertius
1654 677 1825 731 refert
1860 675 2073 730 addens

526 765 659 824 καθά
694 787 848 843 φησιν
885 760 1113 841 Ἔφορος
1153 760 1243 820 καὶ
1284 758 1659 839 Ἀριστοτέλης.
1706 794 1782 803 -
1824 764 1912 817 Fr.
1944 781 2000 831 7,
2036 761 2067 815 3

526 856 784 920 historia,
814 871 925 925 qua
955 854 1116 925 origo
1146 851 1448 904 locutionis
1481 850 1854 922 proverbialis
1884 850 2072 903 ἀποκε-

531 937 715 1015 κόφθαι
764 934 992 1013 Τενεδίῳ
1034 933 1240 992 πελέκει
1282 937 1610 1002 illustratur,
1662 934 1862 989 eodem
1904 936 2072 1006 plane

528 1026 704 1080 modo
734 1044 804 1079 ex
837 1025 1133 1085 Aristotele
1169 1022 1272 1096 (fr.
1310 1019 1452 1095 17⁰)
1482 1022 1730 1077 affertur.
1757 1053 1837 1063 —
1862 1022 1958 1078 Fr.
2008 1040 2075 1075 10

532 1131 654 1184 quae
677 1113 939 1183 leguntur
952 1110 1022 1165 de
1038 1111 1184 1165 Sami
1199 1109 1519 1162 nominibus
1540 1108 1731 1180 priscis
1745 1149 1758 1173 ,
1785 1108 1856 1161 de
1874 1111 2080 1181 Ancaeo

532 1210 588 1251 et
611 1198 682 1252 de
705 1198 827 1251 alba
846 1196 1177 1263 hirundine,
1202 1195 1397 1250 eadem
1421 1196 1680 1248 novimus
1698 1212 1764 1248 ex
1784 1195 2080 1249 Aristotele

533 1285 603 1338 fr.
638 1282 744 1352 175
775 1294 829 1338 et
858 1283 986 1353 176.
1012 1315 1088 1324 —
1114 1283 1209 1338 Fr.
1246 1290 1276 1346 4
1297 1323 1312 1351 ,
1346 1300 1395 1339 1.
1424 1284 1510 1336 De
1539 1283 1702 1335 Batto
1739 1282 2080 1353 Cyrenarum

534 1370 830 1424 conditore
860 1370 1182 1424 Aristoteles
1202 1385 1431 1439 quoque
1460 1366 1603 1421 dixit
1629 1367 1700 1420 fr.
1730 1366 1867 1424 206.
1889 1396 1966 1408 -—
1984 1367 2080 1423 Fr.

541 1458 609 1511 16
656 1474 779 1527 quae
821 1455 892 1509 de
930 1452 1349 1527 Tyrrhenorum
1389 1453 1611 1507 luxuria
1647 1463 1806 1522 sunt,
1836 1453 2085 1507 narravit

534 1543 856 1598 Aristoteles
900 1541 966 1596 fr.
1006 1541 1118 1604 246
1161 1542 1221 1593 in
1258 1539 1542 1616 Τυρρηνῶν
1582 1536 1841 1611 νομίμοις.
1875 1570 1953 1580 -
1985 1540 2078 1594 Fr.

536 1630 609 1683 38
627 1671 642 1695 ‚
672 1647 695 1682 1
718 1628 787 1682 de
812 1628 1056 1700 Cephalo
1076 1627 1480 1680 historiuncula
1495 1622 1655 1681 fluxit
1678 1644 1745 1680 ex
1767 1625 2081 1681 Aristotele.

534 1748 613 1758 -—
650 1716 743 1771 Fr.
777 1733 848 1767 22
896 1715 995 1786 qni
1033 1713 1267 1767 affertur
1305 1730 1494 1766 versus
1521 1712 1878 1767 Simonideus
1909 1714 2085 1765 exstat

536 1805 703 1859 etiam
733 1801 885 1873 apud
914 1801 1263 1854 Aristotelem
1289 1801 1345 1852 in
1371 1800 1608 1853 Rhetor.
1640 1800 1759 1866 111,
1795 1816 1850 1852 2.
1882 1830 1959 1840 —
1983 1800 2078 1853 Fr.

538 1907 610 1942 22
632 1890 950 1942 inscribitur
975 1888 1031 1939 in
1055 1884 1227 1939 codd.
1257 1881 1576 1963 Σαμοθρᾴκη
1597 1926 1614 1957 ,
1645 1904 1764 1939 non
1798 1885 2084 1961 Σαμοθρᾳ-

538 1977 663 2030 κῶν.
692 1973 1145 2029 Schneidewinus
1169 1973 1418 2043 reposuit
1435 1967 1798 2048 Σαμοθρᾴκης,
1816 1973 2086 2043 quoniam

539 2061 862 2115 Aristoteles
900 2057 1013 2130 (fr.
1050 2077 1151 2127 171
1185 2057 1203 2131 )
1234 2057 1285 2111 ἐν
1323 2053 1668 2134 Σαμοθρᾴκης
1701 2054 1935 2131 πολιτείᾳ
1965 2058 2086 2111 lau-

549 2146 721 2201 datur
749 2145 900 2217 apud
925 2145 1100 2199 schol.
1133 2145 1321 2216 Apoll.
1350 2145 1461 2199 Rh‘.
1489 2146 1543 2211 1,
1569 2162 1701 2215 917.
1726 2175 1803 2186 —
1830 2145 2086 2215 Denique

544 2235 943 2306 Aphytaeorum
992 2229 1101 2308 (fr.
1143 2232 1256 2304 39)
1310 2241 1365 2285 et
1403 2232 1749 2303 Argiliorum
1808 2230 1921 2304 (fr.
1967 2231 2077 2305 42)

541 2321 789 2374 civitates
818 2319 1064 2372 Thraciae
1107 2321 1234 2372 satis
1280 2318 1533 2371 obscurae
1565 2336 1666 2371 cur
1703 2327 2089 2371 memorentur

540 2407 599 2459 in
628 2416 818 2460 nostro
846 2405 1038 2459 libello
1060 2404 1218 2458 facile
1247 2404 1479 2476 intelligi
1498 2414 1708 2471 monet,
1738 2404 1782 2457 si
1808 2413 2089 2457 teneamus

541 2511 654 2547 esse
675 2493 979 2565 fragmenta
1005 2493 1344 2559 Aristotelis,
1366 2491 1608 2544 hominis
1625 2492 1911 2564 Stagiritae.

622 2581 720 2634 His
757 2580 928 2653 igitur
970 2579 1306 2632 enumeratis
1342 2579 1529 2650 pergit
1575 2577 2035 2632 Schneidewinus
2070 2596 2083 2630 z

550 2694 571 2714 a
603 2667 755 2738 Ergo
798 2683 907 2736 pro
945 2663 1239 2735 explorato
1269 2663 1541 2716 habeatur
1566 2665 1868 2719 Aristotelii
1904 2664 2092 2735 operis

541 2754 639 2807 has
661 2770 773 2805 esse
797 2752 1058 2822 reliquias
1074 2792 1089 2818 ,
1118 2767 1338 2803 mancas
1366 2750 1487 2803 illas
1510 2749 1742 2821 quidem
1774 2752 1964 2804 multis
1991 2768 2091 2803 no·

543 2839 785 2892 minibus
806 2878 820 2904 ‚
847 2846 901 2890 et
943 2838 986 2890 si
1011 2834 1084 2889 ad
1106 2852 1431 2908 generosam
1465 2837 1786 2908 prosapiam
1825 2854 2087 2909 respexe-

544 2926 646 2990 riS,
664 2923 908 2990 frivolaS,
930 2920 1025 2976 sed
1053 2932 1117 2974 ut
1135 2919 1206 2974 de
1229 2921 1465 2992 pristino
1483 2904 1688 2975 decore
1711 2940 1829 2976 non
1852 2922 2093 2976 absurda

544 3010 718 3081 possit
752 3009 873 3079 capi
904 3006 1251 3077 conjectura,
1278 3016 1334 3060 et
1354 3006 1519 3059 nobis
1544 3023 1667 3061 sero
1687 3008 1827 3062 natis
1843 3009 1904 3060 in
1928 3008 2089 3061 lucro

544 3093 927 3166 deputandum
950 3093 1047 3159 sit,
1077 3092 1174 3145 has
1202 3102 1387 3145 tamen
1404 3093 1646 3165 guttulas
1674 3111 1743 3147 ex
1768 3094 2091 3148 Aristotelio

546 3198 757 3234 oceano
782 3195 1079 3251 superesse.
1107 3179 1405 3232 Pristinum
1423 3177 1593 3232 decus
1612 3196 1786 3250 quum
1806 3178 1936 3232 dico
1956 3219 1972 3246 ,
1994 3181 2092 3251 qui

547 3264 929 3319 Aristotelium
957 3263 1273 3335 exemplum
1303 3263 1626 3335 expressisse
1674 3273 1928 3336 repertus
1975 3276 2089 3332 est,

549 3369 703 3418 eum,
730 3351 833 3403 nisi
869 3347 1007 3420 quid
1044 3358 1238 3402 contra
1275 3347 1453 3416 dicat,
1492 3367 1597 3421 par
1637 3360 1718 3403 est
1748 3348 1980 3404 credere
2020 3349 2094 3404 ad

550 3448 838 3490 auctorem
880 3452 1043 3488 suum
1078 3436 1155 3488 ita
1202 3451 1316 3489 sese
1359 3434 1833 3503 accommodasse,
1874 3446 1938 3489 ut
1976 3455 2094 3490 non

552 3534 758 3576 temere
777 3522 1019 3576 nativam
1039 3522 1223 3594 operis
1240 3538 1569 3595 compagem
1590 3521 1890 3593 disjiceret.
1914 3524 2094 3595 Igitur

552 3610 651 3681 qui
681 3607 940 3661 ordinem
969 3609 1255 3662 civitatum
1277 3607 1425 3681 apud
1454 3608 1804 3664 Heraclidem
1830 3608 2094 3662 mirabili-

550 3706 636 3751 ter
658 3694 951 3750 confusum
977 3695 1259 3765 dictitant,
1294 3696 1335 3748 ii
1359 3697 1700 3769 reputabunt
1717 3735 1734 3763 ,
1767 3694 1906 3767 quid
1930 3713 2091 3748 secu-

554 3794 639 3837 tus
665 3783 736 3836 sit
776 3782 1098 3835 Aristoteles
1124 3782 1268 3854 ipse,
1298 3783 1553 3836 universe
1576 3781 1807 3853 quidem
1841 3791 2095 3837 constare

554 3882 569 3940 (
591 3869 902 3941 accepimus
926 3869 1073 3921 enim
1099 3868 1451 3923 Aristotelem
1471 3886 1718 3923 seorsum
1741 3868 2096 3923 collocavisse

550 3956 795 4010 civitates
817 3950 1227 4029 δημοκρατικάς,
1246 3951 1581 4029 ὄλιγαρχικᾶς
1595 3997 1609 4024 ,
1638 3951 2090 4031 ἀριστοκρατικάς,

551 4037 869 4119 τυραννικοῖς.
902 4037 970 4093 V.
996 4041 1164 4113 Diog.
1205 4043 1272 4095 L.
1302 4042 1370 4109 V,
1412 4059 1509 4110 27,
1543 4042 1673 4095 coll.
1718 4043 1825 4094 Vit.
1868 4042 2090 4115 Menag.

550 4146 608 4199 p.
637 4133 744 4192 404
769 4167 786 4195 ,
808 4126 884 4183 68
908 4128 1204 4180 Westerm.
1227 4126 1274 4199 );
1308 4126 1407 4181 sed
1432 4126 1577 4181 illud
1599 4146 1717 4181 non
1752 4145 1909 4199 aeque
1941 4145 2096 4181 com-

551 4226 774 4287 pertum
811 4225 893 4268 est
931 4213 1004 4267 ad
1041 4212 1324 4284 cujusnam
1364 4216 1539 4268 aetatis
1576 4226 1779 4269 statum
1815 4215 2099 4269 civitatum

554 4301 820 4356 direxerit
832 4299 1127 4371 judicium,
1146 4319 1328 4356 suaene
1352 4320 1423 4355 an
1441 4302 1771 4374 superioriS,
1793 4312 1879 4369 et,
1901 4302 1946 4354 si
1966 4302 2097 4366 hoc,

554 4388 626 4443 ad
660 4387 834 4458 cujus.
872 4390 966 4442 Est
1004 4387 1115 4441 hoc
1156 4399 1337 4443 totum
1375 4389 1677 4443 obscurum
1712 4389 2012 4459 multisque
2046 4399 2103 4442 et

556 4475 799 4548 magnis,
828 4474 873 4527 si
911 4492 1033 4528 rem
1064 4485 1313 4529 scrutere
1353 4474 1634 4542 subtilius,
1684 4474 1924 4528 obsitum
1961 4471 2103 4527 diffl-

557 4561 884 4628 cultatibuS‚
923 4560 1028 4613 nisi
1064 4560 1208 4615 forte
1237 4562 1392 4615 vanis
1432 4560 1767 4630 conjecturis
1811 4559 2104 4632 indulgere

558 4649 710 4703 melli
735 4658 834 4702 est.
865 4648 952 4702 Ab
982 4648 1400 4702 Atheniensium
1428 4646 1661 4720 quidem
1690 4648 1910 4701 civitate
1939 4665 2102 4702 exor-

556 4755 677 4789 sum
703 4735 1051 4791 Aristotelem
1077 4734 1417 4789 crediderim
1442 4747 1498 4790 et
1522 4737 1729 4808 ipsum3
1758 4736 1969 4807 pariter
1987 4754 2105 4788 non

558 4822 829 4876 absonum
882 4821 1050 4875 fuerit
1094 4829 1332 4877 statuere
1350 4862 1366 4890 ‚
1425 4821 1498 4876 ad
1554 4821 2104 4876 Lacedaemoniorum

560 4910 869 4981 perrexisse
887 4947 902 4975 ,
933 4907 1436 4962 aristocraticarum
1474 4907 1877 4963 nobilissimam
1906 4910 2105 4963 urbem

563 5014 689 5049 cum
732 4994 1234 5049 democraticarum
1274 4995 1614 5049 nobilissima
1649 4995 2101 5050 contendentem.

563 5083 663 5135 Cui
715 5098 985 5135 annexam
1031 5080 1347 5135 Cretensem
1389 5099 1501 5135 esse
1550 5082 1672 5151 quis
1715 5082 2010 5137 mirabitur
2047 5083 2108 5135 in

561 5177 714 5241 tanta
776 5168 1060 5238 utriusque
1111 5167 1487 5222 institutorum
1535 5168 1935 5223 similitudine?
1979 5170 2106 5223 Post

1671 452 1719 518 H
1728 458 2135 519 ERACLlDES
2176 459 2567 519 PONTlCUS.

2159 590 2258 644 has
2277 591 2422 644 ratio
2448 587 2636 644 deficit
2658 600 2857 662 estque·
2877 608 2946 643 eo
2991 588 3274 644 difficilius
3291 590 3599 661 procedere
3633 593 3745 645 ul·-

2161 678 2363 745 teriuS,
2391 678 2522 748 quia
2538 677 2726 729 multae
2752 675 3014 748 dynastiae
3037 688 3404 733 evanuerunt.
3433 677 3559 734 mihi
3581 698 3746 750 quae

2161 765 2288 818 sciri
2325 774 2639 837 nequeunt,
2683 783 2755 818 ne
2795 764 3056 817 sciscitari
3094 762 3327 835 quidem
3355 766 3560 837 volupe
3596 777 3742 837 δεῖ,

2162 861 2377 906 tantum
2433 851 2619 906 dicam
2639 893 2655 919 ‚
2713 852 2818 905 nisi
2877 852 3001 922 quis
3057 851 3268 905 eruerit
3332 853 3742 906 Aristoteliam

2165 937 2454 1005 ordinem,
2481 937 2790 992 cavendum
2819 954 2960 1005 esse,
2999 954 3071 991 ne
3104 936 3499 991 Heraclideam
3519 941 3742 993 seriem

2163 1042 2266 1096 per
2283 1026 2646 1078 temeritatem
2662 1035 3056 1095 excerptorum
3070 1025 3315 1079 vitiatam
3334 1026 3662 1096 opinemur.
3707 1051 3735 1071 n

2243 1110 2409 1165 Vides
2436 1121 2785 1183 quantopere
2809 1109 2880 1164 de
2902 1109 3095 1164 libello
3117 1121 3310 1164 nostro
3325 1109 3540 1181 judicia
3560 1113 3746 1165 viro·

2167 1215 2292 1250 rum
2321 1196 2621 1250 doctorum
2649 1196 2983 1268 discrepent.
3028 1197 3242 1249 Eorum
3283 1198 3574 1267 opinioni,
3615 1200 3736 1269 qui

2168 1284 2475 1356 fragmenta
2513 1301 2582 1337 ex
2609 1283 2994 1355 geographicis
3023 1282 3178 1336 libris
3218 1283 3458 1336 collecta
3482 1293 3702 1355 putant
3724 1324 3744 1349 ‚

2167 1386 2287 1421 non
2335 1378 2415 1421 est
2468 1386 2569 1421 cur
2609 1369 2991 1423 immoremur.
3043 1369 3248 1423 Utrum
3295 1387 3434 1422 vero
3489 1388 3556 1423 ex
3597 1389 3740 1425 uno

2169 1452 2480 1525 eodemque
2520 1454 2848 1508 Politiarum
2886 1456 3160 1526 scriptore
3197 1455 3389 1508 omnia
3415 1451 3736 1523 fluxerint,

2170 1560 2240 1594 an
2269 1559 2335 1595 ex
2381 1540 2631 1608 duobuS,
2679 1541 2974 1595 Aristotele
3002 1552 3057 1595 et
3104 1539 3404 1595 Heraclide
3447 1543 3739 1608 Pontico,

2169 1628 2255 1681 vel
2284 1627 2448 1681 etiam
2479 1644 2546 1679 ex
2578 1627 2994 1700 compluribus,
3034 1627 3239 1699 eclogae
3280 1638 3554 1699 congestae
3576 1629 3740 1693 sint,

2171 1713 2229 1767 id
2252 1714 2458 1767 sanein
2476 1712 2934 1786 disceptationem
2961 1712 3152 1766 venire
3169 1723 3374 1785 potest.
3398 1714 3542 1766 Nam
3563 1714 3746 1785 quod

2171 1798 2627 1853 Schneidewinus
2665 1818 2773 1871 pro
2799 1799 3093 1870 explorato
3123 1801 3287 1872 ponit
3313 1798 3742 1868 confidentiuS,

2174 1886 2234 1939 id
2262 1888 2720 1958 circumspectior
2747 1887 2946 1957 aliquis
2967 1887 3185 1939 nonnisi
3207 1887 3323 1939 veri
3342 1886 3748 1940 similitudinis

2173 1975 2414 2044 speciem
2448 1991 2563 2045 prae
2603 1991 2659 2026 se
2701 1972 2846 2026 ferre
2891 1971 3114 2025 dixerit.
3161 1972 3466 2044 Complura
3519 1976 3748 2027 nostris

2173 2061 2345 2114 inesse
2376 2078 2498 2131 quae
2527 2059 2811 2113 Aristoteli
2839 2058 3168 2125 debeantur,
3199 2059 3259 2111 in
3279 2060 3588 2131 propatulo
3615 2072 3746 2129 est,

2173 2164 2357 2218 neque
2386 2148 2677 2218 quisquam
2700 2147 2941 2218 negavit.
2967 2146 3056 2198 Sic
3075 2145 3329 2198 historias
3349 2145 3420 2198 de
3441 2144 3746 2200 Tenedio-

2174 2251 2301 2285 rum
2339 2250 2470 2305 rege
2503 2231 2602 2305 (fr.
2653 2232 2722 2306 9)
2756 2243 2811 2285 et
2855 2230 2926 2284 de
2966 2232 3177 2285 Arcisio
3228 2229 3333 2301 (fr.
3367 2230 3470 2294 38!
3508 2241 3744 2285 tantum

2176 2336 2294 2371 non
2333 2316 2528 2371 iisdem
2557 2317 2740 2371 verbis
2780 2335 2847 2371 ex
2880 2317 3176 2371 Aristotele
3217 2317 3388 2370 refert
3414 2318 3746 2390 Stephanus

2175 2405 2483 2476 Byzantius.
2519 2405 2790 2457 Praetcrea
2824 2421 2946 2474 quae
2971 2404 3029 2456 in
3070 2404 3383 2457 Samiorum
3410 2404 3615 2475 politia
3649 2406 3743 2459 le-

2176 2500 2403 2565 guntur,
2439 2492 2573 2544 item
2615 2509 2683 2544 ex
2730 2490 3027 2545 Aristotele
3059 2490 3334 2561 exscripta
3367 2508 3481 2544 esse
3509 2492 3744 2562 proba-

2177 2578 2289 2631 bile
2329 2588 2445 2651 est3
2488 2595 2828 2649 quamquam
2866 2577 2954 2630 vel
2995 2576 3107 2630 hoc
3149 2577 3334 2629 minus
3375 2575 3746 2633 confidenter

2178 2664 2414 2718 dixerim
2432 2703 2448 2731 ,
2480 2665 2748 2736 quoniam
2775 2664 2903 2718 satis
2931 2664 3109 2735 liquet
3143 2662 3359 2717 fontem
3387 2681 3583 2718 eorum
3615 2683 3746 2719 ὤεα

2178 2751 2417 2806 Annales
2442 2752 2720 2823 Eugeonis
2746 2750 2917 2805 Samii
2937 2790 2952 2817 ,
2984 2751 3082 2821 qui
3122 2751 3436 2804 communis
3463 2753 3739 2822 complu-

2176 2839 2325 2892 rium
2343 2837 2467 2892 sons
2485 2855 2599 2892 esse
2618 2848 2862 2910 poterat.
2884 2835 3053 2891 Haud
3070 2836 3294 2907 majoris
3313 2839 3586 2891 momenti
3600 2849 3744 2891 sunt

2179 2942 2303 2995 quae
2331 2923 2402 2979 de
2443 2923 2752 2978 Periandro
2780 2922 2930 2997 apud
2967 2923 3234 2977 Nostrum
3273 2935 3333 2978 et
3370 2925 3742 2979 Aristotelem

2178 3012 2459 3083 leguntur.
2507 3012 2649 3065 Nam
2695 3011 2892 3065 eadem
2925 3010 3175 3063 'narravit
3219 3010 3512 3082 Ephorus,
3558 3030 3739 3083 quem

2177 3115 2289 3149 una
2343 3115 2473 3151 cum
2521 3097 2817 3151 Aristotele
2867 3094 3057 3149 laudat
3108 3096 3389 3168 Diogenes
3449 3098 3734 3150 Laertius.

2179 3184 2395 3255 Ephori
2423 3193 2609 3237 autem
2638 3184 3018 3236 narrationem
3041 3182 3210 3235 etiam
3231 3182 3292 3234 in
3314 3182 3436 3236 aliis
3472 3184 3740 3237 Heracli-

2180 3268 2298 3322 deis
2322 3269 2688 3342 agnoscimus.
2718 3269 2809 3322 Sic
2833 3285 2956 3340 quae
2979 3267 3038 3320 in
3060 3267 3404 3321 Cretensium
3441 3269 3741 3340 republica

2179 3354 2442 3428 leguntur
2467 3373 2596 3408 cum
2625 3355 2691 3408 iis
2724 3372 2848 3426 quae
2874 3372 2944 3407 ex
2966 3353 3198 3425 Ephoro
3242 3351 3261 3427 (
3282 3352 3358 3412 fr.
3380 3353 3455 3417 64
3479 3353 3496 3427 )
3527 3356 3738 3411 Strabo

2178 3440 2379 3507 refert,
2426 3442 2631 3494 mirum
2664 3442 2725 3494 in
2751 3438 2987 3494 modum
3027 3440 3354 3496 concinunt.
3404 3441 3493 3495 Ex
3529 3441 3739 3496 eodem

2180 3526 2334 3581 fonte
2359 3544 2423 3581 ea
2444 3524 2709 3581 fluxerint
2721 3544 2844 3598 quae
2862 3525 2933 3580 de
2954 3527 3215 3599 Lycurgo
3230 3524 3486 3602 κρυπτίας
3504 3540 3740 3583 auctore

2179 3613 2331 3686 apud
2359 3614 2621 3668 Nostrum
2635 3623 2931 3680 notantur,
2949 3613 3256 3686 praesertim
3272 3630 3450 3685 quum
3471 3615 3741 3670 Lacedae-

2180 3700 2503 3755 moniorum
2526 3701 2773 3753 instituta
2792 3700 2980 3754 omnia
2998 3699 3088 3753 vel
3110 3709 3259 3754 certe
3289 3700 3458 3774 longe
3491 3701 3737 3773 plurima

2182 3785 2255 3841 ad
2288 3790 2608 3860 Lycurgum
2638 3787 2810 3841 relata
2853 3787 2924 3840 ab
2961 3786 3194 3857 Ephoro
3224 3802 3337 3839 esse
3363 3785 3502 3841 inde
3548 3800 3737 3861 patet,

2183 3872 2340 3945 quod
2378 3873 2637 3946 Ephorus
2685 3870 2789 3945 (fr.
2815 3871 2922 3947 30)
2967 3873 3349 3940 Hellanicum,
3393 3884 3461 3927 ut
3506 3877 3606 3947 qui
3649 3894 3738 3931 se-

2185 3977 2279 4013 cus
2297 3958 2491 4013 fecerit
2504 4000 2519 4027 ,
2536 3957 2919 4031 reprehendit.
2938 3960 3197 4030 Denique
3215 3960 3479 4032 Ephorus
3495 3964 3744 4016 maxime

2184 4047 2370 4099 notari
2398 4044 2622 4099 videtur
2650 4045 2722 4099 fr.
2754 4062 2786 4098 2
2822 4046 2945 4098 init.
2976 4045 3166 4099 verbis
3193 4065 3208 4099 ε
3240 4042 3355 4112 Τὴν
3393 4046 3739 4121 Λακεδαιμο-

2184 4128 2303 4185 νίων
2344 4129 2610 4186 πολιτείαν
2640 4128 2771 4194 τινὲς
2800 4127 3084 4207 Λυκούργῳ
3111 4128 3502 4208 προσάπτουσιν
3533 4142 3736 4191 πᾶσαν.

2185 4217 2393 4287 Quidni
2418 4219 2589 4296 igitur
2616 4218 2936 4274 Heraclides
2970 4219 3086 4273 haec
3114 4236 3182 4273 ex
3210 4222 3332 4292 ipso
3367 4221 3638 4293 Ephor0,
3670 4224 3741 4277 si·

2186 4304 2300 4358 cuti
2317 4305 2665 4374 Aristoteles,
2678 4304 2903 4358 haurire
2919 4305 3142 4377 potuit?
3163 4306 3286 4360 Alia
3306 4306 3557 4378 denique
3580 4327 3739 4362 com-

2184 4389 2349 4461 plura
2376 4388 2648 4460 ejusmodi
2675 4401 2831 4458 sunt,
2870 4402 2934 4446 ut
2959 4410 3125 4446 nemo
3149 4393 3295 4447 ullus
3312 4433 3329 4462 ,
3367 4394 3470 4465 qui
3511 4395 3740 4451 Pontias

2188 4477 2538 4532 conscribere
2558 4477 2989 4551 aggrederetur,
3012 4480 3268 4533 omittere
3291 4496 3356 4533 ea
3375 4491 3584 4552 posset.
3613 4482 3738 4550 Quo

2187 4564 2470 4635 pertinent
2496 4563 2654 4637 quod
2696 4566 2756 4619 in
2790 4566 3212 4620 Atheniensium
3246 4566 3446 4638 politia
3486 4567 3644 4620 Ionis
3671 4566 3739 4620 ab

2190 4651 2328 4703 lone
2368 4668 2576 4705 nomen
2615 4650 2823 4706 habere
2851 4651 3138 4719 dicuntur,
3170 4650 3329 4724 quod
3371 4652 3432 4705 in
3470 4652 3739 4706 Lacedae-

2189 4737 2547 4805 momorum,-
2590 4738 2936 4793 Cretensium
2988 4749 3046 4793 et
3090 4738 3486 4810 Cyrenaeorum
3529 4738 3742 4792 Politiis

2190 4822 2531 4895 Terpandri,
2570 4824 2775 4878 Minois
2815 4836 2871 4879 et
2914 4825 3059 4879 Batti
3100 4827 3311 4879 mentio
3349 4821 3434 4877 fit.
3468 4824 3740 4878 Praeterea

2189 4928 2308 4963 non
2343 4910 2496 4964 deest
2517 4911 2675 4964 locus
2691 4950 2707 4977 ,
2732 4911 2833 4964 ubi
2857 4909 3181 4965 Heraclides
3207 4911 3278 4964 ab
3308 4911 3606 4965 Aristotele
3630 4910 3740 4964 dis-

2190 4997 2376 5049 sentit.
2393 4998 2535 5051 Nam
2559 4996 2882 5051 Heraclides
2909 4996 3007 5070 (fr.
3036 5014 3059 5050 1
3084 5037 3100 5065 ‚
3123 4994 3222 5070 8),
3247 4997 3408 5050 sicuti
3427 4997 3741 5068 Theopom-

2192 5100 2328 5154 pus,
2372 5084 2450 5137 ait
2488 5080 2822 5157 Cimonem(
2842 5084 2934 5138 cui
2980 5083 3192 5138 librarii
3238 5100 3400 5138 error
3444 5082 3740 5155 Ephialten

2197 5168 2507 5245 substituit)
2537 5170 2836 5225 hortorum
2869 5188 3097 5227 suorum
3139 5171 3360 5243 copiam
3389 5168 3608 5224 dedisse
3639 5168 3739 5234 τοῖς
