3900 6042
649 442 761 495 252

645 559 690 617 δ’
737 556 955 622 ἐκείνους
1002 555 1307 635 ἰλέγχοντας
1334 555 1582 625 ἐξετάζειν
1624 555 1941 636 Δικαίαρχόν
1989 580 2045 615 τε
2093 556 2182 614 καὶ

651 641 1019 722 Ἐρατοσθένη,
1047 642 1134 700 τὸν
1169 645 1460 701 τελευταῖον
1487 642 2022 721 πραγματευσάμενον
2062 642 2182 720 περὶ

644 728 972 807 γεωγραφίας
990 772 1005 799 ,
1052 728 1143 786 καὶ
1194 727 1429 805 Πυθέαν,
1479 728 1561 809 ὑφ’
1612 719 1671 785 οὗ
1723 732 2183 807 παρακρουσθῆναι

644 814 889 886 πολλοὺς,
913 812 1041 885 ὅλην
1074 813 1168 890 μὲν
1191 813 1285 885 τὴν
1314 813 1665 894 Βρεττανικὴν
1696 814 1922 889 ἒμὸαδὸν
1952 816 2180 873 ἐπελθεῖν

643 901 959 981 φάσκοντος,
997 899 1091 969 τὴν
1132 900 1186 957 δὲ
1220 900 1525 980 περίμετρον
1553 899 1802 959 πλειόνων
1840 900 1875 970 ἢ
1920 900 2180 979 τεττάρων

642 987 903 1066 μυριάδων
932 984 1206 1053 ἀποδόντος
1241 992 1332 1057 τῆς
1367 987 1525 1058 νήσου
1542 1032 1559 1063 ,
1585 986 2084 1065 προσιστορήσαντος
2126 984 2180 1043 δὲ

642 1076 730 1133 καὶ
752 1075 817 1132 τὰ
844 1075 962 1153 περὶ
987 1078 1079 1143 τῆς
1100 1075 1307 1145 Θούλης
1334 1075 1544 1132 καὶτῶν
1562 1073 1734 1132 τόπων
1762 1073 1990 1144 ἐκείνων,
2030 1076 2082 1131 ἐν
2109 1064 2181 1139 οἷς

640 1160 759 1220 οὔτε
785 1166 853 1238 γῆ
877 1162 992 1219 καθ’
1015 1159 1176 1231 αὑτὴν
1197 1165 1427 1240 ὑπῆρχεν
1448 1163 1524 1220 ἔτι
1539 1161 1654 1220 οὔτε
1674 1161 1904 1219 Θάλαττα
1927 1160 2032 1219 οὔτ’
2054 1159 2179 1240 ἀὴρ,

642 1246 779 1306 ἀλλὰ
803 1247 1068 1327 σύγκριμά
1100 1270 1150 1304 τι
1195 1250 1254 1305 ἐκ
1279 1248 1476 1306 τούτων
1507 1246 1759 1323 πλεύμονι
1786 1249 2046 1328 θαλαττίῳ
2079 1249 2177 1305 ἐοι-

640 1335 756 1406 κὸς,
786 1336 838 1392 ἐν
863 1326 907 1415 ᾧ
944 1356 1071 1413 φησι
1107 1332 1199 1404 τὴν
1230 1338 1325 1410 γῆν
1353 1334 1444 1392 καὶ
1470 1332 1562 1404 τὴν
1592 1336 1851 1392 θάλατταν
1881 1334 2178 1409 αἰωρεῖσθαι

639 1421 729 1479 καὶ
755 1421 823 1479 τὰ
850 1420 1157 1498 σύμπαντα,
1184 1420 1274 1479 καὶ
1310 1426 1485 1480 τοῦτον
1514 1425 1584 1484 ὡς
1613 1420 1675 1479 ἂν
1700 1420 1888 1496 δεσμὸν
1916 1411 2046 1479 εἶναι
2074 1424 2177 1478 τῶν

637 1507 794 1585 ὅλων,
824 1507 956 1584 μήτε
982 1506 1228 1585 πορευτὸν
1259 1505 1392 1583 μήτε
1412 1507 1615 1565 πλωτὸν
1639 1506 1967 1586 ὑπάρχοντα·
1997 1507 2056 1565 τὸ
2084 1504 2177 1581 μὲν

639 1586 727 1652 οῧν
748 1598 822 1673 τῷ
850 1594 1101 1671 πλεύμονι
1129 1594 1286 1660 ἐοικὸς
1311 1592 1464 1660 αὐτὸς
1481 1594 1794 1673 ἑωρακέναι,
1822 1594 1990 1651 τᾶλλα
2011 1594 2065 1651 δὲ
2090 1596 2177 1651 λε’-

636 1704 743 1756 γειν
783 1680 833 1748 ἐξ
865 1684 1046 1751 ἀκοῆς.
1079 1684 1268 1741 Ταῦτα
1298 1680 1392 1756 μὲν
1425 1681 1491 1739 τὰ
1527 1686 1616 1739 τοῦ
1650 1679 1881 1754 Πυθέου,
1916 1680 2007 1738 καὶ
2049 1681 2175 1739 διότι

635 1766 927 1825 ἐπανελθὼν
973 1767 1169 1825 ἐνθένδε
1201 1775 1376 1825 πᾶσαν
1426 1767 1631 1826 ἐπέλθοι
1659 1765 1754 1836 τὴν
1792 1774 2171 1845 παρωκεανῖτιν

628 1857 724 1923 τῆς
755 1852 1011 1932 Εὒρώπης
1039 1854 1143 1911 ἀπὸ
1165 1853 1426 1931 Γαδείρων
1449 1853 1543 1919 ἕως
1565 1852 1840 1920 Τανάϊδος.

712 1940 863 2008 Φησὶ
899 1940 943 1996 δ’
972 1930 1058 1996 οὖν
1101 1939 1128 1992 δ
1182 1938 1440 2005 nomem<
1469 1940 1685 1998 ἄπιστον
1718 1940 1808 1997 καὶ
1836 1938 1960 1997 αὐτὸ
1993 1944 2173 2010 τοῦτο,

641 2028 743 2090 πῶς
775 2023 952 2102 ἰδιώτῃ
992 2025 1246 2103 ἀνθρώπῳ
1270 2026 1360 2084 καὶ
1389 2024 1573 2097 πένητι
1606 2025 1671 2082 τὰ
1694 2031 1921 2084 τοσαῦτα
1953 2025 2172 2095 διαστή-

635 2132 778 2184 ματα
805 2109 988 2166 πλωτὰ
1017 2110 1107 2167 καὶ
1134 2110 1360 2189 πορευτᾶι
1383 2111 1607 2189 γένοιτο·
1639 2110 1726 2169 τὸν
1751 2110 1795 2169 δ’
1825 2110 2170 2189 Ἐρατοσθένη

634 2196 1049 2273 διαπορήσαντα,
1080 2199 1123 2253 εἰ
1151 2198 1254 2276 χρὴ
1283 2198 1540 2256 πιστεύειν
1569 2198 1793 2270 τούτοις,
1814 2196 1956 2274 ὅμως
1976 2197 2095 2275 περί
2117 2220 2171 2256 τε

640 2286 722 2352 τῆς
753 2286 1099 2360 Βρεττανικῆς
1119 2282 1519 2342 πεπιστευκέναι
1547 2284 1635 2342 καὶ
1657 2288 1759 2342 τῶν
1781 2283 1918 2343 κατὰ
1946 2284 2170 2363 Γάδειρα

632 2370 721 2426 καὶ
748 2368 840 2439 τὴν
866 2368 1124 2449 Ἰὅηρίαν·
1153 2370 1286 2429 πολὺ
1315 2370 1371 2429 δέ
1402 2395 1528 2450 φησι
1553 2371 1752 2449 βέλτιον
1779 2376 1855 2451 τῷ
1888 2370 2172 2452 Μεσσηνίῳ

629 2457 887 2515 πιστεύειν
935 2455 969 2526 ἢ
999 2457 1179 2537 τούτῳ.
1216 2457 1284 2518 Ὁ
1310 2456 1484 2534 μέντοι
1512 2482 1569 2534 γε
1611 2460 1681 2524 εἰς
1710 2458 1832 2534 μίαν
1860 2456 2041 2537 χώραν
2078 2458 2170 2528 τὴν

633 2542 914 2622 Παγχαίαν
941 2542 1081 2620 λέγει
1108 2547 1357 2602 πλεῦσαι·
1388 2549 1416 2603 ὁ
1440 2543 1493 2603 δὲ
1519 2544 1609 2604 καὶ
1647 2544 1802 2624 μέχρι
1829 2548 1931 2603 τῶν
1964 2550 2052 2602 τοῦ
2085 2544 2171 2601 κό-

631 2652 765 2705 σμου
781 2630 1020 2709 περάτων
1044 2632 1464 2690 κατωπτευκέναι
1479 2630 1572 2703 τὴν
1587 2632 1932 2713 προσάρκτιον
1948 2636 2041 2702 τῆς
2068 2633 2170 2690 Εὗ-

631 2717 806 2794 ρώπης
832 2727 1028 2789 πᾶσαν,
1048 2718 1112 2788 ἣν
1141 2719 1245 2776 οὐδ’
1278 2717 1339 2777 ἂν
1364 2722 1439 2799 τῷ
1468 2718 1647 2799 Ἑρμῇ
1677 2718 1952 2778 πιστεύσαι
1987 2742 2062 2785 τις
2085 2717 2169 2776 λέ·

629 2824 786 2878 γοντι.
807 2802 1153 2882 Ἐρατοσθένη
1179 2804 1233 2861 δὲ
1262 2804 1348 2862 τὸν
1375 2804 1469 2881 μὲν
1492 2805 1764 2884 Εὗήμερον
1789 2808 2041 2883 Βεργαῖον
2067 2828 2164 2863 κα-

628 2887 756 2964 λεῖν,
788 2889 965 2966 Πυθέα
986 2889 1039 2946 δὲ
1061 2890 1316 2948 πιστεύειν
1337 2935 1353 2966 ,
1383 2889 1473 2955 καὶ
1497 2895 1662 2948 ταῦτα
1691 2891 1824 2967 μηδὲ
1846 2891 2169 2968 Δικαιάρχου

626 2975 1011 3040 πιστεύσαντος.
1036 2976 1115 3035 Τὸ
1140 2976 1233 3052 μὲν
1257 2969 1344 3034 οὗν
1365 2976 1495 3053 μηδὲ
1510 2976 1830 3056 Δικαιάρχου
1851 2978 2170 3035 πιστεύσαν-

625 3138 693 3186 ait
713 3138 881 3188 missos
899 3139 1052 3188 lacere
1063 3175 1078 3200 ,
1100 3141 1152 3193 in
1163 3153 1245 3189 eos
1265 3143 1427 3191 autem
1444 3141 1687 3203 inquirere
1703 3141 1846 3202 velle,
1861 3154 1890 3189 a
1907 3141 2082 3203 quibus
2099 3142 2168 3190 illi

625 3217 737 3264 sunt
763 3216 1058 3276 reprehensi,
1080 3219 1138 3264 ut
1154 3217 1480 3265 Dicaearchum
1499 3222 1547 3266 et
1572 3217 1960 3278 Eratosthenem,
1984 3217 2070 3278 qui
2091 3219 2169 3267 ul·

628 3292 772 3340 timus
786 3293 1116 3354 geographiam
1135 3295 1378 3356 tractarit,
1396 3296 1447 3343 et
1468 3294 1716 3363 Pytheam,
1733 3295 1816 3356 qui
1829 3295 1997 3343 multis
2012 3295 2169 3356 impo-

626 3369 773 3417 suerit
797 3387 810 3417 :
836 3368 965 3417 hunc
999 3370 1125 3417 enirn
1148 3370 1419 3432 perhibere,
1444 3373 1595 3420 totam
1633 3371 1827 3432 quidem
1861 3372 2158 3420 Britanniam

626 3444 824 3506 pedibus
841 3460 891 3494 se
909 3458 1192 3510 peragrasse,
1208 3448 1444 3497 ambitum
1457 3450 1618 3498 autem
1633 3449 1801 3499 insula}
1822 3448 2055 3511 maiorem
2069 3462 2170 3499 esse

625 3521 938 3583 quadraginta
967 3524 1229 3573 stadiorum
1257 3524 1468 3575 millibus
1489 3545 1501 3574 ι
1524 3527 1627 3574 tum
1646 3525 1708 3575 de
1733 3526 1888 3575 Thule
1912 3528 1962 3575 et
1980 3526 2080 3574 istis
2100 3526 2168 3575 lo·

625 3598 694 3646 cis
719 3598 784 3646 ita
818 3612 1035 3660 narrare,
1062 3614 1218 3662 neque
1243 3603 1420 3650 terram
1439 3603 1505 3651 ibi
1537 3615 1678 3664 porro
1709 3615 1833 3661 esse,
1860 3615 2017 3664 neque
2038 3615 2168 3651 mare

631 3686 786 3734 neque
809 3687 968 3723 aerem
998 3689 1106 3737 quac
1134 3678 1320 3739 proprie
1343 3681 1598 3740 vocantur,
1636 3678 1719 3728 sed
1741 3678 1985 3739 quippiam
2011 3691 2073 3727 ex
2094 3678 2168 3727 his

625 3754 902 3799 concretum
916 3787 931 3812 ,
959 3752 1196 3812 pulmonis
1221 3753 1391 3801 mariui
1413 3755 1592 3815 simile,
1616 3754 1666 3804 in
1683 3767 1779 3816 quo
1814 3756 1942 3804 terra
1966 3756 2017 3803 et
2036 3766 2168 3803 mare

623 3829 771 3887 atque
795 3828 1015 3878 universa
1045 3830 1266 3879 sublimia
1288 3832 1551 3893 pendeant,
1580 3831 1767 3893 hocque
1786 3844 1888 3881 esse
1911 3832 2047 3893 quasi
2065 3832 2168 3880 vin-

624 3905 790 3954 culum
807 3906 1046 3969 universi,
1079 3922 1235 3970 neque
1247 3909 1447 3971 pedibus
1467 3923 1737 3971 accessum,
1756 3922 1913 3972 neque
1935 3909 2163 3971 navibus;

622 3996 681 4030 ac
698 3984 940 4045 pulmonis
955 3986 1109 4035 simile
1126 3986 1245 4035 illud
1260 4000 1311 4036 se
1325 3987 1481 4049 ipsum
1496 3987 1683 4048 vidisse;
1703 3990 1860 4037 cetera
1878 3987 2044 4036 auditu
2062 4000 2167 4049 per-

623 4063 760 4121 cepta
777 4061 968 4110 referre.
991 4065 1107 4111 Haec
1125 4064 1353 4123 Pytheam
1382 4063 1569 4123 dicere,
1583 4062 1728 4125 idque
1744 4062 1918 4112 addere
1931 4098 1946 4123 ,
1966 4062 2076 4112 inde
2095 4075 2166 4111 re-

623 4148 812 4185 versum
839 4137 1072 4200 quidquid
1091 4142 1296 4202 Europae
1323 4142 1570 4202 regionum
1585 4142 1659 4190 est
1678 4139 1741 4188 ad
1760 4142 2007 4189 Oceanum
2036 4151 2165 4201 pera·

622 4225 779 4273 grasse
791 4249 805 4271 ‚
823 4227 851 4261 a
871 4214 1083 4264 Gadibus
1105 4215 1168 4264 ad
1187 4217 1367 4266 Tanain
1385 4229 1553 4279 usque.

685 4292 909 4353 Polybius
930 4297 1093 4344 autem
1117 4294 1164 4343 id
1186 4308 1377 4357 quoque
1397 4294 1671 4345 incredibile
1691 4295 1758 4343 ait
1780 4306 1906 4354 esse,
1926 4294 2165 4355 privatum

622 4367 864 4417 homiuem
878 4405 893 4430 ‚
918 4384 1124 4433 eumque
1162 4384 1446 4434 pauperem,
1475 4374 1667 4421 tantum
1700 4369 1839 4432 spatii
1865 4369 1982 4419 mari
2021 4373 2163 4419 terra·

622 4458 716 4506 que
734 4446 953 4496 obivisse.
975 4449 1333 4499 Eratosthenem
1360 4452 1521 4499 autem
1557 4450 1857 4499 dubitantem
1883 4448 2020 4497 hisne
2043 4451 2167 4498 esset

623 4520 739 4569 fides
756 4522 1048 4586 adhibenda,
1067 4528 1230 4574 tamen
1252 4539 1364 4588 quae
1385 4526 1446 4575 de
1471 4526 1743 4586 Britannia,
1773 4525 1985 4576 Gadibus
2015 4528 2064 4573 et
2088 4525 2167 4574 lli-

618 4603 783 4660 spania
795 4601 856 4649 ab
878 4616 935 4651 eo
956 4602 1179 4654 dicuntur
1199 4604 1451 4655 credidisse
1486 4624 1498 4653 =
1519 4605 1670 4654 multo
1692 4606 1852 4653 autem
1872 4603 2056 4664 (inquit
2074 4604 2165 4651 Po-

623 4677 810 4740 lybius)
841 4683 1104 4742 praestabat
1149 4685 1378 4732 Messenio
1409 4683 1628 4745 credere,
1662 4695 1809 4745 quam
1833 4682 2041 4742 Pytheae.
2082 4681 2166 4729 llle

620 4756 748 4805 enim
765 4761 949 4809 tantum
963 4774 1110 4815 unam
1130 4762 1176 4810 in
1196 4761 1431 4823 regionem
1454 4763 1733 4811 Panchaeam
1753 4760 2061 4821 senavigasse
2078 4759 2161 4818 ait;

623 4832 703 4880 hic
741 4828 1155 4896 septentrionalem
1191 4841 1430 4900 Europam
1454 4839 1725 4887 universam
1771 4850 1920 4898 usque
1955 4835 2016 4883 ad
2049 4836 2166 4884 finoe

622 4910 790 4959 mundi
817 4914 1124 4973 perlustrasse
1145 4913 1288 4977 dicit,
1323 4915 1452 4976 quod
1489 4928 1550 4963 ne
1579 4914 1817 4965 Mercurio
1858 4912 2052 4973 quidem
2089 4912 2164 4960 di-

621 4987 750 5034 centi
791 4989 1020 5039 crederes.
1069 4991 1264 5040 Interim
1302 4992 1656 5040 Eratosthenem
1672 5028 1685 5051 ‚
1719 4990 1803 5052 qui
1843 4989 2164 5038 Euhemerum

624 5065 872 5124 Bergaeum
892 5067 1121 5128 appellet,
1156 5068 1349 5129 Pytheae
1371 5067 1582 5127 credere,
1601 5070 1749 5128 atque
1774 5067 1866 5115 hoc
1881 5078 1942 5114 ne
1963 5066 2163 5115 Dicaear-

621 5141 717 5187 cho
735 5142 927 5201 quidem
950 5144 1190 5194 credente.
1216 5145 1269 5194 ld
1298 5144 1492 5206 quidem
1516 5144 1772 5192 ridiculum
1796 5145 1895 5203 est,
1922 5142 2055 5205 quod
2080 5142 2163 5192 Di-

1813 429 2256 490 DICAEARCHI
2299 430 2655 492 MESSEMI

2273 578 2376 630 τος,
2413 558 2636 633 γελοῖον·
2672 556 2849 635 ὥσπερ
2874 558 3050 637 ἐκείνῳ
3081 559 3260 618 κανόνι
3285 559 3555 638 χρήσασθαι
3578 567 3718 641 προσῇ·

2274 666 2382 717 κον,
2421 645 2537 702 καθ’
2585 637 2645 704 οὗ
2693 644 2963 712 τοσούτους
3005 647 3253 725 ἐλέγχους
3299 647 3441 714 αὐτὸς
3470 650 3721 728 προφέρεται·

2274 730 2675 807 Ἐρατοσθένους
2708 731 2761 789 δὲ
2809 730 3007 812 εἴρηται
3040 738 3077 803 ἡ
3116 733 3331 813 περὶτὰ
3368 736 3561 812 ἑσπέρια
3592 736 3658 792 καὶ
3680 736 3723 792 τὰ

2273 816 2494 897 ἀρκτικὰ
2519 822 2611 887 τῆς
2632 817 2889 897 Εὐρώπης
2916 820 3116 896 ἄγνοια.
3138 821 3277 878 Ἀλλ’
3300 820 3467 898 ἐκείνῳ
3487 820 3565 896 μὲν
3586 822 3652 878 καὶ
3664 828 3723 880 Aa·

2271 902 2512 983 καιάρχῳ
2547 905 2856 981 συγγνώμη,
2898 909 3004 973 τοῖς
3040 906 3119 983 μὴ
3159 908 3417 964 κατιδοῦσι
3456 906 3555 972 τοὺς
3588 907 3725 972 τόπους

2272 989 2521 1056 ἐκείνως·
2546 991 2794 1071 Πολυόίῳ
2815 992 2869 1050 δὲ
2894 993 2983 1050 καὶ
3002 992 3337 1069 Ποσειδωνίῳ
3355 992 3427 1058 τίς
3442 992 3499 1050 ἂν
3523 993 3720 1070 συγγνοίη;

2274 1074 2429 1133 Ἀλλὰ
2463 1074 2567 1152 μὴν
2607 1076 2866 1143 Πολύὸιός
2888 1078 2948 1153 γέ
2973 1079 3166 1137 ἐστινὸ
3194 1077 3575 1154 λαοδογματικὰς
3602 1082 3722 1135 καλῶν

2271 1162 2575 1241 ἀποφάσεις,
2595 1162 2655 1228 ἃς
2679 1170 2942 1223 ποιοῦνται
2963 1164 3208 1243 περὶτῶν
3232 1166 3285 1221 ἐν
3302 1164 3485 1229 τούτοις
3504 1172 3589 1229 τοῖς
3604 1166 3723 1226 τόποις

2270 1248 2636 1324 διαστημάτων
2674 1252 2764 1308 καὶ
2798 1252 2851 1308 ἐν
2889 1250 3063 1316 ἄλλοις
3101 1252 3340 1320 πολλοῖς,
3374 1251 3480 1306 ἀλλ’
3502 1251 3590 1306 οὐδ’
3611 1253 3651 1305 ἐν
3676 1240 3723 1311 οἷς

2275 1333 2497 1400 ἐκείνους
2524 1335 2726 1414 ἐλέγχει
2740 1337 3061 1414 καθαρεύων.
3094 1339 3210 1395 Τοῦ
3229 1341 3348 1411 γοῦν
3370 1334 3640 1412 Δικαιάρχου
3657 1358 3723 1407 μυ-

2270 1419 2403 1498 ρίους
2425 1420 2521 1498 μὲν
2546 1423 2775 1489 εἰπόντος
2797 1424 2915 1488 τοὺς
2938 1423 3023 1481 ἐπὶ
3050 1422 3265 1491 Στήλας
3287 1422 3388 1480 ἀπὸ
3412 1426 3495 1490 τῆς
3519 1422 3718 1479 Heium„-

2266 1507 2425 1576 νήσου
2446 1508 2715 1577 σταδίους.
2734 1509 2940 1576 πλείους
2962 1510 3016 1567 δὲ
3040 1508 3239 1567 τούτων
3266 1507 3379 1573 τοὺς
3403 1508 3563 1565 ἐπὶτὸν
3580 1506 3723 1583 Ἀδρίαν

2268 1590 2424 1670 μέχρι
2467 1598 2558 1651 τοῦ
2593 1599 2761 1671 μυχοῦ
2778 1638 2794 1668 ,
2834 1600 2925 1652 τοῦ
2955 1593 3000 1651 δ’
3036 1594 3125 1651 ἐπὶ
3176 1594 3383 1663 Στήλας
3420 1593 3473 1650 τὸ
3510 1591 3636 1669 μέχρι
3662 1596 3722 1646 τοῦ

2272 1682 2515 1757 Πορθμοῦ
2539 1680 2851 1758 τρισχιλίους
2880 1680 3162 1746 ἀποδόντος
3177 1725 3193 1756 ,
3214 1684 3283 1745 ὡς
3305 1682 3515 1756 γίνεσθαι
3536 1678 3585 1735 τὸ
3596 1677 3721 1734 λοιπὸν

2265 1767 2683 1843 ἑπτακισχιλίους
2696 1767 2755 1824 τὸ
2774 1767 2878 1826 ἀπὸ
2896 1770 3144 1846 Πορθμοῦ
3162 1766 3317 1845 μέχρι
3333 1768 3545 1835 Στηλῶν·
3556 1761 3647 1829 τοὺς
3656 1762 3721 1837 μὲν

2264 1852 2579 1931 τρισχιλίους
2595 1855 2683 1910 ἐᾶν
2700 1874 2873 1931 φησιν,
2893 1852 2986 1910 εἴτ’
3005 1844 3065 1911 εὗ
3083 1851 3439 1928 λαμὸάνονται
3455 1851 3542 1908 εἴτε
3558 1848 3631 1925 μὴ,
3643 1847 3722 1909 τοὶς

2264 1938 2308 1995 δ’
2333 1940 2751 2017 ἑπτακισχιλίους
2775 1939 3079 2019 οὐδετέρως,
3116 1939 3235 1997 οὐδὲ
3264 1937 3356 2009 τὴν
3380 1935 3607 2016 παραλίαν
3620 1936 3723 2006 ἐκμε·

2262 2030 2483 2103 τροῦντι,
2504 2024 2619 2085 οὔτε
2648 2026 2741 2095 τὴν
2767 2025 2850 2084 διὰ
2873 2024 3035 2102 μέσου
3055 2032 3148 2083 τοῦ
3166 2023 3431 2101 πελάγους.
3448 2027 3492 2082 Τ
3493 2022 3546 2092 ὴν
3563 2019 3635 2096 μὲν
3652 2017 3720 2093 γὰρ

2264 2112 2528 2190 παραλίαν
2558 2112 2779 2171 ἐοικέναι
2809 2112 3021 2188 μάλιστ’
3054 2110 3287 2189 ἀμὸλεία
3324 2107 3505 2187 γωνίᾳ,
3535 2102 3719 2182 βεὸηκυία

2263 2199 2350 2255 ἐπί
2371 2222 2426 2256 τε
2445 2204 2535 2257 τοῦ
2555 2202 2800 2277 Πορθμοῦ
2821 2199 2908 2257 καὶ
2929 2203 3030 2258 τῶν
3048 2201 3290 2271 Στηλῶν,
3310 2195 3516 2276 κορυφὴν
3528 2195 3567 2250 δ’
3581 2189 3718 2268 ἐχούσῃ

2264 2284 2526 2362 Νάρὸωνα
2545 2308 2558 2321 ·
2577 2283 2712 2343 ὥστε
2744 2285 3081 2344 συνίστασθαι
3104 2284 3353 2364 τρίγωνον
3386 2282 3520 2360 βάσιν
3548 2277 3642 2356 ἔχον
3658 2272 3719 2340 ἢ*

2262 2371 2348 2429 διὰ
2376 2376 2466 2429 τοῦ
2502 2370 2757 2449 πελάγους
2785 2374 3005 2442 εὐθεῖαν,
3038 2370 3267 2449 πλευρὰς
3291 2369 3343 2427 δὲ
3375 2368 3461 2433 τὰς
3488 2365 3566 2433 τὴν
3583 2360 3718 2438 γωνίῑ*

2263 2457 2511 2523 ποιούσας
2539 2458 2634 2529 τὴν
2675 2460 2966 2537 λεχθεῖσαν,
3005 2449 3079 2515 ὧν
3107 2463 3141 2530 ἠ
3179 2457 3275 2535 μὲν
3307 2455 3405 2513 ἀπὸ
3430 2458 3507 2512 τοῦ
3537 2450 3718 2527 Πορθμῡῖ

2263 2543 2421 2624 μέχρι
2467 2544 2749 2623 Νάρὸωνος
2791 2545 2985 2624 μυρίων
3015 2544 3128 2603 ἐστὶ
3166 2544 3258 2603 καὶ
3286 2540 3517 2600 πλειόνων
3530 2534 3571 2604 ,ἢ
3596 2535 3718 2590 &wr-

2264 2630 2387 2689 σίων
2418 2630 2503 2688 ἐπὶ
2526 2639 2633 2698 τοῖς
2651 2630 2837 2710 χιλίοις
2852 2676 2867 2701 ,
2892 2636 2925 2700 ἡ
2947 2628 3001 2688 δὲ
3022 2631 3187 2701 λοιπὴ
3211 2632 3377 2708 μικρῷ
3398 2620 3591 2704 [λοιπὸν]
3614 2620 3718 2675 ἔλατ·

2261 2717 2421 2774 τόνων
2440 2716 2474 2788 ἢ
2491 2719 2890 2797 ὀκτακισχιλίων
2904 2741 2917 2755 ·
2932 2717 3021 2775 καὶ
3043 2717 3151 2795 μὴν
3167 2718 3403 2776 πλεῖστον
3422 2710 3505 2787 μὲν
3520 2706 3717 2797 διάστημῗ

2262 2804 2364 2861 ἀπὸ
2382 2808 2473 2875 τῆς
2494 2805 2749 2884 Εὐρώπης
2768 2805 2852 2863 ἐπὶ
2871 2804 2965 2875 τὴν
2979 2806 3188 2876 Λιὸύην
3206 2800 3542 2881 ὁμολογεῖσθαι
3554 2788 3658 2894 aar}
3675 2807 3715 2841 τῦ

2261 2891 2584 2968 Τυρρηνικὸν
2600 2891 2824 2967 πέλαγος
2844 2890 3066 2949 σταδίων
3084 2895 3145 2950 οὗ
3163 2889 3402 2949 πλειόνων
3420 2883 3451 2954 ἢ
3469 2878 3714 2960 τρισχιλιων,

2262 2975 2397 3035 κατὰ
2409 2978 2464 3035 τὸ
2480 2978 2697 3056 Σαρδών
2704 3001 2776 3036 ιον
2788 2977 2840 3035 δὲ
2851 2980 2918 3035 λα
2925 2975 3141 3053 μὸάνειν
3158 2970 3466 3052 συναγωγήν·
3478 2966 3592 3027 Ἀλλ’
3604 2959 3713 3020 ἔστων

2586 3070 3705 3107 ———-——„-.....-

2257 3143 2531 3191 caearchum
2571 3144 2778 3206 profert,
2811 3144 2947 3206 quasi
2973 3156 3090 3193 vero
3115 3140 3363 3193 conveniat
3379 3147 3477 3186 cum
3506 3124 3624 3178 vdflfi
3638 3130 3713 3205 ΨΥ·

2254 3230 2384 3267 mam
2419 3220 2582 3280 sequi,
2600 3232 2745 3281 quem
2780 3220 2880 3281 ipsc
2900 3219 3128 3281 Polybius
3161 3221 3237 3269 tot
3261 3203 3641 3288 reprehensiombss
3666 3206 3712 3242 ¹¹¹·

2256 3296 2411 3343 cessit.
2440 3294 2632 3343 Dictum
2651 3297 2724 3344 est
2737 3298 2901 3343 antem
2919 3309 3065 3357 quam
3082 3296 3229 3345 luerit
3258 3287 3560 3343 Eratosuienoe
3577 3280 3714 3336 *gmflss

2256 3368 2561 3420 occiduarum
2581 3373 2632 3420 et
2647 3371 3087 3433 septentrionalium
3125 3376 3333 3431 Europoe
3354 3361 3550 3427 partium
3580 3353 3710 3432 vfffffl'

2256 3446 2367 3495 huic
2392 3447 2585 3508 quidem
2608 3450 2657 3497 et
2683 3448 2961 3499 Dicaearcho
2980 3447 3141 3497 danda
3172 3448 3244 3497 est
3269 3443 3427 3500 venia,
3455 3431 3630 3519 quilooe
3648 3420 3711 3521 Ψ,

2256 3528 2352 3571 non
2371 3523 2679 3585 inspexerunt
2701 3543 2713 3573 ι
2743 3523 2827 3573 sed
2849 3524 3044 3585 Polybio
3062 3526 3115 3573 et
3148 3518 3395 3573 Posidonio
3415 3511 3509 3575 ‘1⁰5⁸
3532 3498 3703 3589 W}

2256 3598 2398 3661 Atqui
2418 3599 2457 3647 is
2472 3602 2544 3649 est
2566 3599 2817 3661 Polybius,
2837 3600 2921 3661 qui
2936 3611 3045 3662 quae
3059 3598 3121 3647 de
3141 3599 3310 3647 horum
3327 3594 3519 3642 locorum
3537 3574 3709 3665 ᾶῐξῑξῦῑῑΰ

2254 3677 2302 3724 et
2328 3674 2431 3723 anis
2454 3676 2617 3725 munis
2652 3676 2720 3724 ini
2750 3677 3027 3737 proferunt,
3052 3689 3081 3724 a
3104 3676 3248 3737 vulgo
3274 3666 3506 3727 conceptas
3527 3657 3709 3732 ⁰9·an

2254 3754 2418 3812 νοσεῖς
2437 3764 2589 3814 quum
2607 3751 2729 3801 nein
2756 3752 2828 3801 his
2844 3752 3063 3814 quidem,
3089 3753 3139 3800 in
3160 3750 3331 3814 quibus
3343 3744 3440 3794 illos
3462 3722 3705 3797 reprehendi&

2254 3829 2370 3877 vitto
2383 3831 2557 3879 careat.
2580 3834 2739 3888 Quum
2758 3830 2886 3879 enim
2904 3830 3215 3879 Dicaearchus
3228 3841 3257 3877 a
3279 3823 3564 3882 peloponneso
3577 3804 3623 3854 ’Δ
3640 3804 3707 3920 0οἇ
3794 3852 3795 3881 ι

2252 3908 2444 3957 lumnas
2475 3908 2627 3957 stadia
2662 3911 2885 3958 numeret
2910 3908 3067 3957 decies
3096 3909 3256 3966 mille,
3279 3903 3351 3952 his
3376 3898 3500 3980 plu-¹⁸.
3523 3894 3642 3945 ”⁶4⁶⁶
3663 3888 3682 3923 ²

2253 3983 2474 4033 intimum
2506 3984 2736 4034 Adriatici
2756 3984 2890 4035 sinus
2922 3997 3192 4046 recessum,
3211 3984 3260 4033 et
3284 3977 3372 4028 tria
3399 3970 3527 4020 muln
3555 3952 3704 4015 ΝΜ

2252 4060 2504 4111 intervallo
2520 4061 2651 4123 quod
2670 4061 2922 4123 porrigitur
2948 4074 3112 4110 versus
3130 4061 3387 4110 columnas
3410 4054 3541 4105 “54⁰⁰
3553 4034 3602 4086 ’ἃ
3624 4031 3704 4079 ¹³¹⁸

2252 4140 2359 4187 tum
2371 4171 2386 4197 ,
2405 4140 2461 4185 ut
2476 4136 2594 4185 fiant
2618 4137 2680 4186 de
2696 4140 2856 4187 cetero
2871 4150 2900 4185 a
2920 4140 3061 4187 Freto
3080 4148 3230 4199 usque
3246 4131 3307 4182 ad
3326 4126 3550 4178 columnas
3569 4104 3701 4158 “W

2254 4227 2363 4262 rum
2376 4215 2555 4275 septem
2575 4213 2722 4262 millia
2744 4213 2995 4275 :Polybius
3013 4213 3080 4261 ait
3094 4249 3108 4273 ,
3127 4213 3190 4262 de
3213 4208 3357 4260 trihus
3372 4195 3553 4250 millibus
3572 4197 3613 4234 se
3635 4187 3701 4299 {¹5¹¹

2253 4288 2492 4351 disputare
2505 4326 2519 4351 ,
2544 4302 2718 4339 verene
2740 4303 2801 4339 an
2822 4290 2938 4339 salso
2952 4290 3210 4351 ponantur,
3233 4282 3311 4334 sed
3329 4281 3410 4329 ista
3431 4275 3579 4357 Sssspoem
3595 4255 3656 4307 ”¹¹¹
3670 4263 3700 4297 ¹³

2251 4379 2407 4427 neque
2420 4365 2670 4414 maritimae
2693 4378 2791 4413 orae
2808 4377 3068 4424 mensurae,
3088 4376 3244 4425 neque
3260 4370 3339 4422 per
3359 4347 3542 4401 medium
3559 4332 3616 4398 1³⁰¹

2251 4444 2409 4493 ductae
2436 4444 2574 4493 lineae
2605 4442 2902 4506 respondere.
2936 4446 3055 4492 Nam
3079 4455 3215 4491 oram
3247 4432 3518 4514 maritimam·
3538 4425 3617 4465 0⁸⁵⁶
3640 4417 3699 4528 Ἦ·

2250 4521 2403 4583 prime
2416 4521 2618 4570 similem
2631 4520 2804 4582 angulo
2821 4520 3012 4579 obtuso,
3038 4522 3181 4568 Freto
3200 4521 3246 4567 et
3262 4513 3484 4563 Colummss
3503 4490 3656 4567 mm.
3680 4514 3693 4537 ¹

2252 4597 2386 4658 cujus
2404 4601 2569 4647 vertex
2585 4598 2647 4647 sit
2661 4597 2819 4647 Narbo
2841 4617 2852 4646 :
2869 4598 2937 4645 ita
2954 4598 3010 4645 ut
3021 4596 3332 4645 constituatur
3344 4574 3582 4639 triangfflffi’
3597 4567 3698 4678 ΜΞ

2251 4673 2377 4722 basis
2392 4675 2454 4723 sit
2472 4678 2600 4723 recta
2621 4674 2742 4722 linea
2766 4686 2850 4734 per
2869 4673 3022 4721 altum
3045 4671 3193 4721 ducta
3210 4678 3361 4725 mare,
3376 4660 3504 4709 ¹⁸13*
3524 4644 3646 4694 ΨΜ
3659 4718 3694 4755 m

2253 4753 2388 4801 lineis
2402 4752 2695 4821 efficiantur,
2712 4764 2824 4813 quae
2841 4751 3024 4800 dictum
3040 4750 3289 4799 includunt
3305 4736 3523 4801 angulum,
3540 4724 3659 4797 (lum,

2251 4835 2381 4894 quod
2403 4847 2431 4882 a
2449 4837 2588 4882 Freto
2605 4836 2678 4883 est
2711 4833 2979 4882 Narbonem
3006 4844 3187 4893 usque,
3215 4825 3355 4879 stadia
3386 4809 3510 4899 habet
3532 4793 3696 4912 ”⁰423

2252 4910 2385 4959 mille
2409 4910 2617 4959 ducenta
2635 4912 2685 4959 et
2715 4909 2920 4971 amplius
2935 4946 2950 4971 ,
2970 4909 3174 4957 alterum
3204 4900 3354 4969 paullo
3377 4895 3513 4942 ¹⁰¹⁰oe
3530 4874 3587 4925 δι
3650 4932 3692 4984 ,ἃ

2254 4987 2519 5037 stadiorum
2534 4987 2742 5037 millibus
2772 5000 2859 5036 :ac
2875 4986 3201 5047 longissimum
3221 4978 3397 5046 quidem
3423 4964 3476 5015 ³¹³
3494 4954 3693 5065 Εωῖορῖοῃ,

2253 5064 2458 5115 Africam
2481 5064 2785 5113 intervallum
2816 5063 3081 5113 secundum
3113 5074 3243 5110 mare
3276 5044 3535 5131 Tyrrhenuffl
3560 5037 3596 5073 ¹¹¹
3632 5052 3640 5101 '-
3665 5081 3693 5133 (ς

2253 5142 2371 5191 sesso
2400 5140 2560 5190 haberi
2586 5152 2682 5189 non
2716 5140 2920 5201 amplius
2941 5150 3041 5189 esse
3067 5142 3137 5187 ter
3160 5136 3282 5186 mille
3297 5123 3459 5179 stad¹¹⁸ae
3478 5110 3601 5161 ffl¹⁰⁰⁵
