3900 6042
1414 505 1825 569 DIONYSlUS
1870 506 2233 567 RHODIUS.
3385 518 3422 567 9

981 659 1036 713 9.

286 768 451 825 Idem
475 772 570 839 Π,
600 769 724 845 965
754 790 769 826 2
795 765 1062 832 Διονύσιος
1089 767 1140 824 ἐν
1170 762 1389 844 δευτέρῳ
1417 762 1552 822 κατὰ
1582 761 1783 833 Λιὸύην

224 852 367 921 αὐτὸς
384 855 778 934 (Amazones)
801 854 1061 934 ᾠκηκέναι
1077 851 1222 932 φησί·
1243 851 1396 930 ῥώμῃ
1422 851 1476 909 δὲ
1502 849 1785 928 διενεγκού·

221 963 307 1008 σας
332 942 426 999 καὶ
452 940 805 1023 τρεψαμένας
837 940 952 1007 τους
980 940 1222 1019 ὁμόρους,
1253 941 1415 997 ἐλθεῖν
1451 937 1541 997 καὶ
1573 938 1658 996 ἐπὶ
1686 937 1781 1008 τὴν

221 1026 501 1107 Εὐρώπην,
525 1031 622 1086 καὶ
641 1029 843 1094 πολλὰς
864 1025 1038 1086 αὐτόθι
1055 1024 1232 1092 πόλεις
1249 1026 1425 1083 κτίσαι
1454 1023 1704 1092 ὑποτάξαι
1723 1048 1781 1081 τε

223 1116 395 1180 αδταῖς
418 1114 482 1173 τὸ
508 1114 850 1174 Ἀτλαντικὸν
869 1112 1035 1185 ἔθνος,
1058 1102 1139 1169 8
1103 1136 1166 1183 ην
1195 1111 1552 1170 δυνατώτατον
1570 1113 1673 1169 τῶν
1692 1114 1785 1181 τῆς

223 1201 438 1272 Λιὸύης.

291 1291 646 1363 Libycarum
702 1294 1048 1346 Amazonum
1085 1289 1375 1344 historiam
1416 1288 1674 1342 novimus
1715 1305 1784 1341 ex

218 1376 483 1431 Diodoro
511 1376 636 1451 (ΙΙΙ
653 1418 669 1444 ,
698 1375 772 1431 52
795 1374 948 1452 sqq.)
963 1415 980 1444 ‚
1002 1376 1099 1449 qui
1122 1386 1410 1430 auctorem
1431 1393 1592 1427 suum
1610 1373 1785 1427 diser-

219 1462 283 1515 tis
299 1462 497 1516 verbis
534 1463 791 1515 nominat
809 1478 934 1533 cap.
978 1459 1073 1529 51,
1137 1459 1191 1514 3.
1232 1460 1490 1516 Ceterum
1523 1460 1695 1513 verba
1733 1458 1784 1514 ἐν

217 1543 448 1622 δευτέρῳ
470 1565 595 1600 11011
616 1546 688 1601 ad
708 1548 1043 1601 Amazonion
1058 1546 1265 1614 refero,
1286 1544 1385 1600 sed
1404 1544 1477 1599 ad
1499 1546 1784 1617 Argonau-

220 1635 327 1687 tica
354 1651 432 1686 ex
475 1632 687 1704 quibus
714 1632 934 1705 reliqua
973 1650 1070 1686 sua
1114 1633 1408 1687 scholiasta
1433 1632 1648 1704 petivit.
1695 1630 1783 1683 Ibi

218 1719 539 1790 Dionysius
562 1719 620 1771 in
646 1729 964 1773 transcursu
1001 1737 1155 1773 suam
1177 1717 1250 1773 de
1271 1717 1647 1772 Amazonibus
1678 1716 1784 1769 do-

216 1807 471 1860 ctrinam
516 1803 755 1878 tetigisse
781 1815 841 1859 et
871 1805 1088 1879 vulgari
1127 1804 1420 1860 traditioni
1463 1805 1785 1877 opposuisse

218 1892 469 1947 videtur.

840 1980 1162 2007 ψ

971 2097 1038 2134 10
1063 2121 1078 2136 .
1130 2122 1141 2129 .

294 2191 464 2245 Idem
489 2193 577 2258 11,
605 2198 766 2257 904.
789 2187 921 2247 “on
943 2078 1336 2263 ξιατίπολέμησε
1314 2210 1365 2244 «ν
1392 2186 1583 2253 Ἰνδοὺς
1609 2191 1637 2245 ὁ
1664 2187 1783 2245 Διό·

216 2298 371 2341 νυσος
400 2274 675 2341 Διονύσιός
702 2298 832 2357 φησι
859 2275 950 2333 καὶ
974 2275 1338 2356 Ἀριστόδημος
1366 2277 1418 2332 ἐν
1445 2272 1637 2355 πρώτῳ
1665 2277 1789 2344 Θη-

218 2363 425 2420 Εαῖκῶν
469 2362 892 2441 ἐπιγραμμάτων
932 2364 1021 2420 καὶ
1067 2360 1392 2440 Κλείταρχος
1430 2363 1482 2418 ἐν
1514 2362 1628 2427 ταῖς
1667 2359 1786 2439 περὶ

120 2448 563 2528 ’Ἀλεξάνδρου
591 2447 859 2527 ἱστοριαις.
890 2453 1017 2507 Hoc
1046 2469 1183 2505 num
1207 2450 1281 2505 ad
1309 2449 1684 2523 Mitylenaeum
1713 2470 1787 2505 an

220 2540 473 2594 Samium
501 2541 837 2613 Dionysium
868 2537 1225 2596 referendum
1263 2540 1362 2609 sit,
1392 2539 1604 2597 nescio.
1634 2536 1782 2594 Illud

221 2626 613 2697 probabilius.

304 2710 803 2784 Scytobrachionis
832 2714 1177 2768 mentionem
1198 2709 1467 2767 Miillerus
1485 2712 1656 2767 latere
1677 2731 1785 2785 pu·

232 2799 365 2853 tavit
386 2800 447 2852 in
474 2800 661 2853 Tzetz.
692 2799 763 2854 ad
799 2802 938 2872 Lyc.
970 2807 1113 2869 ¹247
1150 2820 1164 2854 ι
1210 2796 1316 2857 Καὶ
1340 2795 1604 2863 Διονύσιός
1629 2819 1786 2876 φησιν

233 2882 263 2938 ὃ
280 2885 565 2948 Σκιωναῖος
589 2886 700 2958 (sic
724 2886 841 2941 duo
862 2886 1034 2941 codd.
1052 2887 1264 2960 ‚vulgo
1289 2885 1585 2959 Σκυμναῖος
1600 2884 1638 2959 )·
1687 2882 1783 2942 Μὰ

237 2966 325 3035 τὰς
345 2969 561 3028 Θεοίνου
583 2969 677 3027 καὶ
698 2970 997 3049 Κορωνίόας
1019 2970 1192 3049 κόρας.
1215 2975 1395 3046 Igitur
1422 2991 1493 3027 ex
1512 2973 1786 3041 Μυθικοῖς,

242 3076 360 3129 quae
374 3060 619 3113 versibus
639 3070 915 3132 concepta
936 3072 1095 3115 erant
1107 3061 1319 3132 ,petita
1345 3059 1550 3115 forent.
1573 3062 1693 3134 Ego
1713 3060 1786 3115 de

243 3144 501 3217 Dionysio
527 3146 847 3218 Sinopensi,
866 3155 1033 3219 poeta
1059 3148 1298 3217 comico,
1326 3147 1781 3220 cogitarimalim.

968 3294 1058 3329 11.

318 3388 397 3441 Ex
412 3387 665 3463 Τρωικῶν
689 3388 848 3442 libris
874 3385 1103 3443 fluxerit
1129 3389 1317 3444 Schol.
1351 3391 1519 3445 Hom.
1562 3388 1783 3459 11.111,

254 3478 357 3535 40·
392 3472 650 3538 Διονύσιός
677 3494 834 3552 φησιν
867 3476 895 3530 ὁ
938 3472 1350 3553 Σκυτοὸραχίων
1382 3473 1650 3553 Δάρδανον
1681 3474 1786 3532 ἀπὸ

254 3555 447 3628 Ἑλένης
475 3559 561 3617 καὶ
598 3559 829 3639 Πάριδος
861 3583 1006 3617 ειναι.
1038 3562 1179 3618 vide
1215 3564 1390 3618 Wolf.
1430 3564 1687 3636 Prolegg.
1722 3583 1781 3636 p.

258 3652 378 3717 194
414 3659 468 3701 et
496 3649 767 3703 Welcker
797 3649 949 3720 Cjcl.
973 3668 1034 3722 p.
1060 3648 1168 3721 86;
1192 3650 1399 3704 scilicet
1423 3662 1549 3724 post
1576 3652 1686 3715 111,
1712 3658 1785 3716 40

249 3732 313 3787 Ι).
341 3752 539 3789 novum
575 3754 799 3790 versum
828 3737 1096 3790 inseruit·
1084 3776 1097 3789 .
1128 3733 1285 3805 Μηδέ
1306 3757 1357 3792 τι
1379 3734 1621 3810 γούνασιν
1655 3691 1785 3793 όῖσιν

243 3818 541 3897 ἀρέσσασθαι
570 3818 719 3899 φίλον
745 3817 853 3876 υἱὸν
882 3818 1169 3899 Δάρδανον.

440 4104 1027 4191 DIONYSIUS
1081 4103 1564 4193 RHODIUS

682 4274 889 4340 SIVE
949 4273 1320 4341 SAMIUS.

609 4432 929 4492 nimos
969 4433 1403 4492 lz't'oplxoz'..

985 4574 1008 4610 1
1020 4597 1035 4613 .

707 4677 753 4730 E
795 4678 1017 4734 LIBRO
1058 4680 1313 4737 PRIMO.

301 4807 496 4861 Schol.
524 4808 669 4861 Eur.
689 4806 887 4862 Phoen.
919 4826 942 4862 1
959 4826 981 4862 1
998 4827 1019 4862 1
1032 4809 1106 4862 6:
1133 4804 1397 4873 Διονύσιος
1411 4808 1465 4865 δὲ
1486 4808 1540 4865 ἐν
1558 4814 1632 4866 τῶ
1648 4810 1790 4888 πρώ-

226 4913 300 4968 τῳ
314 4912 407 4949 του
371 4892 639 4951 ’Κύκλου
665 4890 865 4969 βύρσαν
882 4892 1317 4970 αὖτὺν(Α18-11111)
1338 4895 1621 4973 ἠμφιέσθαι
1642 4899 1787 4976 φησὶ,

232 4975 319 5034 καὶ
338 4977 523 5056 κύκλῳ
548 4977 613 5035 τὸ
636 4980 796 5051 σῶμα
819 4976 937 5036 ὅλον
958 4981 1339 5057 ὠμματῶσθαι.
1365 4980 1432 5042 Ὁ
1448 4980 1501 5039 δὲ
1521 4983 1607 5041 τὸν
1635 4985 1787 5062 Αἰγί-

236 5084 347 5136 μιον
364 5063 591 5132 ποιήσας
618 5064 782 5143 φησὶν

354 5176 446 5224 Καί
464 5179 512 5224 οἱ
530 5176 796 5225 ἐπίσκοπον
819 5176 987 5238 Ἄργον
1007 5179 1066 5227 tet
1090 5178 1307 5243 κρατερόν
1327 5195 1378 5228 τε
1398 5183 1541 5242 μέγαν
1517 5198 1634 5235 ν.τε

354 5245 565 5306 τέτρασιν
584 5246 891 5308 ὀφθαλμοῖσιν
866 5248 1136 5310 νόρώμενον
1157 5250 1265 5299 ἔνθα
1284 5251 1364 5299 καὶ
1379 5250 1516 5304 ἔνθα.

1998 643 2240 705 ἀκάματον
2267 643 2319 692 δι’
2336 645 2381 691 οἱ
2402 642 2526 706 ὦρσε
2549 643 2632 690 θεὰ
2652 642 2813 704 μένος,
2836 642 2944 690 οὐδέ
2965 643 3011 691 οἱ
3038 642 3178 697 ὕπνος

1994 718 2159 761 πῖπτεν
2179 714 2254 762 ἐπὶ
2275 713 2534 776 βλεφάροις,
2562 714 2742 774 φυλακὴ
2761 713 2801 760 δ’
2824 712 2929 773 ἔχεν
2947 711 3147 773 ἔμπεδον
3167 711 3321 759 αὐτόν.

1879 859 1903 887 α
1936 835 2255 911 Legebamr
2278 836 2328 891 ἐν
2352 836 2427 912 τῷ
2455 830 2743 909 ἑνδεκάτῳ,
2777 836 2876 905 qui
2900 850 3063 888 error
3081 843 3238 887 natus
3260 825 3378 887 erat
3396 853 3426 887 e

1870 925 2145 996 scriptura
2169 922 2218 980 T
2234 923 2286 979 Ω
2305 923 2329 979 Ι
2347 922 2414 979 Α.
2439 925 2641 978 Veram
2680 922 2976 975 lectionem
3001 938 3070 975 ex
3093 922 3237 993 Aug.
3270 921 3429 974 resti-

1870 1011 1979 1063 tuit
2009 1010 2270 1067 Valcken.
2300 1011 2465 1064 Taur.
2496 1008 2547 1063 ἐν
2574 1008 2649 1082 τῷ
2677 1000 2821 1063 ἀΐτου
2861 1003 3056 1082 κύκλῳ.
3085 1036 3164 1048 -
3189 1008 3334 1079 Aug.
3373 1015 3429 1059 et

1870 1097 2039 1153 Taur.
2083 1092 2290 1172 φυλάκη
2333 1092 2376 1150 δ’
2417 1092 2533 1171 ἔχεν
2578 1092 2783 1169 (Taur.
2820 1088 3006 1168 ἔσχεν)
3038 1091 3258 1161 ἔμπεδος
3297 1089 3427 1159 αἰεί,

1871 1182 2030 1254 quod
2059 1200 2256 1237 verum
2283 1181 2529 1236 videtur.
2575 1181 2751 1234 Paulo
2790 1191 2918 1234 ante
2959 1182 3102 1252 Aug.
3136 1175 3311 1232 πίπτει
3343 1176 3428 1232 ἐπὶ

1874 1268 2165 1346 βλεφάρων.
2182 1271 2376 1324 Taur.:
2402 1269 2449 1323 οἱ
2468 1264 2626 1330 ὕπνος
2647 1262 3056 1343 ἐπιὸλεφάροισι.
3077 1266 3254 1319 Etiam
3269 1266 3298 1318 J
3304 1276 3422 1320 unt.

1870 1356 2033 1410 Basil.
2070 1353 2389 1433 βλεφάροισι.
2440 1379 2463 1403 »
2501 1354 2833 1411 MATTmAE.
2865 1384 2944 1394 -—
2969 1355 3170 1408 Versus
3211 1350 3429 1425 AEgirnii

1870 1441 1988 1513 ipse
2005 1441 2304 1513 Dionysius
2321 1439 2664 1494 laudaverat.
2687 1441 2772 1494 Ex
2795 1438 2996 1493 eodem
3019 1437 3284 1493 fluxerint
3303 1456 3427 1492 ver·

1870 1545 1961 1581 sus
1977 1538 2221 1599 quatuor
2235 1527 2425 1583 Iliadis
2439 1545 2644 1599 parvae,
2661 1545 2803 1599 quos
2826 1525 3000 1580 schol.
3019 1527 3194 1582 Vatic.
3216 1527 3274 1578 in
3291 1526 3424 1582 Eur.

1870 1614 2040 1668 Rhes.
2076 1613 2188 1668 823
2217 1615 2303 1669 his
2328 1614 2640 1668 introducit
2665 1613 2850 1667 verbis
2878 1631 2891 1665 :
2918 1608 3068 1674 Τινὲς
3089 1611 3187 1686 οὐχ
3203 1606 3392 1674 ἵππους
3410 1653 3428 1685 ,

1872 1697 2009 1755 ἀλλὰ
2030 1703 2228 1777 χρυσῆν
2251 1697 2484 1772 ἄμπελόν
2503 1720 2630 1776 φασι
2647 1696 2881 1754 δεδόσθαι
2904 1694 3034 1772 ὑπὲρ
3063 1694 3427 1769 Γανυμήδους,

1872 1785 2108 1864 καθάπερ
2137 1787 2190 1843 ἐν
2217 1786 2410 1863 Κύκλῳ
2431 1782 2640 1858 λέγει...
2686 1787 2813 1840 Vox
2855 1782 3118 1845 Διονύσιος
3163 1784 3428 1839 excidisse

1872 1873 2116 1941 videtur,
2147 1885 2412 1929 monente
2438 1874 2739 1927 Welckero
2763 1874 2823 1925 in
2848 1872 2998 1943 Cycl.
3025 1890 3086 1944 p.
3117 1890 3213 1940 72.
3243 1902 3320 1911 --
3342 1873 3427 1926 De

1872 1964 2025 2034 Argo
2045 1967 2111 2016 cf.
2133 1961 2419 2017 Welcker.
2455 1962 2657 2031 Tn'log.
2689 1978 2749 2032 p.
2777 1968 2905 2015 129.

2625 2121 2676 2158 2.

1952 2251 2140 2305 Schol
2172 2253 2308 2305 Eur.
2341 2250 2537 2304 Phoen.
2564 2248 2719 2318 670.
2705 2267 2719 2280 ·
2747 2244 3008 2310 Διονύσιος
3034 2243 3087 2302 δὲ
3114 2244 3251 2310 ἔθνος
3273 2248 3410 2304 Boeo»
3393 2274 3429 2302 -

1871 2332 1984 2399 τίας
2042 2332 2225 2399 αὐτούς
2275 2332 2417 2412 (τους
2457 2331 2758 2411 Σπαρτούς)
2822 2353 2997 2410 φησιν.
3066 2336 3198 2388 Haec
3239 2337 3426 2390 Samio

1872 2422 2126 2490 vindice,
2158 2425 2290 2494 quia
2317 2424 2563 2494 reliqua,
2586 2440 2708 2493 quae
2734 2420 3024 2474 scholiasta
3031 2422 3177 2521 0Eur.
3203 2440 3271 2475 ex
3289 2425 3426 2477 Dio·

1873 2510 2032 2580 nysio
2076 2515 2258 2576 affert,
2303 2508 2373 2562 ad
2406 2509 2651 2563 Samium
2689 2512 3027 2561 reseruntur.
3031 2488 3160 2560 0De
3201 2525 3266 2560 re
3300 2527 3428 2561 cum

1869 2597 2144 2667 Dionysio
2172 2596 2448 2650 consentit
2484 2596 2720 2667 Hippias
2745 2594 2938 2648 Delius
2964 2611 3057 2666 ap.
3092 2594 3268 2648 schol.
3310 2598 3421 2668 Ap.

1871 2683 2126 2753 Rh.111,
2167 2700 2335 2757 1⁰79·

2565 2800 2574 2807 ”
2616 2798 2672 2855 3.

1950 2933 2139 2989 Schol.
2171 2935 2307 2987 Eur.
2350 2933 2529 2987 Orest.
2575 2929 2691 3003 988
2731 2924 3089 3005 ελόχευμα]
3130 2926 3426 2985 ἀκολουθεῖν

1873 3018 2012 3076 δοκεῖ
2033 3020 2108 3094 τῷ
2129 3015 2223 3086 τὴν
2254 3014 2637 3091 Ἀλκμαιωνίδα
2665 3011 2973 3084 πεποιηκότι
2997 3017 3067 3079 εἰς
3093 3011 3160 3071 τὰ
3187 3013 3307 3092 περὶ
3334 3014 3426 3085 τὴν

1875 3104 2040 3184 ἄρνα,
2064 3108 2134 3170 ὥς
2162 3101 2270 3162 καὶ
2285 3101 2549 3168 Διονύσιος
2572 3105 2600 3158 ὁ
2623 3100 2979 3180 κυκλογράφος
3006 3100 3149 3180 φησί.
3180 3101 3428 3178 Φερεκύ-

1875 3193 1965 3261 δης
1997 3189 2571 3267 δὲ..(ν.1“1.93),ὁ
2600 3187 2776 3258 δὲτὴν
2813 3186 3193 3262 Ἀλκμαιωνίδα
3226 3188 3428 3267 γράψας

1873 3277 1962 3334 τὸν
1989 3275 2214 3353 ποιμένα
2237 3274 2637 3356 προσαγαγόντα
2661 3274 2720 3332 τὸ
2739 3297 2974 3349 ποιμνιον
2998 3276 3070 3352 τῶ
3055 3273 3309 3353 Ἀτρεῖ’
3281 3297 3431 3331 αντα-

1873 3366 2112 3423 ποκαλεῖ.
2139 3369 2320 3440 Igitur
2346 3365 2631 3437 Euripidis
2653 3365 2906 3418 meminit
2923 3364 3240 3434 Dionysius,
3272 3363 3430 3435 quod

1874 3454 2117 3507 Milesius
2160 3455 2231 3508 D.
2281 3454 2462 3506 facere
2509 3470 2626 3506 non
2663 3452 2868 3522 potuit.
2919 3451 3239 3503 Rectissime
3281 3452 3427 3504 enim

1874 3549 2068 3593 monet
2093 3539 2400 3594 Nitzschius
2422 3539 2565 3592 Hist.
2593 3539 2764 3591 Ilom.
2795 3538 2848 3604 Ι,
2877 3554 2938 3607 Ρ.
2967 3535 3042 3607 89
3084 3554 3098 3587 .·
3133 3560 3156 3585 «ι
3190 3536 3338 3590 Illud
3363 3537 3430 3599 ὡς

1874 3622 1964 3679 καὶ
1988 3628 2051 3681 Δ.
2071 3667 2088 3699 ‚
2117 3627 2159 3679 si
2189 3636 2584 3698 excerptorum
2613 3642 2928 3678 sermonem
2966 3625 3095 3677 satis
3131 3635 3323 3691 teneo,
3357 3626 3430 3680 ita

1875 3712 2358 3785 interpretandum
2377 3723 2484 3781 est,
2511 3724 2574 3766 ut
2595 3714 2897 3766 scholiasta!
2918 3731 3142 3766 omnem
3167 3713 3237 3766 de
3265 3715 3432 3767 Euri-

1874 3798 2012 3871 pide
2035 3811 2092 3853 et
2117 3799 2498 3854 Alcmaeonide
2525 3798 2830 3853 annotandi
2857 3817 3074 3853 causam
3109 3801 3430 3853 materiam-

1875 3905 1987 3959 que
2014 3903 2045 3941 e
2086 3886 2446 3959 cyclographi
2471 3885 2757 3939 volumine
2797 3885 3087 3940 subnatam
3115 3904 3227 3939 esse
3259 3897 3430 3957 putc-

1876 3990 2018 4027 mus.
2059 4002 2138 4014 —
2174 3972 2332 4027 Idem
2377 3968 2734 4045 (scholiasta)
2779 3990 2922 4043 quos
2959 3971 3032 4025 ad
3075 3972 3425 4027 Andromed.

1876 4058 1990 4131 698
2019 4058 2409 4114 Alcmaeonidis
2431 4078 2618 4113 versus
2646 4058 2835 4123 affert,
2861 4078 2980 4112 non
3011 4060 3183 4131 magis
3208 4078 3275 4111 cx
3309 4061 3429 4130 ipso

1876 4147 2150 4214 carmine,
2177 4146 2274 4201 sed
2303 4164 2369 4200 ex
2391 4146 2750 4219 cyclographi
2779 4146 2996 4219 paginis
3018 4144 3268 4200 adscivit.
3304 4168 3327 4194 n

2622 4305 2679 4364 4.

1956 4418 2144 4472 Schol.
2171 4416 2335 4471 Pind.
2357 4419 2518 4471 Nem.
2544 4417 2658 4485 111,
2693 4426 2796 4471 104

1882 4501 2102 4560 Κύκλων
2131 4500 2450 4578 Θηρίμαχον
2480 4499 2567 4557 καὶ
2592 4500 2898 4570 Δηικόωντα
2927 4502 3034 4574 (50.
3065 4498 3352 4578 Ἡρακλέος
3373 4502 3430 4558 ἐκ

1876 4586 2130 4666 Μεγάρας
2146 4589 2338 4651 παῖδας
2360 4586 2686 4666 ἀναγράφει).
2719 4586 3000 4665 Εὐριπίδης
3023 4583 3076 4642 δὲ
3094 4586 3428 4660 προστίθησιν

1877 4675 2046 4740 αὐτοῖς
2068 4674 2157 4731 καὶ
2177 4672 2570 4752 Ἄριστόδημον.“
2603 4700 2624 4724 α
2665 4675 3036 4749 Depcrditum
3061 4675 3254 4729 drama
3291 4693 3424 4747 spe-

1877 4773 2008 4818 ctat.
2047 4787 2071 4812 n
2105 4762 2334 4820 Boeckk.

2834 4436 2846 4469 :
2879 4413 3140 4478 Διονύσιος
3164 4415 3217 4469 ἓν
3239 4415 3432 4495 πρώτῳ

2627 4890 2682 4945 5.

2327 5029 2371 5082 Ε
2412 5029 2635 5083 LIBRO
2676 5025 2978 5098 QUINTO.

1958 5156 2210 5209 Clcmens
2226 5153 2516 5210 ALProtr.
2537 5175 2586 5209 c.
2613 5163 2745 5227 4‚p.
2785 5160 2847 5218 14
2867 5194 2882 5220 ,
2911 5172 2930 5206 1
2949 5172 2970 5206 1
3003 5150 3158 5225 sylb.
3180 5160 3195 5226 ζ
3220 5164 3351 5206 tom.
3381 5154 3427 5219 1,

1883 5260 1943 5314 1‘·
1983 5247 2048 5305 4¹
2097 5238 2314 5315 Κίου..)
2348 5261 2359 5295 :
2397 5240 2588 5299 Πολλοὶ
2617 5241 2659 5297 δ’
2692 5237 2754 5296 ἂν
2789 5237 2930 5316 τάχα
2961 5259 3060 5295 που
3085 5237 3401 5312 θαυμάσεικν
