3900 6042
487 440 559 491 76
1912 417 2269 514 CRATJPPI

483 560 588 620 τὼν
613 557 873 638 μυστήρια
929 557 955 581 ¹*
1004 555 1091 613 διὰ
1114 555 1174 612 τὸ
1197 553 1446 633 πρότερον
1468 550 1757 607 ἀκόλαστον
1777 550 1899 606 ὄντα
1917 591 1935 623 ,
1965 546 2047 604 νύ-

489 671 628 727 κτωρ
650 644 974 723 κωμάσαντα
990 687 1005 714 ,
1024 640 1245 721 θραῦσαί
1264 664 1313 698 τι
1333 643 1435 698 τῶν
1454 638 1776 718 ἀγαλμάτων
1795 641 1885 693 τοῦ
1909 639 2047 704 θεοῦ,

488 737 577 793 καὶ
597 728 994 809 εἰσαγγελθέντα
1010 773 1027 802 ,
1052 728 1228 797 ἐπειδὴ
1250 729 1343 785 οὔκ
1366 725 1633 797 ἠὸουλήθη
1651 769 1670 797 ,
1689 724 1746 781 ὃν
1768 721 1977 801 ἐξῄτουν
2002 723 2049 777 οἱ

490 820 769 896 κατήγοροι
783 861 798 890 ,
819 818 999 875 δοῦλον
1024 816 1260 874 ἐκδοῦναι
1275 861 1290 886 ,
1311 814 1657 885 διαὸληθῆναι
1671 857 1686 884 ,
1702 811 1792 869 καὶ
1813 808 1941 888 πρὸς
1956 806 2051 877 τὴν

494 906 664 966 αἰτίαν
693 909 786 975 τῆς
808 902 1048 982 δευτέρας
1069 906 1271 982 γραφῆς
1297 900 1531 959 ὕποπτον
1551 898 1814 974 γενέσθαι·
1845 896 1909 965 ἣν
1933 897 2050 971 μετ’

493 998 551 1053 οὗ
570 991 733 1052 πολὺν
761 990 945 1071 χρόνον
967 994 1056 1048 τοῦ
1086 988 1175 1046 ἐπὶ
1203 987 1447 1048 Σικελίαν
1480 988 1664 1044 στόλου
1691 983 1883 1053 συνέὸη
1910 981 2052 1059 γενέ-

497 1088 638 1140 σθαι.
684 1077 968 1159 Κορινθίων
1013 1074 1414 1154 εἰσπεμψάντων
1453 1075 1509 1103 **
1532 1072 1831 1135 Λεοντίνους
1871 1092 1925 1126 τε
1965 1067 2055 1127 καὶ

500 1165 835 1246 Αἰγεσταίους
865 1163 1054 1243 ἄνδρας
1100 1161 1231 1240 ἰδία,
1279 1159 1572 1236 μελλόντων
1620 1162 1827 1236 βοηθεῖν
1881 1157 2057 1220 αὐτοῖς

495 1259 598 1314 τῶν
645 1250 957 1324 Ἀθηναίων,
986 1249 1189 1327 νύκτωρ
1212 1247 1330 1314 τοὺς
1355 1246 1474 1327 περὶ
1502 1245 1596 1317 τὴν
1622 1244 1814 1325 ἀγορὰν
1851 1241 2078 1329 εΕρμδίςἼ

496 1340 845 1420 περιέκοψαν,
884 1339 955 1404 ὥς
987 1333 1290 1415 Κράτιππός
1326 1357 1454 1414 φησι
1483 1333 1636 1414 [τρος
1669 1329 1924 1408 ἁμαρτὼν
1958 1352 2057 1404 μυ-

499 1427 732 1508 στήρια]
758 1426 947 1506 κριθεὶς
968 1424 1057 1482 ἐπὶ
1092 1423 1286 1488 τούτοις
1314 1419 1573 1500 ἀπέφυγεν
1596 1420 1681 1478 ἐπὶ
1705 1422 1779 1498 τῷ
1809 1416 2056 1494 μηνύσειν

497 1515 615 1582 τοὺς
657 1516 977 1578 ἀδικοῦντας.

579 1608 716 1677 Quae
740 1606 803 1661 h.
840 1604 880 1658 l.
907 1618 940 1660 e
972 1602 1250 1674 Cratippo
1275 1600 1597 1656 afferuntur
1638 1599 1699 1653 in
1734 1587 1950 1651 teitum
1981 1595 2058 1648 ir-

501 1701 802 1766 repserunt
850 1708 884 1745 e
946 1689 1168 1745 scholio
1219 1689 1465 1762 margini
1510 1686 1820 1758 adscripto·
1874 1682 2063 1738 Verba

502 1799 620 1856 τρος
667 1772 917 1853 ἁμαρτὼν
963 1770 1225 1851 μυστήρια
1270 1767 1510 1847 repetita
1549 1781 1680 1854 sunt
1708 1789 1780 1825 ex
1823 1770 1892 1824 iis
1936 1788 2062 1842 quae

504 1864 832 1941 praecedunt
857 1863 1215 1936 parenthesin
1256 1880 1270 1914 ι
1307 1857 1609 1936 Δήμη]τρος
1644 1855 1738 1933 ἃμ.
1779 1852 2061 1933 μυστήρια.

505 1955 782 2010 Praeterea
806 1952 990 2024 ipsum
1015 1937 1292 2003 scholium
1320 1965 1582 2002 mancum
1607 1957 1723 2014 est;
1750 1962 1881 1999 nam
1915 1946 2017 1998 ista
2046 1961 2061 1996 :

514 2035 792 2116 Κορινθίων
808 2032 1207 2112 εἰσπεμψάντων
1231 2030 1536 2098 Λεοντίνους
1563 2031 1682 2091 κτλ.
1705 2049 1928 2087 sensum
1947 2049 2067 2085 non

465 2124 470 2128 ’
509 2125 778 2181 fundunt.
810 2125 948 2195 Quae
976 2122 1180 2177 debeat
1205 2139 1320 2177 esse
1346 2123 1621 2177 sententia
1649 2139 1721 2175 ex
1759 2120 2065 2175 Plutarcho

509 2216 704 2286 liquet,
733 2211 834 2284 qui
863 2212 924 2265 in
942 2211 1068 2264 Vita
1097 2209 1284 2265 Alcib.
1312 2227 1363 2264 c.
1408 2208 1476 2264 18
1504 2209 1677 2263 habet
1697 2202 1955 2283 ιἘλέχθη
1973 2201 2067 2280 μὲν

511 2291 623 2370 οὖν,
639 2295 719 2356 ὅτι
734 2294 991 2376 Κορίνθιοι
1013 2292 1098 2352 διὰ
1112 2293 1230 2360 τοὺς
1245 2291 1627 2372 Συρακουσίους
1643 2291 1885 2358 ἀποίκους
1899 2291 2067 2363 ὄντας,

511 2388 581 2451 ὥς
613 2382 932 2462 ἐπισχέσεως
955 2379 1205 2459 ἐσομένης
1238 2380 1366 2459 πρὸς
1393 2383 1496 2438 τῶν
1523 2377 1771 2450 οἰωνῶνῆ
1798 2377 2071 2455 μεταγνώ-

514 2493 643 2538 σεως
673 2475 763 2529 τοῦ
807 2466 1068 2546 πολέμου,
1111 2473 1280 2527 ταῦτα
1323 2467 1588 2547 δράσειαν.
1620 2470 1705 2527 Cf.
1753 2470 1943 2524 Sehol.
1994 2469 2067 2524 ad

513 2560 808 2633 Aristoph.
831 2559 1174 2633 Thesmoph.
1215 2564 1385 2631 1094,
1433 2559 1547 2612 sive
1577 2556 1967 2630 Philochorus'⁸
1995 2557 2068 2614 fr.

521 2667 650 2704 uo.
682 2648 833 2702 Hinc
860 2647 1322 2703 Westermannus
1373 2645 1434 2700 in
1462 2645 1637 2721 Βιογρ.
1670 2663 1730 2717 p.
1780 2643 1916 2712 238,
1941 2664 2001 2699 n.
2030 2645 2067 2699 l.

513 2737 787 2809 scriptum
815 2734 988 2789 fuisse
1018 2743 1208 2789 censet
1234 2734 1388 2788 hunc
1411 2732 1529 2787 fere
1553 2733 1615 2787 in
1642 2732 1880 2787 modum
1915 2752 1927 2786 ε
1964 2733 2072 2789 Κο-

517 2820 719 2898 ρινθίων
738 2822 810 2885 εἰς
838 2818 1156 2896 πεμψάντων
1184 2817 1339 2895 [τοὺς
1374 2817 1655 2896 δράσοντας
1684 2814 1770 2874 διὰ
1806 2815 1925 2883 τοὺς
1970 2819 2073 2877 Συ-

518 2906 821 2986 ρακουσίους
849 2903 1095 2971 ἀποίκους
1122 2904 1290 2970 ὄντας.
1344 2894 1482 2962 οὗτοι
1502 2894 1613 2974 οὖν,
1647 2907 1751 2962 τῶν
1781 2907 1833 2962 ἐν
1860 2903 2076 2983 Σικελίᾳ

518 2993 789 3064 Ἑλλήνων
817 2991 917 3050 ὑπὸ
943 2994 1046 3049 τῶν
1082 2990 1449 3069 Συρακουσίων
1482 2994 1657 3053 κακῶς
1706 2990 2071 3065 διατεθέντων,

519 3080 639 3160 περὶ
665 3078 902 3159 βοηθείας
938 3076 994 3136 δὲ
1026 3075 1384 3156 πεμψάντων]
1407 3075 1692 3137 Λεοντίνων
1709 3100 1764 3135 τε
1796 3077 1884 3135 καὶ
1912 3080 2073 3155 Αἰγε-

520 3168 714 3228 σταίων
743 3168 932 3247 ἄνδρας
951 3164 1078 3245 ἰδία,
1104 3166 1220 3223 κτλ.

600 3262 687 3316 De
726 3259 814 3314 his
852 3255 1162 3312 disserendi
1202 3257 1550 3311 occasionem
1591 3258 1889 3329 praebuisse
1926 3260 2080 3313 Alci-

520 3346 748 3402 biadem
785 3355 915 3419 post
955 3341 1201 3398 reditum
1245 3361 1278 3397 a
1316 3343 1698 3401 mutilatorum
1745 3347 2079 3400 Hermarum

525 3432 1042 3505 coniurationisque
1094 3430 1329 3485 crimine
1373 3446 1428 3484 se
1460 3433 1854 3502 ’purgaturum
1899 3433 2076 3503 (Xen.

526 3520 678 3577 llell.
708 3521 769 3587 1,
793 3526 851 3587 4,
889 3516 989 3592 13)
1015 3518 1328 3590 suspicatur
1349 3518 1645 3589 Ktiigerus
1674 3517 1713 3574 l.
1751 3517 1786 3570 l.

603 3600 877 3653 Praeterea
897 3597 1195 3669 Cratippus
1218 3595 1442 3651 duobus
1459 3593 1720 3649 laudatur
1743 3596 1879 3649 locis
1893 3637 1908 3662 ,
1935 3615 2081 3669 quo-

525 3703 650 3739 rum
692 3685 834 3739 alter
877 3682 950 3738 de
999 3684 1175 3738 causis
1214 3695 1324 3751 est,
1370 3700 1472 3736 cur
1521 3682 1910 3753 imperfectum
1941 3702 2085 3756 opus

526 3770 882 3844 Thucydides
908 3770 1234 3841 reliquerit,
1259 3770 1400 3824 alter
1421 3768 1492 3823 de
1522 3769 1782 3841 regione,
1815 3770 1912 3823 ubi
1932 3770 2083 3825 diem

528 3858 772 3932 scriptor
801 3857 1025 3912 obierit.

529 4051 649 4087 cana
662 4036 850 4088 Cereris
867 4037 1144 4098 vulgassent
1163 4034 1322 4097 (quod
1349 4035 1392 4084 is
1410 4035 1555 4083 homo
1572 4036 1752 4097 alioqui
1771 4037 2091 4097 intemperans

531 4119 680 4165 noctu
697 4128 783 4178 per
805 4115 1199 4164 comessationem
1217 4113 1474 4175 aliquando
1491 4114 1735 4176 quandam
1760 4114 1980 4163 Mercurii
2001 4114 2089 4163 sre-

531 4191 673 4254 gisset
701 4194 912 4244 statuam
946 4209 959 4240 ι
989 4192 1039 4239 et
1075 4203 1228 4252 quum
1267 4203 1460 4240 servum
1483 4203 1621 4250 eum,
1645 4203 1790 4252 quem
1822 4193 2006 4240 actorae
2030 4190 2091 4239 ad

534 4268 851 4331 cinationem
885 4267 1231 4329 exposcebant,
1265 4267 1440 4316 dedere
1460 4267 1713 4328 noluisset,
1738 4268 1862 4316 maie
1883 4280 1940 4317 ex
1968 4280 2022 4316 ea
2043 4280 2094 4316 re

533 4335 739 4409 audiret,
763 4348 925 4410 itaque
940 4346 1151 4396 secundo
1169 4346 1355 4397 crimini
1372 4346 1672 4395 occasionem
1692 4346 1938 4396 exhiberet
1958 4359 2093 4408 :quae

537 4426 769 4488 posterior
791 4425 917 4474 actio
948 4423 1177 4474 adversus
1194 4437 1306 4473 eum
1338 4425 1560 4486 suscepta
1595 4426 1668 4472 est
1701 4437 1852 4486 parvo
1879 4426 2095 4486 tempore

536 4504 599 4552 ab
615 4502 918 4566 expeditione
943 4502 1106 4552 classis
1136 4503 1187 4551 in
1206 4503 1413 4552 Siciliam
1445 4502 1508 4550 ab
1537 4501 1901 4553 Atheniensibus
1919 4503 2090 4551 missae.

541 4580 727 4629 Etenim
746 4578 997 4631 corinthii
1013 4579 1064 4628 in
1092 4579 1261 4628 urbem
1291 4578 1599 4639 induxerant,
1620 4577 1736 4643 [qui
1751 4580 1939 4628 hermas
1955 4581 2095 4628 trun-

540 4657 733 4719 carent,
787 4656 982 4718 propter
1017 4658 1341 4717 Syracusanos
1372 4655 1586 4717 ipsorum
1624 4656 1845 4716 colonos;
1882 4655 1931 4704 hi
1969 4657 2096 4705 enim

539 4745 696 4795 quum
735 4731 944 4794 reliquos
973 4731 1146 4782 Siciliae
1168 4735 1365 4783 Graecos
1393 4733 1748 4794 opprimerent,
1773 4734 1822 4782 et
1849 4735 2099 4795 propterea

545 4808 766 4859 Leontini
804 4810 854 4857 et
876 4808 1115 4869 Segestani
1151 4808 1388 4857 auxilium
1412 4812 1582 4858 contra
1619 4821 1703 4858 eos
1742 4809 2097 4858 Atheniensium

544 4887 871 4950 implorarent,
895 4886 1207 4936 Athenienses
1239 4897 1352 4935 vero
1370 4886 1470 4947 jam
1504 4887 1786 4948 opitulaturi
1822 4887 1879 4936 iis
1903 4891 2061 4937 essem
2084 4901 2095 4929 τ

542 4969 649 5016 tum
667 4962 901 5014 Corinthii
925 4976 1028 5012 rem
1057 4963 1331 5026 impedituri
1365 4965 1510 5012 noctu
1542 4965 1835 5024 Mercurios,
1864 4965 1946 5027 qui
1972 4966 2099 5027 apud

547 5042 705 5088 corum
758 5041 897 5089 erant
922 5039 1170 5098 collocati,
1218 5039 1591 5101 mutilaverunt,
1628 5042 1684 5088 ut
1717 5041 1785 5088 ait
1817 5041 2098 5104 Cratippus)

545 5116 610 5167 ob
626 5115 732 5163 haec
749 5116 799 5163 in
813 5115 1048 5176 iudicium
1065 5117 1336 5177 pertractus
1362 5117 1436 5165 est
1449 5153 1464 5177 ,
1484 5115 1736 5166 absolutus
1761 5120 1947 5180 tamen,
1969 5121 2099 5179 quod

549 5191 785 5258 professus
801 5194 873 5242 est
889 5204 940 5241 se
958 5191 1168 5244 criminis
1186 5194 1404 5242 auctores
1425 5192 1765 5242 indicaturum.

2886 595 2938 632 2.

2219 725 2450 795 DionyS.
2478 720 2656 777 Halic.
2687 722 2773 776 De
2790 722 2967 776 Thuc.
2995 740 3044 776 c.
3082 720 3148 774 ιδ
3179 739 3191 772 :
3230 714 3412 775 Πολλὰ
3436 715 3541 774 καὶ
3575 715 3719 774 ἄλλα

2140 833 2217 876 τις
2244 807 2306 867 ἂν
2332 806 2467 885 εὕροι
2492 807 2557 863 δι’
2581 807 2705 876 ὅλης
2732 809 2819 874 τῆς
2842 803 3073 882 ἱστορίας
3111 801 3145 873 ἢ
3170 807 3262 873 τῆς
3295 801 3463 882 ἄκρας
3492 801 3719 882 ἐξεργα-

2144 897 2259 962 σίας
2299 892 2625 973 τετυχηκότα
2664 891 2755 949 καί
2786 891 2917 968 μήτε
2964 890 3240 969 πρόσθεσιν
3277 891 3551 969 δεχόμενα
3584 890 3715 965 μήτ’

2143 981 2447 1063 ἀφαίρεσιν,
2487 977 2523 1049 ἢ
2553 977 2795 1059 ῥαθύμως
2824 974 3305 1056 ἐπιτετροχασμένα
3332 975 3425 1033 καὶ
3456 974 3590 1034 οὐδὲ
3619 974 3717 1044 τὴν

2143 1069 2426 1147 ἐλαχίστην
2451 1065 2674 1146 ἔμφασιν
2703 1062 2892 1143 ἔχοντα
2914 1068 3009 1134 τῆς
3037 1061 3323 1135 δεινότητος
3341 1063 3587 1137 ἐκείνης,
3616 1063 3720 1140 μά-

2145 1160 2298 1214 λιστα
2329 1156 2373 1211 δ’
2399 1156 2450 1211 ἐν
2480 1154 2593 1218 ταῖς
2621 1149 2961 1231 δημηγορίαις
2994 1150 3085 1207 καὶ
3110 1152 3165 1207 ἐν
3193 1157 3297 1216 τοῖς
3326 1149 3606 1227 διαλόγοις
3627 1151 3720 1209 καὶ

2146 1243 2197 1298 ἐν
2237 1248 2352 1305 ταῖς
2395 1239 2578 1304 ἄλλαις
2620 1236 2927 1317 ῥητορείαις.
2972 1225 3081 1295 Ὧν
3122 1233 3506 1314 προνοούμενος
3550 1234 3721 1294 ἔοικεν

2148 1327 2306 1397 ἀτελῆ
2344 1324 2437 1396 τὴν
2472 1324 2703 1403 ἱστορίαν
2732 1325 3069 1394 καταλιπεῖν,
3110 1326 3182 1389 ὡς
3209 1321 3299 1380 καὶ
3328 1322 3661 1401 Κράτιππος
3695 1328 3724 1382 ὁ

2147 1411 2487 1488 συνακμάσας
2528 1413 2671 1490 αὐτῷ
2716 1410 2806 1468 καὶ
2847 1409 2914 1468 τὰ
2954 1408 3371 1489 παραλειφθέντα
3409 1413 3505 1468 ὑπ’
3557 1414 3721 1470 αὐτοῦ’

2149 1497 2456 1577 συναγαγὼν
2483 1496 2771 1577 γέγραφεν,
2808 1499 2867 1554 οὗ
2917 1495 3069 1573 μόνον
3107 1499 3220 1563 ταῖς
3256 1496 3515 1577 πράξεσιν
3557 1498 3723 1565 αὐτὰς

2150 1585 2390 1663 ἐμποδὼν
2454 1590 2725 1664 εγενῆσθαι
2752 1581 2951 1662 λέγων,
2998 1584 3134 1642 ἀλλὰ
3163 1585 3253 1643 καὶ
3283 1593 3389 1651 τοῖς
3431 1585 3721 1644 ἀκούουσιν

2150 1673 2377 1754 ὀχληρὰς
2406 1610 2557 1731 εἶναι.
2591 1671 2766 1732 Τοῦτό
2792 1676 2853 1749 γέ
2878 1693 2957 1729 τοι
2981 1669 3198 1729 συνέντα
3229 1670 3384 1729 αὐτὸν
3414 1674 3470 1730 ἐν
3499 1680 3613 1739 τοῖς
3635 1695 3723 1730 τε-

2150 1760 2401 1826 λευταίοις
2426 1763 2519 1830 τῆς
2540 1759 2770 1837 ἱστορίας
2796 1757 2922 1839 φησὶ
2942 1757 3205 1835 μηδεμίαν
3232 1758 3382 1827 τάξαι
3408 1758 3720 1839 ῥητορείαν,

2150 1851 2358 1907 πολλῶν
2387 1846 2479 1925 μὲν
2513 1845 2650 1905 κατὰ
2673 1845 2770 1918 τὴν
2817 1846 3018 1905 Ἰωνίαν
3059 1845 3376 1923 γενομένων,
3422 1851 3648 1907 πολλῶν
3676 1849 3719 1907 δ’

2155 1938 2207 1993 ἐν
2255 1938 2368 2001 ταῖς
2416 1933 2682 2006 Ἀθήναις,
2732 1931 2829 1991 ὅσα
2876 1932 2961 1990 διὰ
3016 1931 3185 2010 λόγων
3226 1933 3317 1991 καὶ
3372 1935 3721 2014 δημηγοριῶν

2154 2023 2409 2103 ἐπράχθη.
2442 2021 2511 2081 Εἴ
2534 2021 2595 2099 γε’
2619 2045 2697 2080 τοι
2723 2018 2818 2091 τὴν
2846 2020 3058 2100 πρώτην
3082 2021 3172 2079 καὶ
3193 2020 3286 2091 τὸν
3310 2021 3501 2099 ὀγδόην
3538 2023 3722 2102 βίὸλον

2157 2108 2610 2190 ἀντιπαρεξετάζοι
2626 2132 2702 2175 τις
2726 2106 3004 2182 ἀλλήλαις,
3022 2108 3138 2167 οὔτε
3155 2109 3247 2179 τ’ἥς
3272 2111 3427 2180 αὐτῆς
3454 2109 3522 2169 ἂν
3543 2134 3723 2190 προαι·

2160 2197 2348 2279 ρέσεως
2376 2196 2567 2265 δόξειεν
2616 2193 2909 2276 ἀμφοτέρας
2952 2195 3203 2275 ὑπάρχειν
3241 2195 3359 2255 οὔτε
3407 2201 3509 2268 τῆς
3557 2201 3721 2268 αὐτῆς

2157 2284 2439 2363 δυνάμεως.
2478 2284 2548 2345 ‘H
2597 2283 2691 2361 μὲν
2718 2281 2844 2362 γὰρ,
2891 2281 3042 2359 ὀλίγα
3074 2281 3366 2364 πράγματα
3402 2283 3503 2341 καὶ
3554 2283 3721 2365 μικρὰ

2158 2371 2502 2453 περιέχουσα,
2532 2369 2751 2441 πληθύει
2769 2373 2871 2427 τῶν
2901 2373 3211 2450 ῥητορειῶν,
3250 2375 3284 2441 ἡ
3322 2369 3405 2444 δὲ,
3427 2371 3559 2451 περὶ
3584 2375 3721 2430 πολ-

2158 2459 2251 2526 λὰς
2289 2459 2380 2517 καὶ
2426 2458 2655 2537 μεγάλας
2689 2462 3037 2535 συνταχθεῖσα
3074 2455 3311 2537 πράξεις,
3340 2459 3720 2540 δημηγορικῶν

2165 2546 2400 2615 σπανίζει
2428 2545 2618 2624 λόγων.

2238 2647 2323 2700 De
2350 2644 2433 2698 his
2454 2645 2745 2716 Kriigerus
2765 2644 2807 2696 l.
2840 2643 2880 2695 l.
2909 2660 2965 2715 p.
3001 2641 3113 2696 262
3141 2662 3153 2696 :
3186 2666 3209 2690 α
3238 2644 3549 2716 Dionysius
3575 2657 3723 2718 post-

2164 2749 2331 2804 quam
2376 2729 2521 2784 dixit
2568 2727 2910 2802 Thucydidis
2950 2729 3194 2782 liistoriae
3233 2740 3453 2801 partem
3496 2732 3721 2805 egregie

2164 2818 2507 2873 elaboratam
2550 2832 2695 2888 esse,
2737 2826 2959 2890 partem
3004 2816 3370 2889 inprimisque
3413 2820 3723 2873 conciones

2164 2914 2221 2959 et
2244 2904 2527 2975 colloquia
2556 2905 2710 2956 omni
2742 2914 2861 2958 arte
2892 2921 3112 2969 carere,
3137 2903 3249 2956 hoc
3278 2902 3453 2958 modo
3480 2906 3675 2978 pergit
3704 2924 3718 2958 :

2164 2976 2236 3043 ὧν
2272 2984 2713 3070 προνοούμενος...
2741 2987 3012 3066 γέγραφεν.
3038 2993 3171 3044 Haec
3213 2990 3311 3061 qui
3340 2990 3458 3045 sola
3501 2992 3721 3064 legerit,

2164 3076 2304 3130 nihil
2349 3075 2503 3130 aliud
2537 3073 2847 3149 significare
2884 3094 3045 3148 posse
3088 3077 3309 3148 putabit
3337 3095 3511 3148 quam
3559 3079 3669 3132 hoc
3706 3097 3719 3130 ι

2165 3162 2551 3236 Thucydidem
2575 3164 2950 3231 orationibus,
2978 3181 3116 3236 quas
3133 3181 3253 3217 non
3277 3165 3404 3218 satis
3430 3166 3720 3220 elaborm-

2164 3261 2273 3319 set,
2295 3250 2565 3305 secundas
2582 3269 2742 3305 curas
2762 3251 3029 3306 adhibere
3051 3252 3425 3321 constituisse,
3450 3253 3513 3306 id
3539 3265 3723 3308 tamen

2166 3355 2284 3390 non
2324 3335 2531 3390 factum
2560 3354 2704 3404 esse,
2748 3338 3112 3409 relictamque
3145 3336 3262 3407 ejus
3288 3337 3587 3394 historiam
3622 3342 3724 3394 im·

2166 3422 2504 3497 perfectam,
2548 3435 2872 3496 propterea,
2915 3436 2981 3478 ut
3021 3423 3266 3493 videtur,
3300 3426 3459 3497 quod
3499 3438 3720 3497 auctor,

2166 3511 2490 3584 priusquam
2517 3510 2657 3565 illud
2686 3512 2979 3565 consilium
3003 3523 3420 3584 exsequeretur,
3454 3513 3609 3568 diem
3637 3532 3721 3568 su·

2166 3615 2419 3670 premam
2447 3598 2670 3652 obierit.
2719 3597 2899 3669 quue
2934 3599 3195 3670 inprimis
3234 3599 3307 3654 ad
3349 3610 3615 3655 octavum
3654 3601 3720 3653 li·

2168 3686 2333 3740 brum
2380 3685 2743 3753 referremus,
2784 3687 2843 3739 in
2880 3704 2996 3758 quo
3024 3687 3248 3740 nonnisi
3284 3687 3546 3760 quaedam
3575 3689 3721 3762 quasi

2168 3773 2377 3827 semina
2398 3773 2717 3826 orationum
2743 3791 2930 3845 sparsa
2955 3784 3110 3841 sunt,
3141 3784 3581 3847 putaremusque
3599 3776 3722 3829 huic

2172 3877 2402 3932 quoque
2427 3861 2760 3932 scriptorem
2781 3861 3121 3914 inserturum
3150 3861 3315 3916 fuisse
3342 3863 3658 3929 orationes,
3682 3862 3721 3914 si

2240 4114 2391 4163 Multa
2407 4116 2639 4175 praetcrea
2664 4127 2746 4175 per
2763 4117 2915 4163 totam
2936 4116 3194 4165 Historiam
3213 4116 3507 4179 Thucydidis
3528 4119 3638 4168 iicet
3655 4118 3722 4165 iu-

2175 4192 2337 4240 venire
2350 4228 2364 4252 ,
2380 4205 2491 4252 quae
2508 4193 2595 4240 aut
2611 4205 2801 4241 summa
2822 4206 2938 4241 cura
2957 4193 3197 4243 elaborata
3214 4198 3327 4243 sunt
3340 4232 3354 4256 ,
3375 4199 3431 4244 ut
3454 4209 3612 4258 neque
3624 4195 3726 4244 addi

2178 4269 2440 4331 quidquam
2467 4281 2624 4331 neque
2650 4269 2835 4319 detrahi
2854 4271 3032 4332 possit,
3057 4275 3142 4321 aut
3160 4276 3258 4321 tam
3282 4273 3577 4335 negligenter
3593 4279 3728 4336 atque

2177 4342 2313 4403 quasi
2337 4356 2481 4391 cursu
2504 4344 2681 4405 scripta
2697 4381 2712 4405 ,
2734 4347 2790 4393 ut
2806 4358 2867 4393 ne
2894 4345 3140 4394 minimam
3171 4347 3363 4409 quidem
3399 4351 3607 4411 speciem
3638 4363 3728 4411 prae

2179 4434 2230 4469 se
2258 4421 2412 4470 ferant
2429 4422 2619 4471 eximiae
2636 4423 2764 4473 illius
2783 4424 2830 4472 in
2850 4423 3052 4473 dicendo
3073 4426 3339 4486 facultatis3
3374 4427 3523 4490 idque
3550 4427 3726 4490 potissi-

2180 4509 2317 4545 mum
2358 4497 2406 4546 in
2459 4499 2797 4561 concionibus,
2835 4501 2883 4549 in
2929 4502 3181 4564 colloquiis
3231 4503 3432 4564 aliisque
3472 4505 3726 4554 rhetoricis.

2183 4575 2325 4632 Quod
2341 4577 2548 4626 sentiens
2577 4577 2879 4640 Thucydides
2913 4579 3242 4641 imperfectam
3277 4580 3469 4631 videtur
3495 4583 3728 4632 historiam

2183 4653 2457 4716 reliquisse,
2497 4657 2552 4720 ut
2587 4655 2736 4705 tradit
2778 4657 2923 4706 etiam
2959 4658 3240 4720 Cratippus,
3277 4660 3363 4720 qni
3404 4661 3605 4722 oequalis
3637 4661 3731 4721 eius

2184 4730 2274 4779 suit
2291 4732 2340 4779 et
2355 4730 2417 4779 ab
2434 4744 2491 4780 eo
2507 4732 2681 4781 omissa
2700 4732 2906 4794 collegit.
2951 4734 3078 4783 Dicit
3100 4736 3229 4784 enim
3253 4737 3495 4785 orationes
3512 4738 3617 4787 illas
3641 4750 3729 4785 non

2184 4809 2329 4857 modo
2358 4808 2500 4860 rebus
2522 4811 2634 4871 ipsis
2660 4823 2763 4860 esse
2785 4811 3154 4874 impedimento,
3176 4827 3343 4863 verum
3372 4815 3518 4863 etiam
3550 4815 3728 4864 audito·

2186 4886 2317 4935 ribus
2349 4888 2577 4936 moiestas
2603 4908 2614 4937 ι
2638 4888 2779 4950 idque
2809 4890 3091 4939 sentientem
3128 4879 3472 4953 Thucydidem'
3504 4893 3656 4943 nuuas
3687 4891 3729 4939 in

2188 4963 2356 5012 ultima
2388 4964 2595 5013 historiae
2619 4968 2753 5027 parte
2787 4966 3028 5015 orationes
3048 4966 3353 5030 adjunxisse,
3376 4968 3467 5017 etsi
3506 4970 3655 5018 munita
3686 4969 3729 5015 in

2188 5039 2319 5088 ionia
2336 5053 2394 5089 ac
2411 5041 2565 5090 muita
2596 5042 2790 5090 Athenis
2810 5044 3106 5104 evenissent,
3126 5058 3237 5106 quae
3258 5046 3430 5095 habitis
3444 5048 3730 5096 sermonibus

2187 5120 2237 5166 et
2267 5118 2563 5168 orationibus
2581 5123 2821 5169 transacta
2848 5124 3019 5170 essent.
3053 5123 3233 5178 Quodsi
3258 5124 3367 5184 quis
3395 5124 3601 5185 primum
3628 5137 3730 5174 cum

2187 5198 2361 5244 mim-o
2400 5197 2523 5245 libro
2559 5198 2801 5259 conserat,
2839 5213 2949 5247 cium
2997 5200 3354 5250 intellecturum
3391 5216 3487 5252 non
3532 5203 3730 5265 ejnsdem
