<?xml version="1.0" encoding="UTF-8"?>
<!DOCTYPE html PUBLIC "-//W3C//DTD XHTML 1.0 Transitional//EN"
    "http://www.w3.org/TR/xhtml1/DTD/xhtml1-transitional.dtd">
<html xmlns="http://www.w3.org/1999/xhtml" xml:lang="en" lang="en">
 <head>
  <title>
</title>
<meta http-equiv="Content-Type" content="text/html;charset=utf-8" />
  <meta name='ocr-system' content='tesseract 3.04.00' />
  <meta name='ocr-capabilities' content='ocr_page ocr_carea ocr_par ocr_line ocrx_word'/>
</head>
<body>
  <div class='ocr_page' id='page_1' title='image "./fragmentahistor03unkngoog_0279.png"; bbox 0 0 3900 6042; ppageno 0'>
   <div class='ocr_carea' id='block_1_1' title="bbox 615 474 725 524">
    <p class='ocr_par' dir='ltr' id='par_1_1' title="bbox 615 474 725 524">
     <span class='ocr_line' id='line_1_1' title="bbox 615 474 725 524; baseline -0.009 0"><span class='ocrx_word' id='word_1_1' title='bbox 615 474 725 524; x_wconf 73' lang='lat'><strong>220</strong></span> 
     </span>
    </p>
   </div>
   <div class='ocr_carea' id='block_1_2' title="bbox 604 594 2167 5258">
    <p class='ocr_par' dir='ltr' id='par_1_2' title="bbox 610 594 2167 3615">
     <span class='ocr_line' id='line_1_2' title="bbox 612 594 2152 670; baseline -0.002 -18"><span class='ocrx_word' id='word_1_2' title='bbox 612 608 860 667; x_wconf 81' lang='lat' dir='ltr'><strong>peratum</strong></span> <span class='ocrx_word' id='word_1_3' title='bbox 901 616 1042 665; x_wconf 79' lang='lat' dir='ltr'><strong>esse,</strong></span> <span class='ocrx_word' id='word_1_4' title='bbox 1087 594 1242 670; x_wconf 86' lang='lat' dir='ltr'><strong>quod</strong></span> <span class='ocrx_word' id='word_1_5' title='bbox 1271 613 1436 652; x_wconf 89' lang='lat' dir='ltr'><strong>omne</strong></span> <span class='ocrx_word' id='word_1_6' title='bbox 1475 598 1598 651; x_wconf 64' lang='lat' dir='ltr'><strong>vitae</strong></span> <span class='ocrx_word' id='word_1_7' title='bbox 1641 607 1859 670; x_wconf 85' lang='lat' dir='ltr'><strong>tempus</strong></span> <span class='ocrx_word' id='word_1_8' title='bbox 1894 597 2152 670; x_wconf 86' lang='lat' dir='ltr'><strong>philoso-</strong></span> 
     </span>
     <span class='ocr_line' id='line_1_3' title="bbox 610 678 2155 757; baseline -0.003 -18"><span class='ocrx_word' id='word_1_9' title='bbox 610 684 840 757; x_wconf 87' lang='lat' dir='ltr'><strong>phando</strong></span> <span class='ocrx_word' id='word_1_10' title='bbox 906 685 1255 757; x_wconf 82' lang='lat' dir='ltr'>transegerit,</span> <span class='ocrx_word' id='word_1_11' title='bbox 1306 700 1647 756; x_wconf 79' lang='lat' dir='ltr'>prorsusque</span> <span class='ocrx_word' id='word_1_12' title='bbox 1706 682 2014 756; x_wconf 80' lang='lat' dir='ltr'><strong>neglexerit</strong></span> <span class='ocrx_word' id='word_1_13' title='bbox 2069 678 2155 734; x_wconf 79' lang='grc' dir='ltr'><strong>τὸν</strong></span> 
     </span>
     <span class='ocr_line' id='line_1_4' title="bbox 612 766 2155 847; baseline -0.003 -22"><span class='ocrx_word' id='word_1_14' title='bbox 612 768 897 847; x_wconf 78' lang='grc' dir='ltr'>πρακτικὸν</span> <span class='ocrx_word' id='word_1_15' title='bbox 940 768 1077 841; x_wconf 84' lang='grc' dir='ltr'>βίον,</span> <span class='ocrx_word' id='word_1_16' title='bbox 1114 786 1283 841; x_wconf 86' lang='lat' dir='ltr'><strong>quem</strong></span> <span class='ocrx_word' id='word_1_17' title='bbox 1322 770 1523 824; x_wconf 89' lang='lat' dir='ltr'><strong>summi</strong></span> <span class='ocrx_word' id='word_1_18' title='bbox 1566 766 1881 824; x_wconf 77' lang='lat' dir='ltr'><strong>faciendum</strong></span> <span class='ocrx_word' id='word_1_19' title='bbox 1916 787 2031 823; x_wconf 77' lang='lat' dir='ltr'><strong>ease</strong></span> <span class='ocrx_word' id='word_1_20' title='bbox 2059 769 2155 823; x_wconf 88' lang='lat' dir='ltr'><strong>Di·</strong></span> 
     </span>
     <span class='ocr_line' id='line_1_5' title="bbox 614 854 2155 921; baseline -0.003 -9"><span class='ocrx_word' id='word_1_21' title='bbox 614 859 890 912; x_wconf 58' lang='lat' dir='ltr'><strong>marchas</strong></span> <span class='ocrx_word' id='word_1_22' title='bbox 911 856 1223 912; x_wconf 82' lang='lat' dir='ltr'><strong>contendit.</strong></span> <span class='ocrx_word' id='word_1_23' title='bbox 1246 857 1464 911; x_wconf 84' lang='lat' dir='ltr'><strong>Etenim</strong></span> <span class='ocrx_word' id='word_1_24' title='bbox 1494 856 1568 909; x_wconf 85' lang='lat' dir='ltr'><strong>ita</strong></span> <span class='ocrx_word' id='word_1_25' title='bbox 1587 855 1781 910; x_wconf 90' lang='lat' dir='ltr'><strong>Cicero</strong></span> <span class='ocrx_word' id='word_1_26' title='bbox 1808 854 1896 910; x_wconf 79' lang='lat' dir='ltr'><strong>Ad</strong></span> <span class='ocrx_word' id='word_1_27' title='bbox 1918 859 2035 909; x_wconf 81' lang='lat' dir='ltr'><strong>Att.</strong></span> <span class='ocrx_word' id='word_1_28' title='bbox 2067 855 2124 908; x_wconf 91' lang='lat'><strong>11</strong></span> <span class='ocrx_word' id='word_1_29' title='bbox 2140 895 2155 921; x_wconf 91' lang='lat'><strong>,</strong></span> 
     </span>
     <span class='ocr_line' id='line_1_6' title="bbox 624 941 2159 1015; baseline -0.003 -19"><span class='ocrx_word' id='word_1_30' title='bbox 624 942 691 997; x_wconf 83' lang='lat'><strong>16</strong></span> <span class='ocrx_word' id='word_1_31' title='bbox 728 960 742 999; x_wconf 90' lang='lat'>:</span> <span class='ocrx_word' id='word_1_32' title='bbox 774 944 935 996; x_wconf 78' lang='lat' dir='ltr'><strong>Nunc</strong></span> <span class='ocrx_word' id='word_1_33' title='bbox 956 960 1182 1015; x_wconf 81' lang='lat' dir='ltr'><strong>prorsus</strong></span> <span class='ocrx_word' id='word_1_34' title='bbox 1220 941 1324 995; x_wconf 77' lang='lat' dir='ltr'><strong>lioc</strong></span> <span class='ocrx_word' id='word_1_35' title='bbox 1361 946 1554 1008; x_wconf 83' lang='lat' dir='ltr'><strong>statui,</strong></span> <span class='ocrx_word' id='word_1_36' title='bbox 1603 952 1666 994; x_wconf 87' lang='lat' dir='ltr'><strong>ut</strong></span> <span class='ocrx_word' id='word_1_37' title='bbox 1698 944 1959 1013; x_wconf 83' lang='lat' dir='ltr'><strong>quoniam</strong></span> <span class='ocrx_word' id='word_1_38' title='bbox 2001 951 2159 993; x_wconf 77' lang='lat' dir='ltr'><strong>tanta</strong></span> 
     </span>
     <span class='ocr_line' id='line_1_7' title="bbox 613 1024 2158 1097; baseline -0.001 -16"><span class='ocrx_word' id='word_1_39' title='bbox 613 1035 973 1083; x_wconf 73' lang='lat' dir='ltr'><strong>controversia</strong></span> <span class='ocrx_word' id='word_1_40' title='bbox 1013 1040 1097 1081; x_wconf 86' lang='lat' dir='ltr'><strong>est</strong></span> <span class='ocrx_word' id='word_1_41' title='bbox 1140 1026 1498 1093; x_wconf 74' lang='lat' dir='ltr'><strong>Dicoearcho,</strong></span> <span class='ocrx_word' id='word_1_42' title='bbox 1537 1024 1829 1097; x_wconf 82' lang='lat' dir='ltr'><strong>familiari</strong></span> <span class='ocrx_word' id='word_1_43' title='bbox 1869 1038 1983 1093; x_wconf 86' lang='lat' dir='ltr'><strong>tuo,</strong></span> <span class='ocrx_word' id='word_1_44' title='bbox 2038 1043 2158 1079; x_wconf 81' lang='lat' dir='ltr'><strong>cum</strong></span> 
     </span>
     <span class='ocr_line' id='line_1_8' title="bbox 625 1110 2162 1189; baseline -0.003 -18"><span class='ocrx_word' id='word_1_45' title='bbox 625 1114 999 1189; x_wconf 62' lang='lat' dir='ltr'><strong>neophrasto</strong></span> <span class='ocrx_word' id='word_1_46' title='bbox 1013 1156 1029 1182; x_wconf 95' lang='lat'><strong>,</strong></span> <span class='ocrx_word' id='word_1_47' title='bbox 1060 1120 1239 1169; x_wconf 85' lang='lat' dir='ltr'><strong>amico</strong></span> <span class='ocrx_word' id='word_1_48' title='bbox 1258 1131 1401 1180; x_wconf 86' lang='lat' dir='ltr'><strong>meo,</strong></span> <span class='ocrx_word' id='word_1_49' title='bbox 1437 1126 1496 1168; x_wconf 81' lang='lat' dir='ltr'><strong>ut</strong></span> <span class='ocrx_word' id='word_1_50' title='bbox 1518 1119 1539 1167; x_wconf 88' lang='lat' dir='ltr'><strong>i</strong></span> <span class='ocrx_word' id='word_1_51' title='bbox 1545 1115 1618 1168; x_wconf 86' lang='lat' dir='ltr'><strong>lle</strong></span> <span class='ocrx_word' id='word_1_52' title='bbox 1637 1126 1760 1168; x_wconf 79' lang='lat' dir='ltr'><strong>tuus</strong></span> <span class='ocrx_word' id='word_1_53' title='bbox 1777 1110 1879 1169; x_wconf 74' lang='grc' dir='ltr'><strong>τὸν</strong></span> <span class='ocrx_word' id='word_1_54' title='bbox 1903 1133 1943 1167; x_wconf 84' lang='grc' dir='ltr'>π</span> <span class='ocrx_word' id='word_1_55' title='bbox 1956 1133 2112 1189; x_wconf 67' lang='lat' dir='ltr'><strong>pum</strong></span> <span class='ocrx_word' id='word_1_56' title='bbox 2126 1132 2162 1167; x_wconf 81' lang='grc' dir='ltr'><strong>ι·</strong></span> 
     </span>
     <span class='ocr_line' id='line_1_9' title="bbox 614 1193 2159 1277; baseline -0.004 -20"><span class='ocrx_word' id='word_1_57' title='bbox 614 1200 721 1258; x_wconf 79' lang='grc' dir='ltr'><strong>κὸν</strong></span> <span class='ocrx_word' id='word_1_58' title='bbox 753 1199 891 1277; x_wconf 81' lang='grc' dir='ltr'>βίον</span> <span class='ocrx_word' id='word_1_59' title='bbox 922 1204 1084 1275; x_wconf 80' lang='lat' dir='ltr'><strong>longe</strong></span> <span class='ocrx_word' id='word_1_60' title='bbox 1106 1201 1358 1254; x_wconf 77' lang='lat' dir='ltr'><strong>omnibus</strong></span> <span class='ocrx_word' id='word_1_61' title='bbox 1385 1210 1707 1272; x_wconf 75' lang='lat' dir='ltr'><strong>anteponat,</strong></span> <span class='ocrx_word' id='word_1_62' title='bbox 1737 1196 1831 1252; x_wconf 75' lang='lat' dir='ltr'><strong>hic</strong></span> <span class='ocrx_word' id='word_1_63' title='bbox 1846 1206 2031 1253; x_wconf 71' lang='lat' dir='ltr'><strong>autem</strong></span> <span class='ocrx_word' id='word_1_64' title='bbox 2057 1193 2159 1253; x_wconf 82' lang='grc' dir='ltr'><strong>τὸν</strong></span> 
     </span>
     <span class='ocr_line' id='line_1_10' title="bbox 615 1285 2157 1366; baseline -0.004 -23"><span class='ocrx_word' id='word_1_65' title='bbox 615 1286 998 1366; x_wconf 80' lang='grc' dir='ltr'>Θεωρητικὸν</span> <span class='ocrx_word' id='word_1_66' title='bbox 1015 1333 1029 1357; x_wconf 84' lang='grc'><em>,</em></span> <span class='ocrx_word' id='word_1_67' title='bbox 1058 1293 1275 1359; x_wconf 78' lang='lat' dir='ltr'><strong>utrique</strong></span> <span class='ocrx_word' id='word_1_68' title='bbox 1292 1306 1329 1340; x_wconf 82' lang='lat' dir='ltr'><strong>a</strong></span> <span class='ocrx_word' id='word_1_69' title='bbox 1352 1305 1439 1340; x_wconf 86' lang='lat' dir='ltr'><strong>me</strong></span> <span class='ocrx_word' id='word_1_70' title='bbox 1475 1305 1591 1340; x_wconf 86' lang='lat' dir='ltr'><strong>mos</strong></span> <span class='ocrx_word' id='word_1_71' title='bbox 1611 1298 1794 1359; x_wconf 79' lang='lat' dir='ltr'><strong>gestus</strong></span> <span class='ocrx_word' id='word_1_72' title='bbox 1828 1302 1948 1339; x_wconf 84' lang='lat' dir='ltr'><strong>esse</strong></span> <span class='ocrx_word' id='word_1_73' title='bbox 1972 1285 2157 1338; x_wconf 70' lang='lat' dir='ltr'><strong>videa·</strong></span> 
     </span>
     <span class='ocr_line' id='line_1_11' title="bbox 616 1368 2157 1442; baseline -0.003 -15"><span class='ocrx_word' id='word_1_74' title='bbox 616 1388 718 1431; x_wconf 78' lang='lat' dir='ltr'><strong>tur.</strong></span> <span class='ocrx_word' id='word_1_75' title='bbox 740 1376 882 1429; x_wconf 84' lang='lat' dir='ltr'><strong>Puto</strong></span> <span class='ocrx_word' id='word_1_76' title='bbox 907 1379 1051 1428; x_wconf 79' lang='lat' dir='ltr'><strong>enim</strong></span> <span class='ocrx_word' id='word_1_77' title='bbox 1073 1391 1159 1426; x_wconf 84' lang='lat' dir='ltr'><strong>me</strong></span> <span class='ocrx_word' id='word_1_78' title='bbox 1186 1372 1505 1426; x_wconf 72' lang='lat' dir='ltr'><strong>Dicte-ambo</strong></span> <span class='ocrx_word' id='word_1_79' title='bbox 1525 1369 1758 1442; x_wconf 80' lang='lat' dir='ltr'><strong>affatim</strong></span> <span class='ocrx_word' id='word_1_80' title='bbox 1789 1368 2157 1440; x_wconf 66' lang='lat' dir='ltr'><strong>satiffecisse3</strong></span> 
     </span>
     <span class='ocr_line' id='line_1_12' title="bbox 616 1456 2162 1534; baseline -0.004 -18"><span class='ocrx_word' id='word_1_81' title='bbox 616 1467 850 1534; x_wconf 68' lang='lat' dir='ltr'><strong>respicio</strong></span> <span class='ocrx_word' id='word_1_82' title='bbox 885 1480 1028 1515; x_wconf 80' lang='lat' dir='ltr'><strong>nunc</strong></span> <span class='ocrx_word' id='word_1_83' title='bbox 1065 1461 1145 1513; x_wconf 83' lang='lat' dir='ltr'><strong>ad</strong></span> <span class='ocrx_word' id='word_1_84' title='bbox 1181 1458 1327 1513; x_wconf 78' lang='lat' dir='ltr'><strong>lianc</strong></span> <span class='ocrx_word' id='word_1_85' title='bbox 1346 1456 1675 1528; x_wconf 82' lang='lat' dir='ltr'><strong>familiam,</strong></span> <span class='ocrx_word' id='word_1_86' title='bbox 1717 1477 1842 1531; x_wconf 84' lang='lat' dir='ltr'><strong>quoe</strong></span> <span class='ocrx_word' id='word_1_87' title='bbox 1882 1456 2022 1511; x_wconf 77' lang='lat' dir='ltr'><strong>mihi·</strong></span> <span class='ocrx_word' id='word_1_88' title='bbox 2054 1475 2162 1511; x_wconf 77' lang='lat' dir='ltr'><strong>non</strong></span> 
     </span>
     <span class='ocr_line' id='line_1_13' title="bbox 618 1542 2167 1619; baseline -0.003 -17"><span class='ocrx_word' id='word_1_89' title='bbox 618 1550 774 1602; x_wconf 83' lang='lat' dir='ltr'><strong>modo</strong></span> <span class='ocrx_word' id='word_1_90' title='bbox 828 1560 886 1601; x_wconf 79' lang='lat' dir='ltr'><strong>eit</strong></span> <span class='ocrx_word' id='word_1_91' title='bbox 945 1551 1278 1619; x_wconf 80' lang='lat' dir='ltr'><strong>requiescam</strong></span> <span class='ocrx_word' id='word_1_92' title='bbox 1323 1551 1623 1619; x_wconf 83' lang='lat' dir='ltr'><strong>permittit,</strong></span> <span class='ocrx_word' id='word_1_93' title='bbox 1673 1544 1777 1599; x_wconf 85' lang='lat' dir='ltr'><strong>sed</strong></span> <span class='ocrx_word' id='word_1_94' title='bbox 1813 1542 2167 1618; x_wconf 75' lang='lat' dir='ltr'><strong>reprehendit</strong></span> 
     </span>
     <span class='ocr_line' id='line_1_14' title="bbox 615 1630 2156 1707; baseline -0.001 -19"><span class='ocrx_word' id='word_1_95' title='bbox 615 1641 748 1707; x_wconf 80' lang='lat' dir='ltr'><strong>quia</strong></span> <span class='ocrx_word' id='word_1_96' title='bbox 775 1654 882 1689; x_wconf 81' lang='lat' dir='ltr'><strong>non</strong></span> <span class='ocrx_word' id='word_1_97' title='bbox 910 1652 1127 1707; x_wconf 81' lang='lat' dir='ltr'><strong>semper</strong></span> <span class='ocrx_word' id='word_1_98' title='bbox 1151 1638 1462 1706; x_wconf 74' lang='lat' dir='ltr'><strong>quieverim.</strong></span> <span class='ocrx_word' id='word_1_99' title='bbox 1495 1632 1578 1687; x_wconf 83' lang='lat' dir='ltr'><strong>cf.</strong></span> <span class='ocrx_word' id='word_1_100' title='bbox 1616 1631 1766 1686; x_wconf 91' lang='lat' dir='ltr'><strong>idem</strong></span> <span class='ocrx_word' id='word_1_101' title='bbox 1794 1630 1871 1685; x_wconf 91' lang='lat' dir='ltr'><strong>ib.</strong></span> <span class='ocrx_word' id='word_1_102' title='bbox 1900 1632 2033 1697; x_wconf 84' lang='lat' dir='ltr'><strong>vn,</strong></span> <span class='ocrx_word' id='word_1_103' title='bbox 2066 1631 2098 1685; x_wconf 85' lang='lat'>3</span> <span class='ocrx_word' id='word_1_104' title='bbox 2140 1648 2156 1687; x_wconf 76' lang='lat' dir='ltr'><strong>t</strong></span> 
     </span>
     <span class='ocr_line' id='line_1_15' title="bbox 615 1716 2160 1795; baseline -0.003 -20"><span class='ocrx_word' id='word_1_105' title='bbox 615 1724 698 1775; x_wconf 88' lang='lat' dir='ltr'><strong>Ac</strong></span> <span class='ocrx_word' id='word_1_106' title='bbox 709 1728 951 1795; x_wconf 78' lang='lat' dir='ltr'><strong>primum</strong></span> <span class='ocrx_word' id='word_1_107' title='bbox 974 1722 1135 1785; x_wconf 79' lang='lat' dir='ltr'><strong>illud,</strong></span> <span class='ocrx_word' id='word_1_108' title='bbox 1166 1725 1224 1773; x_wconf 82' lang='lat' dir='ltr'><strong>in</strong></span> <span class='ocrx_word' id='word_1_109' title='bbox 1243 1739 1348 1793; x_wconf 80' lang='lat' dir='ltr'><strong>quo</strong></span> <span class='ocrx_word' id='word_1_110' title='bbox 1372 1731 1423 1773; x_wconf 87' lang='lat' dir='ltr'><strong>te</strong></span> <span class='ocrx_word' id='word_1_111' title='bbox 1447 1716 1769 1772; x_wconf 71' lang='lat' dir='ltr'><strong>Dicaearcho</strong></span> <span class='ocrx_word' id='word_1_112' title='bbox 1787 1721 2044 1771; x_wconf 80' lang='lat' dir='ltr'><strong>assentiri</strong></span> <span class='ocrx_word' id='word_1_113' title='bbox 2061 1734 2160 1771; x_wconf 84' lang='lat' dir='ltr'><strong>ne-</strong></span> 
     </span>
     <span class='ocr_line' id='line_1_16' title="bbox 612 1808 2159 1881; baseline -0.003 -21"><span class='ocrx_word' id='word_1_114' title='bbox 612 1827 742 1875; x_wconf 67' lang='lat' dir='ltr'><strong>gas,</strong></span> <span class='ocrx_word' id='word_1_115' title='bbox 773 1815 875 1862; x_wconf 79' lang='lat' dir='ltr'><strong>etsi</strong></span> <span class='ocrx_word' id='word_1_116' title='bbox 892 1809 1248 1881; x_wconf 77' lang='lat' dir='ltr'><strong>cupidissime</strong></span> <span class='ocrx_word' id='word_1_117' title='bbox 1273 1811 1573 1878; x_wconf 73' lang='lat' dir='ltr'><strong>expetitum</strong></span> <span class='ocrx_word' id='word_1_118' title='bbox 1597 1823 1635 1858; x_wconf 84' lang='lat' dir='ltr'><strong>a</strong></span> <span class='ocrx_word' id='word_1_119' title='bbox 1653 1813 1740 1857; x_wconf 84' lang='lat' dir='ltr'><strong>me</strong></span> <span class='ocrx_word' id='word_1_120' title='bbox 1755 1808 1830 1857; x_wconf 90' lang='lat' dir='ltr'><strong>sit</strong></span> <span class='ocrx_word' id='word_1_121' title='bbox 1844 1845 1857 1868; x_wconf 93' lang='lat'><em>‚</em></span> <span class='ocrx_word' id='word_1_122' title='bbox 1890 1814 1947 1857; x_wconf 91' lang='lat' dir='ltr'><strong>et</strong></span> <span class='ocrx_word' id='word_1_123' title='bbox 1962 1821 2159 1875; x_wconf 76' lang='lat' dir='ltr'><strong>appro-</strong></span> 
     </span>
     <span class='ocr_line' id='line_1_17' title="bbox 615 1895 2159 1964; baseline -0.002 -19"><span class='ocrx_word' id='word_1_124' title='bbox 615 1896 781 1949; x_wconf 81' lang='lat' dir='ltr'><strong>bante</strong></span> <span class='ocrx_word' id='word_1_125' title='bbox 798 1907 849 1948; x_wconf 86' lang='lat' dir='ltr'><strong>te</strong></span> <span class='ocrx_word' id='word_1_126' title='bbox 863 1935 877 1961; x_wconf 91' lang='lat'><strong>,</strong></span> <span class='ocrx_word' id='word_1_127' title='bbox 897 1912 966 1947; x_wconf 78' lang='lat' dir='ltr'><strong>tie</strong></span> <span class='ocrx_word' id='word_1_128' title='bbox 988 1895 1194 1946; x_wconf 80' lang='lat' dir='ltr'><strong>diutius</strong></span> <span class='ocrx_word' id='word_1_129' title='bbox 1216 1910 1366 1947; x_wconf 77' lang='lat' dir='ltr'><strong>anno</strong></span> <span class='ocrx_word' id='word_1_130' title='bbox 1385 1896 1443 1945; x_wconf 83' lang='lat' dir='ltr'><strong>in</strong></span> <span class='ocrx_word' id='word_1_131' title='bbox 1453 1895 1734 1964; x_wconf 69' lang='lat' dir='ltr'><strong>pruvincia</strong></span> <span class='ocrx_word' id='word_1_132' title='bbox 1750 1902 1944 1954; x_wconf 73' lang='lat' dir='ltr'><strong>essem,</strong></span> <span class='ocrx_word' id='word_1_133' title='bbox 1973 1901 2159 1943; x_wconf 81' lang='lat' dir='ltr'><strong>tamen</strong></span> 
     </span>
     <span class='ocr_line' id='line_1_18' title="bbox 613 1981 2157 2057; baseline -0.002 -18"><span class='ocrx_word' id='word_1_134' title='bbox 613 2005 722 2041; x_wconf 81' lang='lat' dir='ltr'><strong>non</strong></span> <span class='ocrx_word' id='word_1_135' title='bbox 744 2000 825 2040; x_wconf 86' lang='lat' dir='ltr'><strong>est</strong></span> <span class='ocrx_word' id='word_1_136' title='bbox 844 1999 1027 2041; x_wconf 82' lang='lat' dir='ltr'><strong>nostra</strong></span> <span class='ocrx_word' id='word_1_137' title='bbox 1052 1990 1397 2039; x_wconf 78' lang='lat' dir='ltr'><strong>contentione</strong></span> <span class='ocrx_word' id='word_1_138' title='bbox 1413 1981 1742 2057; x_wconf 70' lang='lat' dir='ltr'><strong>persei-tum.</strong></span> <span class='ocrx_word' id='word_1_139' title='bbox 1775 1982 1933 2036; x_wconf 87' lang='lat' dir='ltr'><strong>Idem</strong></span> <span class='ocrx_word' id='word_1_140' title='bbox 1966 1981 2042 2038; x_wconf 90' lang='lat' dir='ltr'><strong>ib.</strong></span> <span class='ocrx_word' id='word_1_141' title='bbox 2068 1984 2157 2050; x_wconf 91' lang='lat'><strong>11,</strong></span> 
     </span>
     <span class='ocr_line' id='line_1_19' title="bbox 618 2068 2158 2143; baseline -0.003 -18"><span class='ocrx_word' id='word_1_142' title='bbox 618 2091 717 2140; x_wconf 90' lang='lat' dir='ltr'><strong>2o,</strong></span> <span class='ocrx_word' id='word_1_143' title='bbox 745 2083 801 2126; x_wconf 91' lang='lat' dir='ltr'><strong>et</strong></span> <span class='ocrx_word' id='word_1_144' title='bbox 828 2073 914 2143; x_wconf 82' lang='lat'><strong>11,</strong></span> <span class='ocrx_word' id='word_1_145' title='bbox 948 2090 1014 2124; x_wconf 83' lang='lat'><strong>12</strong></span> <span class='ocrx_word' id='word_1_146' title='bbox 1050 2091 1063 2123; x_wconf 89' lang='lat'>:</span> <span class='ocrx_word' id='word_1_147' title='bbox 1091 2069 1480 2127; x_wconf 68' lang='lat' dir='ltr'><strong>Dicaearchum</strong></span> <span class='ocrx_word' id='word_1_148' title='bbox 1508 2079 1652 2122; x_wconf 70' lang='lat' dir='ltr'><strong>mete</strong></span> <span class='ocrx_word' id='word_1_149' title='bbox 1671 2086 1831 2121; x_wconf 82' lang='lat' dir='ltr'><strong>amas</strong></span> <span class='ocrx_word' id='word_1_150' title='bbox 1853 2085 1872 2119; x_wconf 91' lang='grc'><strong>.·</strong></span> <span class='ocrx_word' id='word_1_151' title='bbox 1908 2068 2158 2121; x_wconf 79' lang='lat' dir='ltr'><strong>luculen-</strong></span> 
     </span>
     <span class='ocr_line' id='line_1_20' title="bbox 615 2155 2160 2229; baseline -0.002 -19"><span class='ocrx_word' id='word_1_152' title='bbox 615 2172 699 2211; x_wconf 72' lang='grc' dir='ltr'><strong>ιω·</strong></span> <span class='ocrx_word' id='word_1_153' title='bbox 734 2159 895 2212; x_wconf 83' lang='lat' dir='ltr'><strong>homo</strong></span> <span class='ocrx_word' id='word_1_154' title='bbox 918 2170 1003 2211; x_wconf 85' lang='lat' dir='ltr'><strong>est</strong></span> <span class='ocrx_word' id='word_1_155' title='bbox 1020 2170 1075 2211; x_wconf 90' lang='lat' dir='ltr'><strong>et</strong></span> <span class='ocrx_word' id='word_1_156' title='bbox 1094 2162 1226 2210; x_wconf 76' lang='lat' dir='ltr'><strong>civis</strong></span> <span class='ocrx_word' id='word_1_157' title='bbox 1248 2155 1406 2210; x_wconf 80' lang='lat' dir='ltr'><strong>haud</strong></span> <span class='ocrx_word' id='word_1_158' title='bbox 1422 2157 1618 2229; x_wconf 82' lang='lat' dir='ltr'><strong>paullo</strong></span> <span class='ocrx_word' id='word_1_159' title='bbox 1647 2156 1845 2209; x_wconf 82' lang='lat' dir='ltr'><strong>melior</strong></span> <span class='ocrx_word' id='word_1_160' title='bbox 1876 2171 2042 2226; x_wconf 79' lang='lat' dir='ltr'><strong>quam</strong></span> <span class='ocrx_word' id='word_1_161' title='bbox 2072 2158 2160 2207; x_wconf 87' lang='lat' dir='ltr'><strong>isti</strong></span> 
     </span>
     <span class='ocr_line' id='line_1_21' title="bbox 615 2240 2159 2320; baseline -0.001 -24"><span class='ocrx_word' id='word_1_162' title='bbox 615 2250 786 2299; x_wconf 81' lang='lat' dir='ltr'><strong>nostri</strong></span> <span class='ocrx_word' id='word_1_163' title='bbox 812 2243 886 2298; x_wconf 83' lang='grc' dir='ltr'><strong>ἆδ</strong></span> <span class='ocrx_word' id='word_1_164' title='bbox 899 2240 1115 2320; x_wconf 80' lang='grc' dir='ltr'>ικαιάρ</span> <span class='ocrx_word' id='word_1_165' title='bbox 1125 2263 1164 2318; x_wconf 77' lang='grc' dir='ltr'>χ</span> <span class='ocrx_word' id='word_1_166' title='bbox 1173 2263 1194 2297; x_wconf 84' lang='grc' dir='ltr'><strong><em>ε</em></strong></span> <span class='ocrx_word' id='word_1_167' title='bbox 1211 2262 1318 2296; x_wconf 83' lang='grc' dir='ltr'>ιοι.</span> <span class='ocrx_word' id='word_1_168' title='bbox 1346 2242 1607 2297; x_wconf 84' lang='lat' dir='ltr'><strong>Pluribus</strong></span> <span class='ocrx_word' id='word_1_169' title='bbox 1631 2242 1830 2297; x_wconf 90' lang='lat' dir='ltr'><strong>Cicero</strong></span> <span class='ocrx_word' id='word_1_170' title='bbox 1853 2241 2159 2296; x_wconf 85' lang='lat' dir='ltr'><strong>Dicaearchi</strong></span> 
     </span>
     <span class='ocr_line' id='line_1_22' title="bbox 614 2326 2160 2399; baseline -0.002 -16"><span class='ocrx_word' id='word_1_171' title='bbox 614 2332 940 2385; x_wconf 86' lang='lat' dir='ltr'><strong>sententiam</strong></span> <span class='ocrx_word' id='word_1_172' title='bbox 970 2329 1041 2383; x_wconf 91' lang='lat' dir='ltr'><strong>de</strong></span> <span class='ocrx_word' id='word_1_173' title='bbox 1068 2328 1261 2384; x_wconf 86' lang='lat' dir='ltr'><strong>studiis</strong></span> <span class='ocrx_word' id='word_1_174' title='bbox 1288 2327 1458 2385; x_wconf 90' lang='lat' dir='ltr'><strong>rebus</strong></span> <span class='ocrx_word' id='word_1_175' title='bbox 1485 2327 1741 2382; x_wconf 77' lang='lat' dir='ltr'><strong>civilibus</strong></span> <span class='ocrx_word' id='word_1_176' title='bbox 1769 2326 2160 2399; x_wconf 82' lang='lat' dir='ltr'><strong>impendendis</strong></span> 
     </span>
     <span class='ocr_line' id='line_1_23' title="bbox 615 2414 2157 2489; baseline -0.001 -20"><span class='ocrx_word' id='word_1_177' title='bbox 615 2418 931 2489; x_wconf 82' lang='lat' dir='ltr'><strong>exposuisse</strong></span> <span class='ocrx_word' id='word_1_178' title='bbox 960 2415 1186 2479; x_wconf 68' lang='lat' dir='ltr'><strong>videtur</strong></span> <span class='ocrx_word' id='word_1_179' title='bbox 1225 2415 1388 2469; x_wconf 87' lang='lat' dir='ltr'><strong>initio</strong></span> <span class='ocrx_word' id='word_1_180' title='bbox 1432 2415 1618 2488; x_wconf 87' lang='lat' dir='ltr'><strong>operis</strong></span> <span class='ocrx_word' id='word_1_181' title='bbox 1643 2415 1729 2469; x_wconf 89' lang='lat' dir='ltr'><strong>De</strong></span> <span class='ocrx_word' id='word_1_182' title='bbox 1763 2414 1936 2486; x_wconf 82' lang='lat' dir='ltr'><strong>Rep.‚</strong></span> <span class='ocrx_word' id='word_1_183' title='bbox 1972 2414 2053 2467; x_wconf 89' lang='lat' dir='ltr'><strong>uti</strong></span> <span class='ocrx_word' id='word_1_184' title='bbox 2088 2430 2157 2467; x_wconf 84' lang='lat' dir='ltr'><strong>ex</strong></span> 
     </span>
     <span class='ocr_line' id='line_1_24' title="bbox 615 2500 2157 2577; baseline -0.001 -21"><span class='ocrx_word' id='word_1_185' title='bbox 615 2513 940 2577; x_wconf 88' lang='lat' dir='ltr'><strong>comparato</strong></span> <span class='ocrx_word' id='word_1_186' title='bbox 984 2504 1258 2559; x_wconf 86' lang='lat' dir='ltr'><strong>Lactantii</strong></span> <span class='ocrx_word' id='word_1_187' title='bbox 1295 2500 1721 2557; x_wconf 85' lang='lat' dir='ltr'><strong>Institutionum</strong></span> <span class='ocrx_word' id='word_1_188' title='bbox 1756 2500 1990 2555; x_wconf 80' lang='lat' dir='ltr'><strong>exordio</strong></span> <span class='ocrx_word' id='word_1_189' title='bbox 2016 2518 2157 2573; x_wconf 90' lang='lat' dir='ltr'><strong>pro-</strong></span> 
     </span>
     <span class='ocr_line' id='line_1_25' title="bbox 614 2585 2154 2662; baseline -0.001 -18"><span class='ocrx_word' id='word_1_190' title='bbox 614 2591 875 2646; x_wconf 89' lang='lat' dir='ltr'><strong>babiliter</strong></span> <span class='ocrx_word' id='word_1_191' title='bbox 920 2589 1209 2645; x_wconf 83' lang='lat' dir='ltr'><strong>concludit</strong></span> <span class='ocrx_word' id='word_1_192' title='bbox 1255 2591 1507 2643; x_wconf 86' lang='lat' dir='ltr'><strong>Moserus</strong></span> <span class='ocrx_word' id='word_1_193' title='bbox 1553 2585 1573 2662; x_wconf 89' lang='lat'>(</span> <span class='ocrx_word' id='word_1_194' title='bbox 1596 2587 1670 2643; x_wconf 89' lang='lat' dir='ltr'><strong>ad</strong></span> <span class='ocrx_word' id='word_1_195' title='bbox 1708 2588 1825 2644; x_wconf 88' lang='lat' dir='ltr'><strong>Cic.</strong></span> <span class='ocrx_word' id='word_1_196' title='bbox 1885 2589 1971 2643; x_wconf 88' lang='lat' dir='ltr'><strong>Dc</strong></span> <span class='ocrx_word' id='word_1_197' title='bbox 2009 2588 2154 2659; x_wconf 87' lang='lat' dir='ltr'><strong>Rep.</strong></span> 
     </span>
     <span class='ocr_line' id='line_1_26' title="bbox 611 2672 2158 2750; baseline -0.002 -19"><span class='ocrx_word' id='word_1_198' title='bbox 611 2692 673 2750; x_wconf 87' lang='lat' dir='ltr'><strong>p.</strong></span> <span class='ocrx_word' id='word_1_199' title='bbox 715 2672 1037 2749; x_wconf 83' lang='lat' dir='ltr'>LXXVII).</span> <span class='ocrx_word' id='word_1_200' title='bbox 1072 2678 1359 2731; x_wconf 85' lang='lat' dir='ltr'><strong>Pertinent</strong></span> <span class='ocrx_word' id='word_1_201' title='bbox 1395 2694 1532 2730; x_wconf 76' lang='lat' dir='ltr'><strong>vero</strong></span> <span class='ocrx_word' id='word_1_202' title='bbox 1576 2676 1689 2729; x_wconf 86' lang='lat' dir='ltr'><strong>hue</strong></span> <span class='ocrx_word' id='word_1_203' title='bbox 1725 2675 1893 2729; x_wconf 79' lang='lat' dir='ltr'><strong>etiam</strong></span> <span class='ocrx_word' id='word_1_204' title='bbox 1928 2690 1994 2728; x_wconf 86' lang='lat' dir='ltr'><strong>ea</strong></span> <span class='ocrx_word' id='word_1_205' title='bbox 2036 2692 2158 2746; x_wconf 78' lang='lat' dir='ltr'><strong>quae</strong></span> 
     </span>
     <span class='ocr_line' id='line_1_27' title="bbox 616 2756 2159 2837; baseline -0.002 -19"><span class='ocrx_word' id='word_1_206' title='bbox 616 2765 944 2820; x_wconf 84' lang='lat' dir='ltr'><strong>Plutarchus</strong></span> <span class='ocrx_word' id='word_1_207' title='bbox 966 2765 1135 2818; x_wconf 83' lang='lat' dir='ltr'><strong>habet</strong></span> <span class='ocrx_word' id='word_1_208' title='bbox 1162 2763 1280 2835; x_wconf 81' lang='lat' dir='ltr'><strong>(An</strong></span> <span class='ocrx_word' id='word_1_209' title='bbox 1305 2763 1422 2817; x_wconf 89' lang='lat' dir='ltr'><strong>seni</strong></span> <span class='ocrx_word' id='word_1_210' title='bbox 1443 2779 1564 2837; x_wconf 80' lang='lat' dir='ltr'><strong>ger.</strong></span> <span class='ocrx_word' id='word_1_211' title='bbox 1596 2778 1743 2833; x_wconf 61' lang='lat' dir='ltr'><strong>resp.</strong></span> <span class='ocrx_word' id='word_1_212' title='bbox 1766 2777 1819 2814; x_wconf 90' lang='lat' dir='ltr'><strong>c.</strong></span> <span class='ocrx_word' id='word_1_213' title='bbox 1848 2757 1952 2831; x_wconf 86' lang='lat'><strong>26)</strong></span> <span class='ocrx_word' id='word_1_214' title='bbox 1984 2778 2000 2813; x_wconf 74' lang='grc' dir='ltr'><em>τ</em></span> <span class='ocrx_word' id='word_1_215' title='bbox 2026 2756 2159 2823; x_wconf 79' lang='grc' dir='ltr'>Τοὺς</span> 
     </span>
     <span class='ocr_line' id='line_1_28' title="bbox 614 2842 2160 2923; baseline -0.002 -18"><span class='ocrx_word' id='word_1_216' title='bbox 614 2851 667 2905; x_wconf 79' lang='grc' dir='ltr'><strong>ἐν</strong></span> <span class='ocrx_word' id='word_1_217' title='bbox 710 2856 822 2914; x_wconf 80' lang='grc' dir='ltr'>ταῖς</span> <span class='ocrx_word' id='word_1_218' title='bbox 864 2851 1040 2913; x_wconf 74' lang='grc' dir='ltr'>στοαῖς</span> <span class='ocrx_word' id='word_1_219' title='bbox 1078 2846 1515 2921; x_wconf 77' lang='grc' dir='ltr'>ἀνακάμπτοντας</span> <span class='ocrx_word' id='word_1_220' title='bbox 1554 2843 1857 2923; x_wconf 75' lang='grc' dir='ltr'>περιπατεῖν</span> <span class='ocrx_word' id='word_1_221' title='bbox 1885 2842 2014 2923; x_wconf 73' lang='grc' dir='ltr'><strong>φασὶ</strong></span> <span class='ocrx_word' id='word_1_222' title='bbox 2034 2887 2051 2917; x_wconf 86' lang='lat'><strong>,</strong></span> <span class='ocrx_word' id='word_1_223' title='bbox 2088 2847 2160 2911; x_wconf 81' lang='grc' dir='ltr'><strong>ὡς</strong></span> 
     </span>
     <span class='ocr_line' id='line_1_29' title="bbox 615 2927 2162 3014; baseline -0.005 -21"><span class='ocrx_word' id='word_1_224' title='bbox 615 2932 759 3012; x_wconf 65' lang='grc' dir='ltr'>ἔλεγε</span> <span class='ocrx_word' id='word_1_225' title='bbox 786 2936 1105 3014; x_wconf 71' lang='grc' dir='ltr'>Δικαίαρχος</span> <span class='ocrx_word' id='word_1_226' title='bbox 1124 2981 1140 3007; x_wconf 82' lang='lat'><strong>,</strong></span> <span class='ocrx_word' id='word_1_227' title='bbox 1166 2932 1336 2992; x_wconf 75' lang='grc' dir='ltr'>οὖκέτι</span> <span class='ocrx_word' id='word_1_228' title='bbox 1367 2930 1421 2990; x_wconf 74' lang='grc' dir='ltr'><strong>δὲ</strong></span> <span class='ocrx_word' id='word_1_229' title='bbox 1450 2932 1563 2997; x_wconf 72' lang='grc' dir='ltr'>τοὺς</span> <span class='ocrx_word' id='word_1_230' title='bbox 1592 2935 1663 2996; x_wconf 79' lang='grc' dir='ltr'><strong>εἰς</strong></span> <span class='ocrx_word' id='word_1_231' title='bbox 1685 2929 1770 2988; x_wconf 80' lang='grc' dir='ltr'><strong>τὸν</strong></span> <span class='ocrx_word' id='word_1_232' title='bbox 1796 2928 1952 3008; x_wconf 79' lang='grc' dir='ltr'>ἀγρὸν</span> <span class='ocrx_word' id='word_1_233' title='bbox 1980 2927 2015 2999; x_wconf 77' lang='grc' dir='ltr'>ἢ</span> <span class='ocrx_word' id='word_1_234' title='bbox 2034 2930 2162 3009; x_wconf 81' lang='grc' dir='ltr'>πρὸς</span> 
     </span>
     <span class='ocr_line' id='line_1_30' title="bbox 616 3018 2160 3101; baseline -0.002 -23"><span class='ocrx_word' id='word_1_235' title='bbox 616 3022 761 3101; x_wconf 76' lang='grc' dir='ltr'>φίλον</span> <span class='ocrx_word' id='word_1_236' title='bbox 808 3022 1128 3100; x_wconf 77' lang='grc' dir='ltr'>βαδίζοντας.</span> <span class='ocrx_word' id='word_1_237' title='bbox 1185 3021 1512 3093; x_wconf 84' lang='lat' dir='ltr'><strong>Cujusmodi</strong></span> <span class='ocrx_word' id='word_1_238' title='bbox 1559 3018 1908 3094; x_wconf 84' lang='lat' dir='ltr'><strong>pbilosophis</strong></span> <span class='ocrx_word' id='word_1_239' title='bbox 1955 3018 2160 3075; x_wconf 85' lang='lat' dir='ltr'><strong>deinde</strong></span> 
     </span>
     <span class='ocr_line' id='line_1_31' title="bbox 616 3105 2161 3183; baseline -0.003 -19"><span class='ocrx_word' id='word_1_240' title='bbox 616 3112 926 3183; x_wconf 90' lang='lat' dir='ltr'><strong>opponitur</strong></span> <span class='ocrx_word' id='word_1_241' title='bbox 984 3108 1178 3163; x_wconf 88' lang='lat' dir='ltr'><strong>nobile</strong></span> <span class='ocrx_word' id='word_1_242' title='bbox 1218 3108 1463 3162; x_wconf 87' lang='lat' dir='ltr'><strong>Socratis</strong></span> <span class='ocrx_word' id='word_1_243' title='bbox 1505 3105 1855 3178; x_wconf 79' lang='lat' dir='ltr'><strong>exemplum,</strong></span> <span class='ocrx_word' id='word_1_244' title='bbox 1897 3106 1999 3175; x_wconf 87' lang='lat' dir='ltr'><strong>qui</strong></span> <span class='ocrx_word' id='word_1_245' title='bbox 2043 3124 2161 3160; x_wconf 89' lang='lat' dir='ltr'><strong>non</strong></span> 
     </span>
     <span class='ocr_line' id='line_1_32' title="bbox 615 3190 2161 3269; baseline -0.003 -18"><span class='ocrx_word' id='word_1_246' title='bbox 615 3197 789 3251; x_wconf 92' lang='lat' dir='ltr'><strong>modo</strong></span> <span class='ocrx_word' id='word_1_247' title='bbox 824 3195 1222 3269; x_wconf 85' lang='lat' dir='ltr'><strong>philosophus,</strong></span> <span class='ocrx_word' id='word_1_248' title='bbox 1246 3192 1345 3248; x_wconf 85' lang='lat' dir='ltr'><strong>sed</strong></span> <span class='ocrx_word' id='word_1_249' title='bbox 1366 3193 1502 3247; x_wconf 80' lang='lat' dir='ltr'><strong>civis</strong></span> <span class='ocrx_word' id='word_1_250' title='bbox 1523 3193 1689 3247; x_wconf 88' lang='lat' dir='ltr'><strong>etiam</strong></span> <span class='ocrx_word' id='word_1_251' title='bbox 1727 3192 1972 3264; x_wconf 86' lang='lat' dir='ltr'><strong>optimus</strong></span> <span class='ocrx_word' id='word_1_252' title='bbox 1991 3190 2161 3247; x_wconf 81' lang='lat' dir='ltr'><strong>suerit</strong></span> 
     </span>
     <span class='ocr_line' id='line_1_33' title="bbox 617 3276 2160 3355; baseline -0.001 -20"><span class='ocrx_word' id='word_1_253' title='bbox 617 3286 700 3355; x_wconf 78' lang='lat' dir='ltr'><strong>(v.</strong></span> <span class='ocrx_word' id='word_1_254' title='bbox 726 3282 928 3355; x_wconf 81' lang='lat' dir='ltr'><strong>fragm.</strong></span> <span class='ocrx_word' id='word_1_255' title='bbox 975 3276 1217 3355; x_wconf 84' lang='lat' dir='ltr'><strong>ultim.).</strong></span> <span class='ocrx_word' id='word_1_256' title='bbox 1251 3280 1518 3334; x_wconf 85' lang='lat' dir='ltr'><strong>Similiter</strong></span> <span class='ocrx_word' id='word_1_257' title='bbox 1562 3281 1740 3351; x_wconf 85' lang='lat' dir='ltr'><strong>ipsum</strong></span> <span class='ocrx_word' id='word_1_258' title='bbox 1775 3277 2160 3333; x_wconf 78' lang='lat' dir='ltr'><strong>Dicaearchum</strong></span> 
     </span>
     <span class='ocr_line' id='line_1_34' title="bbox 614 3364 2158 3436; baseline -0.002 -14"><span class='ocrx_word' id='word_1_259' title='bbox 614 3371 686 3424; x_wconf 90' lang='lat' dir='ltr'><strong>de</strong></span> <span class='ocrx_word' id='word_1_260' title='bbox 726 3370 891 3423; x_wconf 86' lang='lat' dir='ltr'><strong>rebus</strong></span> <span class='ocrx_word' id='word_1_261' title='bbox 918 3366 1174 3421; x_wconf 65' lang='lat' dir='ltr'><strong>civilibus</strong></span> <span class='ocrx_word' id='word_1_262' title='bbox 1211 3366 1472 3419; x_wconf 90' lang='lat' dir='ltr'><strong>meritum</strong></span> <span class='ocrx_word' id='word_1_263' title='bbox 1512 3365 1675 3420; x_wconf 77' lang='lat' dir='ltr'><strong>fuisse</strong></span> <span class='ocrx_word' id='word_1_264' title='bbox 1711 3374 1880 3436; x_wconf 88' lang='lat' dir='ltr'><strong>atque</strong></span> <span class='ocrx_word' id='word_1_265' title='bbox 1925 3364 2158 3419; x_wconf 87' lang='lat' dir='ltr'><strong>munera&#39;</strong></span> 
     </span>
     <span class='ocr_line' id='line_1_35' title="bbox 611 3449 2160 3529; baseline -0.003 -19"><span class='ocrx_word' id='word_1_266' title='bbox 611 3457 840 3529; x_wconf 89' lang='lat' dir='ltr'><strong>publica</strong></span> <span class='ocrx_word' id='word_1_267' title='bbox 873 3456 1093 3528; x_wconf 69' lang='lat' dir='ltr'><strong>gessisse</strong></span> <span class='ocrx_word' id='word_1_268' title='bbox 1138 3450 1158 3528; x_wconf 90' lang='lat'>(</span> <span class='ocrx_word' id='word_1_269' title='bbox 1178 3450 1612 3527; x_wconf 74' lang='lat' dir='ltr'><strong>Lacedaemone)</strong></span> <span class='ocrx_word' id='word_1_270' title='bbox 1657 3468 1727 3507; x_wconf 84' lang='lat' dir='ltr'><strong>ex</strong></span> <span class='ocrx_word' id='word_1_271' title='bbox 1780 3449 1960 3504; x_wconf 88' lang='lat' dir='ltr'><strong>allatis</strong></span> <span class='ocrx_word' id='word_1_272' title='bbox 1997 3449 2160 3507; x_wconf 81' lang='lat' dir='ltr'><strong>facile</strong></span> 
     </span>
     <span class='ocr_line' id='line_1_36' title="bbox 612 3538 2084 3615; baseline -0.003 -20"><span class='ocrx_word' id='word_1_273' title='bbox 612 3543 918 3615; x_wconf 79' lang='lat' dir='ltr'><strong>colligitur.</strong></span> <span class='ocrx_word' id='word_1_274' title='bbox 2075 3538 2084 3543; x_wconf 87' lang='grc'><em>“</em></span> 
     </span>
    </p>

    <p class='ocr_par' dir='ltr' id='par_1_3' title="bbox 604 3622 2159 5258">
     <span class='ocr_line' id='line_1_37' title="bbox 694 3622 2157 3696; baseline -0.001 -15"><span class='ocrx_word' id='word_1_275' title='bbox 694 3629 964 3681; x_wconf 81' lang='lat' dir='ltr'><strong>Praeterea</strong></span> <span class='ocrx_word' id='word_1_276' title='bbox 1004 3626 1075 3681; x_wconf 89' lang='lat' dir='ltr'><strong>de</strong></span> <span class='ocrx_word' id='word_1_277' title='bbox 1115 3628 1229 3681; x_wconf 77' lang='lat' dir='ltr'><strong>vita</strong></span> <span class='ocrx_word' id='word_1_278' title='bbox 1274 3624 1581 3681; x_wconf 73' lang='lat' dir='ltr'><strong>Dicaearchi</strong></span> <span class='ocrx_word' id='word_1_279' title='bbox 1622 3622 1763 3678; x_wconf 87' lang='lat' dir='ltr'><strong>nihil</strong></span> <span class='ocrx_word' id='word_1_280' title='bbox 1808 3624 2129 3696; x_wconf 83' lang='lat' dir='ltr'><strong>accepimus</strong></span> <span class='ocrx_word' id='word_1_281' title='bbox 2140 3664 2157 3693; x_wconf 90' lang='lat'><strong>,</strong></span> 
     </span>
     <span class='ocr_line' id='line_1_38' title="bbox 613 3710 2159 3787; baseline -0.003 -17"><span class='ocrx_word' id='word_1_282' title='bbox 613 3716 716 3771; x_wconf 87' lang='lat' dir='ltr'><strong>nisi</strong></span> <span class='ocrx_word' id='word_1_283' title='bbox 732 3713 889 3787; x_wconf 89' lang='lat' dir='ltr'><strong>quod</strong></span> <span class='ocrx_word' id='word_1_284' title='bbox 904 3712 1055 3786; x_wconf 89' lang='lat' dir='ltr'><strong>apud</strong></span> <span class='ocrx_word' id='word_1_285' title='bbox 1074 3714 1315 3767; x_wconf 86' lang='lat' dir='ltr'><strong>Plinium</strong></span> <span class='ocrx_word' id='word_1_286' title='bbox 1341 3710 1434 3784; x_wconf 81' lang='lat' dir='ltr'><strong>(fr.</strong></span> <span class='ocrx_word' id='word_1_287' title='bbox 1455 3710 1549 3785; x_wconf 83' lang='lat'><strong>61)</strong></span> <span class='ocrx_word' id='word_1_288' title='bbox 1578 3728 1768 3783; x_wconf 74' lang='lat' dir='ltr'><strong>regum</strong></span> <span class='ocrx_word' id='word_1_289' title='bbox 1787 3730 1928 3767; x_wconf 86' lang='lat' dir='ltr'><strong>cura</strong></span> <span class='ocrx_word' id='word_1_290' title='bbox 1950 3722 2159 3766; x_wconf 79' lang='lat' dir='ltr'><strong>montes</strong></span> 
     </span>
     <span class='ocr_line' id='line_1_39' title="bbox 609 3796 2158 3873; baseline -0.001 -17"><span class='ocrx_word' id='word_1_291' title='bbox 609 3818 864 3856; x_wconf 81' lang='lat' dir='ltr'><strong>emensus</strong></span> <span class='ocrx_word' id='word_1_292' title='bbox 897 3818 1011 3856; x_wconf 88' lang='lat' dir='ltr'><strong>esse</strong></span> <span class='ocrx_word' id='word_1_293' title='bbox 1051 3799 1279 3854; x_wconf 86' lang='lat' dir='ltr'><strong>dicitur.</strong></span> <span class='ocrx_word' id='word_1_294' title='bbox 1310 3800 1477 3855; x_wconf 84' lang='lat' dir='ltr'><strong>Hunc</strong></span> <span class='ocrx_word' id='word_1_295' title='bbox 1505 3799 1563 3853; x_wconf 90' lang='lat' dir='ltr'><strong>in</strong></span> <span class='ocrx_word' id='word_1_296' title='bbox 1588 3796 1760 3853; x_wconf 87' lang='lat' dir='ltr'><strong>finem</strong></span> <span class='ocrx_word' id='word_1_297' title='bbox 1787 3798 2061 3873; x_wconf 70' lang='lat' dir='ltr'><strong>Qraeciam</strong></span> <span class='ocrx_word' id='word_1_298' title='bbox 2087 3799 2158 3854; x_wconf 91' lang='lat' dir='ltr'><strong>ab</strong></span> 
     </span>
     <span class='ocr_line' id='line_1_40' title="bbox 612 3884 2154 3962; baseline 0 -19"><span class='ocrx_word' id='word_1_299' title='bbox 612 3907 682 3943; x_wconf 87' lang='lat' dir='ltr'><strong>co</strong></span> <span class='ocrx_word' id='word_1_300' title='bbox 710 3898 1064 3962; x_wconf 82' lang='lat' dir='ltr'><strong>peragratam</strong></span> <span class='ocrx_word' id='word_1_301' title='bbox 1096 3904 1209 3941; x_wconf 88' lang='lat' dir='ltr'><strong>esse</strong></span> <span class='ocrx_word' id='word_1_302' title='bbox 1250 3904 1358 3959; x_wconf 89' lang='lat' dir='ltr'><strong>pro</strong></span> <span class='ocrx_word' id='word_1_303' title='bbox 1395 3895 1550 3941; x_wconf 90' lang='lat' dir='ltr'><strong>certo</strong></span> <span class='ocrx_word' id='word_1_304' title='bbox 1591 3884 1707 3940; x_wconf 84' lang='lat' dir='ltr'><strong>sere</strong></span> <span class='ocrx_word' id='word_1_305' title='bbox 1744 3903 1962 3959; x_wconf 90' lang='lat' dir='ltr'><strong>ponere</strong></span> <span class='ocrx_word' id='word_1_306' title='bbox 2002 3884 2154 3943; x_wconf 90' lang='lat' dir='ltr'><strong>licet.</strong></span> 
     </span>
     <span class='ocr_line' id='line_1_41' title="bbox 609 3973 2159 4048; baseline -0.003 -17"><span class='ocrx_word' id='word_1_307' title='bbox 609 3973 758 4031; x_wconf 85' lang='lat' dir='ltr'><strong>Num</strong></span> <span class='ocrx_word' id='word_1_308' title='bbox 803 3975 1063 4048; x_wconf 83' lang='lat' dir='ltr'><strong>longiora</strong></span> <span class='ocrx_word' id='word_1_309' title='bbox 1107 3973 1459 4047; x_wconf 78' lang='lat' dir='ltr'><strong>geographus</strong></span> <span class='ocrx_word' id='word_1_310' title='bbox 1486 3973 1688 4029; x_wconf 86' lang='lat' dir='ltr'><strong>itinera</strong></span> <span class='ocrx_word' id='word_1_311' title='bbox 1729 3973 2050 4040; x_wconf 87' lang='lat' dir='ltr'><strong>instituerit,</strong></span> <span class='ocrx_word' id='word_1_312' title='bbox 2100 3973 2159 4027; x_wconf 88' lang='lat' dir='ltr'><strong>in</strong></span> 
     </span>
     <span class='ocr_line' id='line_1_42' title="bbox 610 4054 2158 4132; baseline -0.001 -16"><span class='ocrx_word' id='word_1_313' title='bbox 610 4061 800 4116; x_wconf 89' lang='lat' dir='ltr'><strong>medio</strong></span> <span class='ocrx_word' id='word_1_314' title='bbox 848 4054 1302 4131; x_wconf 88' lang='lat' dir='ltr'><strong>relinquendum.</strong></span> <span class='ocrx_word' id='word_1_315' title='bbox 1356 4060 1663 4132; x_wconf 82' lang='lat' dir='ltr'><strong>Quousque</strong></span> <span class='ocrx_word' id='word_1_316' title='bbox 1694 4058 1938 4132; x_wconf 89' lang='lat' dir='ltr'><strong>denique</strong></span> <span class='ocrx_word' id='word_1_317' title='bbox 1986 4060 2158 4114; x_wconf 81' lang='lat' dir='ltr'><strong>vitam</strong></span> 
     </span>
     <span class='ocr_line' id='line_1_43' title="bbox 608 4144 2155 4221; baseline -0.001 -18"><span class='ocrx_word' id='word_1_318' title='bbox 608 4149 968 4221; x_wconf 78' lang='lat' dir='ltr'><strong>produxerit,</strong></span> <span class='ocrx_word' id='word_1_319' title='bbox 1008 4164 1080 4201; x_wconf 91' lang='lat' dir='ltr'><strong>ne</strong></span> <span class='ocrx_word' id='word_1_320' title='bbox 1124 4145 1448 4216; x_wconf 81' lang='lat' dir='ltr'><strong>conjectura</strong></span> <span class='ocrx_word' id='word_1_321' title='bbox 1494 4144 1723 4218; x_wconf 88' lang='lat' dir='ltr'><strong>quidem</strong></span> <span class='ocrx_word' id='word_1_322' title='bbox 1760 4146 1977 4218; x_wconf 82' lang='lat' dir='ltr'><strong>assequi</strong></span> <span class='ocrx_word' id='word_1_323' title='bbox 2007 4146 2155 4201; x_wconf 90' lang='lat' dir='ltr'><strong>licet.</strong></span> 
     </span>
     <span class='ocr_line' id='line_1_44' title="bbox 606 4231 2159 4308; baseline -0.001 -18"><span class='ocrx_word' id='word_1_324' title='bbox 606 4237 783 4290; x_wconf 82' lang='lat' dir='ltr'><strong>Multa</strong></span> <span class='ocrx_word' id='word_1_325' title='bbox 802 4234 1033 4308; x_wconf 87' lang='lat' dir='ltr'><strong>quidem</strong></span> <span class='ocrx_word' id='word_1_326' title='bbox 1053 4232 1123 4287; x_wconf 90' lang='lat' dir='ltr'><strong>de</strong></span> <span class='ocrx_word' id='word_1_327' title='bbox 1144 4233 1492 4307; x_wconf 85' lang='lat' dir='ltr'><strong>temporibus</strong></span> <span class='ocrx_word' id='word_1_328' title='bbox 1504 4233 1810 4291; x_wconf 81' lang='lat' dir='ltr'><strong>Dicaearchi</strong></span> <span class='ocrx_word' id='word_1_329' title='bbox 1830 4231 2159 4288; x_wconf 83' lang='lat' dir='ltr'><strong>Dodwellus</strong></span> 
     </span>
     <span class='ocr_line' id='line_1_45' title="bbox 606 4320 2157 4393; baseline -0.002 -16"><span class='ocrx_word' id='word_1_330' title='bbox 606 4335 760 4377; x_wconf 84' lang='lat' dir='ltr'><strong>sueta</strong></span> <span class='ocrx_word' id='word_1_331' title='bbox 796 4322 1131 4377; x_wconf 75' lang='lat' dir='ltr'><strong>verbositate</strong></span> <span class='ocrx_word' id='word_1_332' title='bbox 1160 4320 1463 4393; x_wconf 76' lang='lat' dir='ltr'><strong>disputavit</strong></span> <span class='ocrx_word' id='word_1_333' title='bbox 1507 4336 1521 4376; x_wconf 72' lang='grc' dir='ltr'>ε</span> <span class='ocrx_word' id='word_1_334' title='bbox 1567 4337 1767 4376; x_wconf 83' lang='lat' dir='ltr'><strong>verum</strong></span> <span class='ocrx_word' id='word_1_335' title='bbox 1805 4337 1935 4375; x_wconf 88' lang='lat' dir='ltr'><strong>usus</strong></span> <span class='ocrx_word' id='word_1_336' title='bbox 1960 4338 2157 4374; x_wconf 87' lang='lat' dir='ltr'><strong>eorum</strong></span> 
     </span>
     <span class='ocr_line' id='line_1_46' title="bbox 608 4406 2159 4480; baseline -0.001 -17"><span class='ocrx_word' id='word_1_337' title='bbox 608 4426 765 4480; x_wconf 73' lang='lat' dir='ltr'><strong>paene</strong></span> <span class='ocrx_word' id='word_1_338' title='bbox 803 4408 992 4462; x_wconf 88' lang='lat' dir='ltr'><strong>nullus</strong></span> <span class='ocrx_word' id='word_1_339' title='bbox 1019 4416 1114 4462; x_wconf 90' lang='lat' dir='ltr'><strong>est.</strong></span> <span class='ocrx_word' id='word_1_340' title='bbox 1147 4407 1417 4461; x_wconf 88' lang='lat' dir='ltr'><strong>Nituntur</strong></span> <span class='ocrx_word' id='word_1_341' title='bbox 1443 4407 1592 4460; x_wconf 90' lang='lat' dir='ltr'><strong>enim</strong></span> <span class='ocrx_word' id='word_1_342' title='bbox 1625 4406 1745 4462; x_wconf 84' lang='lat' dir='ltr'><strong>haec</strong></span> <span class='ocrx_word' id='word_1_343' title='bbox 1793 4407 1983 4461; x_wconf 87' lang='lat' dir='ltr'><strong>omnia</strong></span> <span class='ocrx_word' id='word_1_344' title='bbox 2021 4406 2159 4461; x_wconf 76' lang='lat' dir='ltr'><strong>locis</strong></span> 
     </span>
     <span class='ocr_line' id='line_1_47' title="bbox 609 4489 2156 4569; baseline -0.001 -19"><span class='ocrx_word' id='word_1_345' title='bbox 609 4494 944 4568; x_wconf 88' lang='lat' dir='ltr'><strong>quibusdam</strong></span> <span class='ocrx_word' id='word_1_346' title='bbox 981 4495 1226 4548; x_wconf 83' lang='lat' dir='ltr'><strong>metricae</strong></span> <span class='ocrx_word' id='word_1_347' title='bbox 1254 4495 1349 4561; x_wconf 77' lang='grc' dir='ltr'><strong>τῆς</strong></span> <span class='ocrx_word' id='word_1_348' title='bbox 1374 4489 1630 4557; x_wconf 80' lang='grc' dir='ltr'>Ἑλλάδος</span> <span class='ocrx_word' id='word_1_349' title='bbox 1674 4493 2002 4569; x_wconf 76' lang='grc' dir='ltr'>ἀναγραφῆς,</span> <span class='ocrx_word' id='word_1_350' title='bbox 2031 4510 2156 4566; x_wconf 81' lang='lat' dir='ltr'><strong>quae</strong></span> 
     </span>
     <span class='ocr_line' id='line_1_48' title="bbox 606 4577 2155 4654; baseline -0.003 -16"><span class='ocrx_word' id='word_1_351' title='bbox 606 4582 932 4638; x_wconf 78' lang='lat' dir='ltr'><strong>Dicaearcho</strong></span> <span class='ocrx_word' id='word_1_352' title='bbox 950 4582 1083 4635; x_wconf 87' lang='lat' dir='ltr'><strong>olim</strong></span> <span class='ocrx_word' id='word_1_353' title='bbox 1104 4580 1475 4648; x_wconf 80' lang='lat' dir='ltr'><strong>tribuebatur,</strong></span> <span class='ocrx_word' id='word_1_354' title='bbox 1498 4598 1672 4654; x_wconf 88' lang='lat' dir='ltr'><strong>quum</strong></span> <span class='ocrx_word' id='word_1_355' title='bbox 1686 4577 1941 4653; x_wconf 82' lang='lat' dir='ltr'><strong>Dionysii</strong></span> <span class='ocrx_word' id='word_1_356' title='bbox 1956 4579 2024 4634; x_wconf 88' lang='lat' dir='ltr'><strong>sit</strong></span> <span class='ocrx_word' id='word_1_357' title='bbox 2037 4582 2155 4634; x_wconf 79' lang='lat' dir='ltr'><strong>aevi·</strong></span> 
     </span>
     <span class='ocr_line' id='line_1_49' title="bbox 607 4664 2154 4741; baseline -0.003 -16"><span class='ocrx_word' id='word_1_358' title='bbox 607 4687 716 4741; x_wconf 89' lang='lat' dir='ltr'><strong>que</strong></span> <span class='ocrx_word' id='word_1_359' title='bbox 739 4666 916 4725; x_wconf 90' lang='lat' dir='ltr'><strong>infimi</strong></span> <span class='ocrx_word' id='word_1_360' title='bbox 936 4670 1099 4723; x_wconf 84' lang='lat' dir='ltr'><strong>soetus</strong></span> <span class='ocrx_word' id='word_1_361' title='bbox 1115 4708 1131 4736; x_wconf 94' lang='lat'><strong>,</strong></span> <span class='ocrx_word' id='word_1_362' title='bbox 1162 4677 1283 4721; x_wconf 89' lang='lat' dir='ltr'><strong>tum</strong></span> <span class='ocrx_word' id='word_1_363' title='bbox 1304 4686 1442 4722; x_wconf 76' lang='lat' dir='ltr'><strong>vero</strong></span> <span class='ocrx_word' id='word_1_364' title='bbox 1463 4665 1686 4722; x_wconf 88' lang='lat' dir='ltr'><strong>indiciis</strong></span> <span class='ocrx_word' id='word_1_365' title='bbox 1708 4666 1992 4721; x_wconf 86' lang='lat' dir='ltr'><strong>nonnullis</strong></span> <span class='ocrx_word' id='word_1_366' title='bbox 2011 4664 2154 4741; x_wconf 82' lang='lat' dir='ltr'><strong>frag·</strong></span> 
     </span>
     <span class='ocr_line' id='line_1_50' title="bbox 604 4753 2155 4827; baseline -0.001 -18"><span class='ocrx_word' id='word_1_367' title='bbox 604 4767 923 4812; x_wconf 88' lang='lat' dir='ltr'><strong>mentorum</strong></span> <span class='ocrx_word' id='word_1_368' title='bbox 953 4772 1120 4827; x_wconf 85' lang='lat' dir='ltr'><strong>prosa</strong></span> <span class='ocrx_word' id='word_1_369' title='bbox 1161 4754 1418 4811; x_wconf 89' lang='lat' dir='ltr'><strong>oratione</strong></span> <span class='ocrx_word' id='word_1_370' title='bbox 1451 4753 1820 4825; x_wconf 86' lang='lat' dir='ltr'><strong>scriptorum,</strong></span> <span class='ocrx_word' id='word_1_371' title='bbox 1868 4769 1994 4824; x_wconf 75' lang='lat' dir='ltr'><strong>quae</strong></span> <span class='ocrx_word' id='word_1_372' title='bbox 2019 4768 2155 4824; x_wconf 82' lang='lat' dir='ltr'><strong>poe-</strong></span> 
     </span>
     <span class='ocr_line' id='line_1_51' title="bbox 605 4838 2153 4918; baseline -0.001 -22"><span class='ocrx_word' id='word_1_373' title='bbox 605 4845 726 4898; x_wconf 75' lang='lat' dir='ltr'><strong>ticae</strong></span> <span class='ocrx_word' id='word_1_374' title='bbox 754 4843 842 4897; x_wconf 88' lang='lat' dir='ltr'><strong>isti</strong></span> <span class='ocrx_word' id='word_1_375' title='bbox 871 4838 1164 4918; x_wconf 76' lang='grc' dir='ltr'>Ἀναγραφῇ</span> <span class='ocrx_word' id='word_1_376' title='bbox 1197 4842 1256 4894; x_wconf 89' lang='lat' dir='ltr'><strong>in</strong></span> <span class='ocrx_word' id='word_1_377' title='bbox 1282 4839 1454 4895; x_wconf 85' lang='lat' dir='ltr'><strong>codd.</strong></span> <span class='ocrx_word' id='word_1_378' title='bbox 1483 4839 1919 4914; x_wconf 85' lang='lat' dir='ltr'><strong>subjunguntur.</strong></span> <span class='ocrx_word' id='word_1_379' title='bbox 1946 4842 2153 4895; x_wconf 90' lang='lat' dir='ltr'><strong>Verum</strong></span> 
     </span>
     <span class='ocr_line' id='line_1_52' title="bbox 605 4925 2151 4998; baseline -0.003 -16"><span class='ocrx_word' id='word_1_380' title='bbox 605 4931 770 4983; x_wconf 87' lang='lat' dir='ltr'><strong>etiam</strong></span> <span class='ocrx_word' id='word_1_381' title='bbox 796 4929 914 4983; x_wconf 85' lang='lat' dir='ltr'><strong>haec</strong></span> <span class='ocrx_word' id='word_1_382' title='bbox 942 4938 1133 4981; x_wconf 89' lang='lat' dir='ltr'><strong>utrum</strong></span> <span class='ocrx_word' id='word_1_383' title='bbox 1156 4926 1463 4984; x_wconf 75' lang='lat' dir='ltr'><strong>Dicaearchi</strong></span> <span class='ocrx_word' id='word_1_384' title='bbox 1491 4927 1628 4992; x_wconf 86' lang='lat' dir='ltr'><strong>sint,</strong></span> <span class='ocrx_word' id='word_1_385' title='bbox 1656 4943 1728 4981; x_wconf 87' lang='lat' dir='ltr'><strong>an</strong></span> <span class='ocrx_word' id='word_1_386' title='bbox 1749 4925 1888 4980; x_wconf 89' lang='lat' dir='ltr'><strong>alius</strong></span> <span class='ocrx_word' id='word_1_387' title='bbox 1913 4926 2151 4998; x_wconf 85' lang='lat' dir='ltr'><strong>scripto-</strong></span> 
     </span>
     <span class='ocr_line' id='line_1_53' title="bbox 605 5013 2152 5083; baseline -0.001 -15"><span class='ocrx_word' id='word_1_388' title='bbox 605 5016 700 5083; x_wconf 86' lang='lat' dir='ltr'><strong>ris,</strong></span> <span class='ocrx_word' id='word_1_389' title='bbox 714 5016 1137 5070; x_wconf 84' lang='lat' dir='ltr'><strong>incertissimum</strong></span> <span class='ocrx_word' id='word_1_390' title='bbox 1156 5024 1253 5071; x_wconf 61' lang='lat' dir='ltr'><strong>at.</strong></span> <span class='ocrx_word' id='word_1_391' title='bbox 1269 5016 1557 5069; x_wconf 84' lang='lat' dir='ltr'><strong>Faciamus</strong></span> <span class='ocrx_word' id='word_1_392' title='bbox 1570 5022 1757 5068; x_wconf 85' lang='lat' dir='ltr'><strong>tamen</strong></span> <span class='ocrx_word' id='word_1_393' title='bbox 1768 5030 1833 5068; x_wconf 85' lang='lat' dir='ltr'><strong>ea</strong></span> <span class='ocrx_word' id='word_1_394' title='bbox 1846 5013 2152 5069; x_wconf 72' lang='lat' dir='ltr'><strong>Dicaearchi</strong></span> 
     </span>
     <span class='ocr_line' id='line_1_54' title="bbox 604 5099 2151 5174; baseline 0 -20"><span class='ocrx_word' id='word_1_395' title='bbox 604 5118 745 5167; x_wconf 68' lang='lat' dir='ltr'><strong>csse,</strong></span> <span class='ocrx_word' id='word_1_396' title='bbox 780 5101 1178 5173; x_wconf 79' lang='lat' dir='ltr'><strong>videamusque</strong></span> <span class='ocrx_word' id='word_1_397' title='bbox 1201 5100 1340 5174; x_wconf 91' lang='lat' dir='ltr'><strong>quid</strong></span> <span class='ocrx_word' id='word_1_398' title='bbox 1370 5099 1501 5154; x_wconf 86' lang='lat' dir='ltr'><strong>inde</strong></span> <span class='ocrx_word' id='word_1_399' title='bbox 1522 5099 1597 5154; x_wconf 88' lang='lat' dir='ltr'><strong>ad</strong></span> <span class='ocrx_word' id='word_1_400' title='bbox 1624 5110 1880 5169; x_wconf 84' lang='lat' dir='ltr'><strong>tempora</strong></span> <span class='ocrx_word' id='word_1_401' title='bbox 1902 5101 2151 5154; x_wconf 78' lang='lat' dir='ltr'><strong>auctoris</strong></span> 
     </span>
     <span class='ocr_line' id='line_1_55' title="bbox 605 5185 1471 5258; baseline -0.001 -19"><span class='ocrx_word' id='word_1_402' title='bbox 605 5185 993 5239; x_wconf 66' lang='lat' dir='ltr'><strong>constituenda</strong></span> <span class='ocrx_word' id='word_1_403' title='bbox 1018 5197 1471 5258; x_wconf 75' lang='lat' dir='ltr'><strong>consequeretur.</strong></span> 
     </span>
    </p>
   </div>
   <div class='ocr_carea' id='block_1_3' title="bbox 1946 461 2446 522">
    <p class='ocr_par' dir='ltr' id='par_1_4' title="bbox 1946 461 2446 522">
     <span class='ocr_line' id='line_1_56' title="bbox 1946 461 2446 522; baseline 0 0"><span class='ocrx_word' id='word_1_404' title='bbox 1946 461 2446 522; x_wconf 60' lang='lat' dir='ltr'><strong>DlCAEeKRCHUS</strong></span> 
     </span>
    </p>
   </div>
   <div class='ocr_carea' id='block_1_4' title="bbox 2245 595 3789 2748">
    <p class='ocr_par' dir='ltr' id='par_1_5' title="bbox 2245 595 3789 2748">
     <span class='ocr_line' id='line_1_57' title="bbox 2327 595 3784 672; baseline -0.001 -20"><span class='ocrx_word' id='word_1_405' title='bbox 2327 598 2574 652; x_wconf 88' lang='lat' dir='ltr'><strong>Primum</strong></span> <span class='ocrx_word' id='word_1_406' title='bbox 2619 600 2790 672; x_wconf 84' lang='lat' dir='ltr'><strong>igitur</strong></span> <span class='ocrx_word' id='word_1_407' title='bbox 2829 598 2888 651; x_wconf 88' lang='lat' dir='ltr'><strong>in</strong></span> <span class='ocrx_word' id='word_1_408' title='bbox 2929 598 3241 671; x_wconf 78' lang='lat' dir='ltr'><strong>fragmento</strong></span> <span class='ocrx_word' id='word_1_409' title='bbox 3281 595 3425 672; x_wconf 79' lang='lat'><strong>(59),</strong></span> <span class='ocrx_word' id='word_1_410' title='bbox 3464 598 3626 670; x_wconf 87' lang='lat' dir='ltr'><strong>quod</strong></span> <span class='ocrx_word' id='word_1_411' title='bbox 3661 599 3784 652; x_wconf 85' lang='lat' dir='ltr'><strong>Pelii</strong></span> 
     </span>
     <span class='ocr_line' id='line_1_58' title="bbox 2245 685 3786 757; baseline 0.001 -20"><span class='ocrx_word' id='word_1_412' title='bbox 2245 686 2451 738; x_wconf 84' lang='lat' dir='ltr'><strong>montis</strong></span> <span class='ocrx_word' id='word_1_413' title='bbox 2494 685 2933 757; x_wconf 79' lang='lat' dir='ltr'><strong>descriptionem</strong></span> <span class='ocrx_word' id='word_1_414' title='bbox 2977 685 3257 752; x_wconf 87' lang='lat' dir='ltr'><strong>continet,</strong></span> <span class='ocrx_word' id='word_1_415' title='bbox 3303 687 3620 739; x_wconf 82' lang='lat' dir='ltr'><strong>Demetrias</strong></span> <span class='ocrx_word' id='word_1_416' title='bbox 3663 687 3786 739; x_wconf 75' lang='lat' dir='ltr'><strong>urbs</strong></span> 
     </span>
     <span class='ocr_line' id='line_1_59' title="bbox 2246 771 3786 843; baseline 0.001 -20"><span class='ocrx_word' id='word_1_417' title='bbox 2246 783 2740 828; x_wconf 84' lang='lat' dir='ltr'><strong>commemoratur.</strong></span> <span class='ocrx_word' id='word_1_418' title='bbox 2786 773 2921 843; x_wconf 81' lang='lat' dir='ltr'><strong>Quae</strong></span> <span class='ocrx_word' id='word_1_419' title='bbox 2966 789 3084 843; x_wconf 89' lang='lat' dir='ltr'><strong>quo</strong></span> <span class='ocrx_word' id='word_1_420' title='bbox 3125 788 3277 827; x_wconf 87' lang='lat' dir='ltr'><strong>anno</strong></span> <span class='ocrx_word' id='word_1_421' title='bbox 3317 771 3552 826; x_wconf 85' lang='lat' dir='ltr'><strong>condita</strong></span> <span class='ocrx_word' id='word_1_422' title='bbox 3587 775 3660 826; x_wconf 80' lang='lat' dir='ltr'><strong>sit</strong></span> <span class='ocrx_word' id='word_1_423' title='bbox 3697 776 3786 825; x_wconf 80' lang='lat' dir='ltr'><strong>etsi</strong></span> 
     </span>
     <span class='ocr_line' id='line_1_60' title="bbox 2247 856 3786 931; baseline 0.001 -20"><span class='ocrx_word' id='word_1_424' title='bbox 2247 859 2559 912; x_wconf 79' lang='lat' dir='ltr'><strong>accuratius</strong></span> <span class='ocrx_word' id='word_1_425' title='bbox 2575 876 2696 912; x_wconf 90' lang='lat' dir='ltr'><strong>non</strong></span> <span class='ocrx_word' id='word_1_426' title='bbox 2711 856 2976 925; x_wconf 85' lang='lat' dir='ltr'><strong>traditur,</strong></span> <span class='ocrx_word' id='word_1_427' title='bbox 3001 857 3288 913; x_wconf 87' lang='lat' dir='ltr'><strong>conditam</strong></span> <span class='ocrx_word' id='word_1_428' title='bbox 3309 867 3502 912; x_wconf 74' lang='lat' dir='ltr'><strong>tamen</strong></span> <span class='ocrx_word' id='word_1_429' title='bbox 3521 877 3633 912; x_wconf 80' lang='lat' dir='ltr'><strong>esse</strong></span> <span class='ocrx_word' id='word_1_430' title='bbox 3645 870 3786 931; x_wconf 78' lang='lat' dir='ltr'><strong>patet</strong></span> 
     </span>
     <span class='ocr_line' id='line_1_61' title="bbox 2247 942 3789 1017; baseline 0 -20"><span class='ocrx_word' id='word_1_431' title='bbox 2247 944 2394 998; x_wconf 88' lang='lat' dir='ltr'><strong>inter</strong></span> <span class='ocrx_word' id='word_1_432' title='bbox 2409 945 2760 1017; x_wconf 81' lang='lat' dir='ltr'><strong>septennium</strong></span> <span class='ocrx_word' id='word_1_433' title='bbox 2785 942 2961 1011; x_wconf 87' lang='lat' dir='ltr'><strong>istud,</strong></span> <span class='ocrx_word' id='word_1_434' title='bbox 2982 960 3086 1015; x_wconf 90' lang='lat' dir='ltr'><strong>per</strong></span> <span class='ocrx_word' id='word_1_435' title='bbox 3106 943 3263 1016; x_wconf 89' lang='lat' dir='ltr'><strong>quod</strong></span> <span class='ocrx_word' id='word_1_436' title='bbox 3280 962 3463 1017; x_wconf 88' lang='lat' dir='ltr'><strong>regno</strong></span> <span class='ocrx_word' id='word_1_437' title='bbox 3483 946 3789 999; x_wconf 82' lang='lat' dir='ltr'><strong>Demetrius</strong></span> 
     </span>
     <span class='ocr_line' id='line_1_62' title="bbox 2247 1023 3786 1103; baseline 0.005 -26"><span class='ocrx_word' id='word_1_438' title='bbox 2247 1023 2587 1085; x_wconf 82' lang='lat' dir='ltr'><strong>Poliorcetes</strong></span> <span class='ocrx_word' id='word_1_439' title='bbox 2601 1032 2907 1103; x_wconf 71' lang='lat' dir='ltr'><strong>potituseet</strong></span> <span class='ocrx_word' id='word_1_440' title='bbox 2927 1029 3045 1102; x_wconf 88' lang='lat' dir='ltr'><strong>(Ol.</strong></span> <span class='ocrx_word' id='word_1_441' title='bbox 3075 1046 3176 1083; x_wconf 84' lang='lat'><strong>121</strong></span> <span class='ocrx_word' id='word_1_442' title='bbox 3197 1069 3214 1099; x_wconf 93' lang='lat'><strong>,</strong></span> <span class='ocrx_word' id='word_1_443' title='bbox 3233 1029 3502 1099; x_wconf 73' lang='lat'><strong>3—123,</strong></span> <span class='ocrx_word' id='word_1_444' title='bbox 3524 1029 3578 1084; x_wconf 82' lang='lat'><strong>3.</strong></span> <span class='ocrx_word' id='word_1_445' title='bbox 3605 1040 3786 1102; x_wconf 78' lang='lat'><strong>²9⁴-</strong></span> 
     </span>
     <span class='ocr_line' id='line_1_63' title="bbox 2250 1111 3788 1189; baseline -0.001 -18"><span class='ocrx_word' id='word_1_446' title='bbox 2250 1111 2417 1188; x_wconf 75' lang='lat'><strong>287).</strong></span> <span class='ocrx_word' id='word_1_447' title='bbox 2446 1115 2738 1171; x_wconf 85' lang='lat' dir='ltr'><strong>Sumamus</strong></span> <span class='ocrx_word' id='word_1_448' title='bbox 2764 1133 2972 1171; x_wconf 88' lang='lat' dir='ltr'><strong>annum</strong></span> <span class='ocrx_word' id='word_1_449' title='bbox 2994 1115 3246 1170; x_wconf 87' lang='lat' dir='ltr'><strong>medium</strong></span> <span class='ocrx_word' id='word_1_450' title='bbox 3273 1134 3390 1189; x_wconf 87' lang='lat'><strong>290</strong></span> <span class='ocrx_word' id='word_1_451' title='bbox 3415 1135 3449 1171; x_wconf 88' lang='lat' dir='ltr'><strong>a</strong></span> <span class='ocrx_word' id='word_1_452' title='bbox 3502 1117 3566 1172; x_wconf 90' lang='lat' dir='ltr'><strong>C.</strong></span> <span class='ocrx_word' id='word_1_453' title='bbox 3594 1119 3718 1171; x_wconf 80' lang='lat' dir='ltr'><strong>Jam</strong></span> <span class='ocrx_word' id='word_1_454' title='bbox 3749 1120 3788 1170; x_wconf 84' lang='lat' dir='ltr'><strong>si</strong></span> 
     </span>
     <span class='ocr_line' id='line_1_64' title="bbox 2246 1202 3782 1277; baseline 0.001 -21"><span class='ocrx_word' id='word_1_455' title='bbox 2246 1210 2482 1276; x_wconf 78' lang='lat' dir='ltr'><strong>stamas,</strong></span> <span class='ocrx_word' id='word_1_456' title='bbox 2505 1203 2663 1276; x_wconf 87' lang='lat' dir='ltr'><strong>quod</strong></span> <span class='ocrx_word' id='word_1_457' title='bbox 2681 1202 3059 1277; x_wconf 83' lang='lat' dir='ltr'><strong>probabiliter</strong></span> <span class='ocrx_word' id='word_1_458' title='bbox 3083 1211 3325 1257; x_wconf 72' lang='lat' dir='ltr'><strong>statuere</strong></span> <span class='ocrx_word' id='word_1_459' title='bbox 3355 1203 3522 1270; x_wconf 89' lang='lat' dir='ltr'><strong>licet,</strong></span> <span class='ocrx_word' id='word_1_460' title='bbox 3552 1205 3782 1259; x_wconf 66' lang='lat' dir='ltr'><strong>Dicar·</strong></span> 
     </span>
     <span class='ocr_line' id='line_1_65' title="bbox 2248 1286 3788 1363; baseline 0.002 -23"><span class='ocrx_word' id='word_1_461' title='bbox 2248 1286 2414 1343; x_wconf 83' lang='lat' dir='ltr'><strong>chum</strong></span> <span class='ocrx_word' id='word_1_462' title='bbox 2429 1307 2545 1362; x_wconf 87' lang='lat' dir='ltr'><strong>quo</strong></span> <span class='ocrx_word' id='word_1_463' title='bbox 2561 1301 2815 1363; x_wconf 87' lang='lat' dir='ltr'><strong>tempore</strong></span> <span class='ocrx_word' id='word_1_464' title='bbox 2829 1289 3152 1345; x_wconf 79' lang='lat' dir='ltr'><strong>Aristoteles</strong></span> <span class='ocrx_word' id='word_1_465' title='bbox 3165 1300 3427 1344; x_wconf 85' lang='lat' dir='ltr'><strong>mortuus</strong></span> <span class='ocrx_word' id='word_1_466' title='bbox 3441 1299 3523 1344; x_wconf 83' lang='lat' dir='ltr'><strong>est</strong></span> <span class='ocrx_word' id='word_1_467' title='bbox 3540 1288 3650 1363; x_wconf 84' lang='lat'><strong>(01.</strong></span> <span class='ocrx_word' id='word_1_468' title='bbox 3671 1308 3694 1344; x_wconf 84' lang='lat'>1</span> <span class='ocrx_word' id='word_1_469' title='bbox 3711 1308 3728 1343; x_wconf 80' lang='grc' dir='ltr'><strong>ι</strong></span> <span class='ocrx_word' id='word_1_470' title='bbox 3741 1296 3788 1357; x_wconf 70' lang='grc'><strong>1.,</strong></span> 
     </span>
     <span class='ocr_line' id='line_1_66' title="bbox 2253 1369 3786 1448; baseline 0.003 -23"><span class='ocrx_word' id='word_1_471' title='bbox 2253 1370 2306 1428; x_wconf 87' lang='grc'><strong>3.</strong></span> <span class='ocrx_word' id='word_1_472' title='bbox 2353 1370 2465 1428; x_wconf 82' lang='lat'><strong>322</strong></span> <span class='ocrx_word' id='word_1_473' title='bbox 2485 1369 2531 1448; x_wconf 91' lang='lat'><strong>),</strong></span> <span class='ocrx_word' id='word_1_474' title='bbox 2559 1377 2685 1429; x_wconf 76' lang='lat' dir='ltr'><strong>vitoe</strong></span> <span class='ocrx_word' id='word_1_475' title='bbox 2712 1392 2920 1431; x_wconf 85' lang='lat' dir='ltr'><strong>annum</strong></span> <span class='ocrx_word' id='word_1_476' title='bbox 2959 1376 3129 1448; x_wconf 78' lang='lat' dir='ltr'><strong>egisse</strong></span> <span class='ocrx_word' id='word_1_477' title='bbox 3151 1377 3449 1429; x_wconf 84' lang='lat' dir='ltr'><strong>minimum</strong></span> <span class='ocrx_word' id='word_1_478' title='bbox 3478 1376 3786 1430; x_wconf 76' lang='lat' dir='ltr'><strong>vicesimum</strong></span> 
     </span>
     <span class='ocr_line' id='line_1_67' title="bbox 2248 1460 3786 1534; baseline 0.002 -22"><span class='ocrx_word' id='word_1_479' title='bbox 2248 1461 2534 1531; x_wconf 90' lang='lat' dir='ltr'><strong>quintum,</strong></span> <span class='ocrx_word' id='word_1_480' title='bbox 2565 1461 2820 1534; x_wconf 86' lang='lat' dir='ltr'><strong>adeoque</strong></span> <span class='ocrx_word' id='word_1_481' title='bbox 2839 1474 3034 1516; x_wconf 81' lang='lat' dir='ltr'><strong>natum</strong></span> <span class='ocrx_word' id='word_1_482' title='bbox 3057 1480 3169 1517; x_wconf 62' lang='lat' dir='ltr'><strong>ase</strong></span> <span class='ocrx_word' id='word_1_483' title='bbox 3190 1464 3340 1516; x_wconf 91' lang='lat' dir='ltr'><strong>circa</strong></span> <span class='ocrx_word' id='word_1_484' title='bbox 3367 1460 3481 1531; x_wconf 67' lang='lat'><strong>347</strong></span> <span class='ocrx_word' id='word_1_485' title='bbox 3506 1480 3560 1517; x_wconf 79' lang='lat' dir='ltr'><strong>a.</strong></span> <span class='ocrx_word' id='word_1_486' title='bbox 3591 1462 3656 1517; x_wconf 90' lang='lat' dir='ltr'><strong>C.</strong></span> <span class='ocrx_word' id='word_1_487' title='bbox 3677 1480 3692 1516; x_wconf 73' lang='grc' dir='ltr'>ε</span> <span class='ocrx_word' id='word_1_488' title='bbox 3715 1481 3786 1515; x_wconf 84' lang='lat' dir='ltr'><strong>se·</strong></span> 
     </span>
     <span class='ocr_line' id='line_1_68' title="bbox 2249 1547 3786 1622; baseline 0.003 -24"><span class='ocrx_word' id='word_1_489' title='bbox 2249 1547 2442 1617; x_wconf 90' lang='lat' dir='ltr'><strong>quitur</strong></span> <span class='ocrx_word' id='word_1_490' title='bbox 2468 1566 2597 1602; x_wconf 88' lang='lat' dir='ltr'><strong>eum</strong></span> <span class='ocrx_word' id='word_1_491' title='bbox 2616 1566 2765 1603; x_wconf 90' lang='lat' dir='ltr'><strong>anno</strong></span> <span class='ocrx_word' id='word_1_492' title='bbox 2792 1567 2906 1622; x_wconf 89' lang='lat'><strong>290</strong></span> <span class='ocrx_word' id='word_1_493' title='bbox 2923 1568 2976 1604; x_wconf 88' lang='lat' dir='ltr'><strong>a.</strong></span> <span class='ocrx_word' id='word_1_494' title='bbox 3004 1549 3069 1606; x_wconf 88' lang='lat' dir='ltr'><strong>C.</strong></span> <span class='ocrx_word' id='word_1_495' title='bbox 3097 1550 3268 1622; x_wconf 78' lang='lat' dir='ltr'><strong>egisse</strong></span> <span class='ocrx_word' id='word_1_496' title='bbox 3287 1567 3502 1602; x_wconf 87' lang='lat' dir='ltr'><strong>annum</strong></span> <span class='ocrx_word' id='word_1_497' title='bbox 3526 1551 3786 1621; x_wconf 81' lang='lat' dir='ltr'><strong>quinqua·</strong></span> 
     </span>
     <span class='ocr_line' id='line_1_69' title="bbox 2248 1632 3780 1709; baseline 0.002 -23"><span class='ocrx_word' id='word_1_498' title='bbox 2248 1633 2514 1705; x_wconf 76' lang='lat' dir='ltr'><strong>gesimam</strong></span> <span class='ocrx_word' id='word_1_499' title='bbox 2533 1637 2849 1709; x_wconf 84' lang='lat' dir='ltr'><strong>septimum.</strong></span> <span class='ocrx_word' id='word_1_500' title='bbox 2873 1668 2951 1676; x_wconf 90' lang='lat'>—</span> <span class='ocrx_word' id='word_1_501' title='bbox 2972 1638 3154 1691; x_wconf 86' lang='lat' dir='ltr'><strong>Porro</strong></span> <span class='ocrx_word' id='word_1_502' title='bbox 3179 1635 3405 1690; x_wconf 86' lang='lat' dir='ltr'><strong>duobus</strong></span> <span class='ocrx_word' id='word_1_503' title='bbox 3423 1636 3566 1690; x_wconf 78' lang='lat' dir='ltr'><strong>locis</strong></span> <span class='ocrx_word' id='word_1_504' title='bbox 3585 1636 3673 1707; x_wconf 84' lang='lat' dir='ltr'><strong>(fr.</strong></span> <span class='ocrx_word' id='word_1_505' title='bbox 3700 1632 3780 1708; x_wconf 73' lang='lat'><strong>58}</strong></span> 
     </span>
     <span class='ocr_line' id='line_1_70' title="bbox 2249 1720 3784 1798; baseline 0.002 -26"><span class='ocrx_word' id='word_1_506' title='bbox 2249 1736 2435 1775; x_wconf 82' lang='lat' dir='ltr'><strong>versus</strong></span> <span class='ocrx_word' id='word_1_507' title='bbox 2459 1723 2717 1776; x_wconf 85' lang='lat' dir='ltr'><strong>nonnulli</strong></span> <span class='ocrx_word' id='word_1_508' title='bbox 2739 1741 2770 1777; x_wconf 91' lang='lat' dir='ltr'><strong>e</strong></span> <span class='ocrx_word' id='word_1_509' title='bbox 2805 1721 3111 1798; x_wconf 86' lang='lat' dir='ltr'><strong>Posidippo</strong></span> <span class='ocrx_word' id='word_1_510' title='bbox 3141 1720 3540 1779; x_wconf 73' lang='lat' dir='ltr'><strong>cassandi-ensi</strong></span> <span class='ocrx_word' id='word_1_511' title='bbox 3579 1724 3784 1776; x_wconf 85' lang='lat' dir='ltr'><strong>comico</strong></span> 
     </span>
     <span class='ocr_line' id='line_1_71' title="bbox 2247 1804 3780 1881; baseline 0.003 -23"><span class='ocrx_word' id='word_1_512' title='bbox 2247 1804 2573 1864; x_wconf 81' lang='lat' dir='ltr'><strong>afferuntur.</strong></span> <span class='ocrx_word' id='word_1_513' title='bbox 2619 1808 2952 1881; x_wconf 89' lang='lat' dir='ltr'><strong>Posidippus</strong></span> <span class='ocrx_word' id='word_1_514' title='bbox 2987 1825 3155 1877; x_wconf 74' lang='lat' dir='ltr'><strong>vem,</strong></span> <span class='ocrx_word' id='word_1_515' title='bbox 3202 1808 3430 1881; x_wconf 80' lang='lat' dir='ltr'><strong>triginta</strong></span> <span class='ocrx_word' id='word_1_516' title='bbox 3477 1809 3780 1863; x_wconf 75' lang='lat' dir='ltr'><strong>fabularum</strong></span> 
     </span>
     <span class='ocr_line' id='line_1_72' title="bbox 2249 1886 3782 1968; baseline 0.004 -23"><span class='ocrx_word' id='word_1_517' title='bbox 2249 1903 2467 1961; x_wconf 87' lang='lat' dir='ltr'><strong>auctor,</strong></span> <span class='ocrx_word' id='word_1_518' title='bbox 2516 1894 2723 1949; x_wconf 90' lang='lat' dir='ltr'><strong>docere</strong></span> <span class='ocrx_word' id='word_1_519' title='bbox 2765 1898 2935 1968; x_wconf 81' lang='lat' dir='ltr'><strong>coepit</strong></span> <span class='ocrx_word' id='word_1_520' title='bbox 2981 1886 3152 1949; x_wconf 48' lang='lat' dir='ltr'><strong>anno*</strong></span> <span class='ocrx_word' id='word_1_521' title='bbox 3176 1896 3344 1950; x_wconf 89' lang='lat' dir='ltr'><strong>tertio</strong></span> <span class='ocrx_word' id='word_1_522' title='bbox 3386 1908 3520 1968; x_wconf 88' lang='lat' dir='ltr'><strong>post</strong></span> <span class='ocrx_word' id='word_1_523' title='bbox 3555 1908 3782 1951; x_wconf 79' lang='lat' dir='ltr'><strong>mortem</strong></span> 
     </span>
     <span class='ocr_line' id='line_1_73' title="bbox 2248 1979 3781 2053; baseline 0.006 -21"><span class='ocrx_word' id='word_1_524' title='bbox 2248 1979 2569 2048; x_wconf 81' lang='lat' dir='ltr'><strong>Menandri,</strong></span> <span class='ocrx_word' id='word_1_525' title='bbox 2592 1982 2704 2034; x_wconf 81' lang='lat' dir='ltr'><strong>sive</strong></span> <span class='ocrx_word' id='word_1_526' title='bbox 2732 1981 2823 2035; x_wconf 90' lang='lat' dir='ltr'><strong>Ol.</strong></span> <span class='ocrx_word' id='word_1_527' title='bbox 2858 2000 2996 2048; x_wconf 87' lang='lat'><strong>122,</strong></span> <span class='ocrx_word' id='word_1_528' title='bbox 3023 1987 3076 2044; x_wconf 79' lang='lat' dir='ltr'><strong>l..</strong></span> <span class='ocrx_word' id='word_1_529' title='bbox 3120 1979 3233 2053; x_wconf 87' lang='lat'><strong>289</strong></span> <span class='ocrx_word' id='word_1_530' title='bbox 3259 1984 3275 2051; x_wconf 65' lang='grc' dir='ltr'><strong>ί</strong></span> <span class='ocrx_word' id='word_1_531' title='bbox 3300 1980 3500 2037; x_wconf 83' lang='lat' dir='ltr'><strong>Suidas</strong></span> <span class='ocrx_word' id='word_1_532' title='bbox 3528 2001 3582 2039; x_wconf 66' lang='grc' dir='ltr'><strong>ν.</strong></span> <span class='ocrx_word' id='word_1_533' title='bbox 3611 1981 3781 2041; x_wconf 60' lang='lat' dir='ltr'><strong>nocta.</strong></span> 
     </span>
     <span class='ocr_line' id='line_1_74' title="bbox 2248 2064 3784 2142; baseline 0.003 -22"><span class='ocrx_word' id='word_1_534' title='bbox 2248 2064 2330 2122; x_wconf 84' lang='lat' dir='ltr'><strong>Cf.</strong></span> <span class='ocrx_word' id='word_1_535' title='bbox 2370 2066 2615 2121; x_wconf 87' lang='lat' dir='ltr'><strong>Clinton.</strong></span> <span class='ocrx_word' id='word_1_536' title='bbox 2658 2066 2730 2122; x_wconf 87' lang='lat' dir='ltr'><strong>ad</strong></span> <span class='ocrx_word' id='word_1_537' title='bbox 2772 2086 2864 2126; x_wconf 87' lang='lat' dir='ltr'><strong>an.</strong></span> <span class='ocrx_word' id='word_1_538' title='bbox 2908 2068 3078 2142; x_wconf 84' lang='lat'><strong>289).</strong></span> <span class='ocrx_word' id='word_1_539' title='bbox 3123 2069 3301 2142; x_wconf 73' lang='lat' dir='ltr'><strong>igitur</strong></span> <span class='ocrx_word' id='word_1_540' title='bbox 3344 2069 3387 2122; x_wconf 88' lang='lat' dir='ltr'><strong>si</strong></span> <span class='ocrx_word' id='word_1_541' title='bbox 3423 2070 3784 2124; x_wconf 83' lang='lat' dir='ltr'><strong>concedamus</strong></span> 
     </span>
     <span class='ocr_line' id='line_1_75' title="bbox 2246 2154 3784 2229; baseline 0.004 -25"><span class='ocrx_word' id='word_1_542' title='bbox 2246 2169 2436 2207; x_wconf 84' lang='lat' dir='ltr'><strong>versus</strong></span> <span class='ocrx_word' id='word_1_543' title='bbox 2461 2154 2594 2208; x_wconf 84' lang='lat' dir='ltr'><strong>istos</strong></span> <span class='ocrx_word' id='word_1_544' title='bbox 2618 2171 2649 2208; x_wconf 89' lang='lat' dir='ltr'><strong>e</strong></span> <span class='ocrx_word' id='word_1_545' title='bbox 2687 2155 2886 2227; x_wconf 86' lang='lat' dir='ltr'><strong>primis</strong></span> <span class='ocrx_word' id='word_1_546' title='bbox 2926 2154 3213 2228; x_wconf 86' lang='lat' dir='ltr'><strong>Posidippi</strong></span> <span class='ocrx_word' id='word_1_547' title='bbox 3256 2154 3554 2210; x_wconf 87' lang='lat' dir='ltr'><strong>comoediis</strong></span> <span class='ocrx_word' id='word_1_548' title='bbox 3597 2159 3784 2229; x_wconf 73' lang='lat' dir='ltr'><strong>petitos</strong></span> 
     </span>
     <span class='ocr_line' id='line_1_76' title="bbox 2249 2240 3782 2315; baseline 0.001 -22"><span class='ocrx_word' id='word_1_549' title='bbox 2249 2256 2396 2308; x_wconf 87' lang='lat' dir='ltr'><strong>esse,</strong></span> <span class='ocrx_word' id='word_1_550' title='bbox 2437 2242 2691 2312; x_wconf 88' lang='lat' dir='ltr'><strong>sequitur</strong></span> <span class='ocrx_word' id='word_1_551' title='bbox 2740 2259 2910 2314; x_wconf 87' lang='lat' dir='ltr'><strong>opus,</strong></span> <span class='ocrx_word' id='word_1_552' title='bbox 2976 2243 3036 2295; x_wconf 92' lang='lat' dir='ltr'><strong>in</strong></span> <span class='ocrx_word' id='word_1_553' title='bbox 3080 2260 3196 2315; x_wconf 90' lang='lat' dir='ltr'><strong>quo</strong></span> <span class='ocrx_word' id='word_1_554' title='bbox 3241 2240 3569 2311; x_wconf 84' lang='lat' dir='ltr'><strong>laudantur,</strong></span> <span class='ocrx_word' id='word_1_555' title='bbox 3621 2261 3654 2298; x_wconf 83' lang='lat' dir='ltr'><strong>a</strong></span> <span class='ocrx_word' id='word_1_556' title='bbox 3695 2245 3782 2300; x_wconf 87' lang='lat' dir='ltr'><strong>Di·</strong></span> 
     </span>
     <span class='ocr_line' id='line_1_77' title="bbox 2248 2327 3782 2405; baseline 0.003 -26"><span class='ocrx_word' id='word_1_557' title='bbox 2248 2327 2497 2381; x_wconf 67' lang='lat' dir='ltr'><strong>caearcho</strong></span> <span class='ocrx_word' id='word_1_558' title='bbox 2537 2328 2684 2383; x_wconf 86' lang='lat' dir='ltr'><strong>inter</strong></span> <span class='ocrx_word' id='word_1_559' title='bbox 2722 2330 3122 2403; x_wconf 60' lang='lat' dir='ltr'><strong>sexagesimum</strong></span> <span class='ocrx_word' id='word_1_560' title='bbox 3152 2327 3376 2382; x_wconf 90' lang='lat' dir='ltr'><strong>demum</strong></span> <span class='ocrx_word' id='word_1_561' title='bbox 3407 2340 3464 2383; x_wconf 86' lang='lat' dir='ltr'><strong>et</strong></span> <span class='ocrx_word' id='word_1_562' title='bbox 3504 2342 3782 2405; x_wconf 78' lang='lat' dir='ltr'><strong>septuage-</strong></span> 
     </span>
     <span class='ocr_line' id='line_1_78' title="bbox 2247 2414 3779 2488; baseline 0.003 -22"><span class='ocrx_word' id='word_1_563' title='bbox 2247 2414 2447 2466; x_wconf 89' lang='lat' dir='ltr'><strong>simum</strong></span> <span class='ocrx_word' id='word_1_564' title='bbox 2476 2415 2600 2469; x_wconf 82' lang='lat' dir='ltr'><strong>vitae</strong></span> <span class='ocrx_word' id='word_1_565' title='bbox 2623 2433 2832 2469; x_wconf 89' lang='lat' dir='ltr'><strong>annum</strong></span> <span class='ocrx_word' id='word_1_566' title='bbox 2855 2414 3137 2469; x_wconf 86' lang='lat' dir='ltr'><strong>conscribi</strong></span> <span class='ocrx_word' id='word_1_567' title='bbox 3157 2416 3425 2488; x_wconf 69' lang='lat' dir='ltr'><strong>potuisse.</strong></span> <span class='ocrx_word' id='word_1_568' title='bbox 3451 2416 3645 2487; x_wconf 88' lang='lat' dir='ltr'><strong>Quum</strong></span> <span class='ocrx_word' id='word_1_569' title='bbox 3659 2435 3779 2471; x_wconf 74' lang='lat' dir='ltr'><strong>vero</strong></span> 
     </span>
     <span class='ocr_line' id='line_1_79' title="bbox 2248 2498 3779 2574; baseline 0.004 -23"><span class='ocrx_word' id='word_1_570' title='bbox 2248 2498 2385 2552; x_wconf 87' lang='lat' dir='ltr'><strong>nihil</strong></span> <span class='ocrx_word' id='word_1_571' title='bbox 2414 2510 2579 2573; x_wconf 87' lang='lat' dir='ltr'><strong>cogat</strong></span> <span class='ocrx_word' id='word_1_572' title='bbox 2606 2510 2671 2555; x_wconf 90' lang='lat' dir='ltr'><strong>ut</strong></span> <span class='ocrx_word' id='word_1_573' title='bbox 2708 2501 3034 2556; x_wconf 79' lang='lat' dir='ltr'><strong>Dicaearcbo</strong></span> <span class='ocrx_word' id='word_1_574' title='bbox 3068 2500 3376 2574; x_wconf 78' lang='lat' dir='ltr'><strong>fragmenta</strong></span> <span class='ocrx_word' id='word_1_575' title='bbox 3408 2501 3508 2556; x_wconf 84' lang='lat' dir='ltr'><strong>ista</strong></span> <span class='ocrx_word' id='word_1_576' title='bbox 3543 2504 3779 2557; x_wconf 84' lang='lat' dir='ltr'><strong>tribuan-</strong></span> 
     </span>
     <span class='ocr_line' id='line_1_80' title="bbox 2250 2585 3776 2660; baseline 0.001 -21"><span class='ocrx_word' id='word_1_577' title='bbox 2250 2596 2363 2654; x_wconf 90' lang='lat' dir='ltr'><strong>tur,</strong></span> <span class='ocrx_word' id='word_1_578' title='bbox 2411 2597 2468 2641; x_wconf 89' lang='lat' dir='ltr'><strong>et</strong></span> <span class='ocrx_word' id='word_1_579' title='bbox 2503 2605 2611 2660; x_wconf 88' lang='lat' dir='ltr'><strong>per</strong></span> <span class='ocrx_word' id='word_1_580' title='bbox 2654 2606 2712 2643; x_wconf 84' lang='lat' dir='ltr'><strong>se</strong></span> <span class='ocrx_word' id='word_1_581' title='bbox 2746 2588 3097 2660; x_wconf 84' lang='lat' dir='ltr'><strong>probabilius</strong></span> <span class='ocrx_word' id='word_1_582' title='bbox 3138 2589 3208 2641; x_wconf 84' lang='lat' dir='ltr'><strong>sit</strong></span> <span class='ocrx_word' id='word_1_583' title='bbox 3255 2585 3472 2642; x_wconf 80' lang='lat' dir='ltr'><strong>laudari</strong></span> <span class='ocrx_word' id='word_1_584' title='bbox 3517 2590 3776 2643; x_wconf 85' lang='lat' dir='ltr'><strong>comicum</strong></span> 
     </span>
     <span class='ocr_line' id='line_1_81' title="bbox 2249 2673 3778 2748; baseline 0.002 -24"><span class='ocrx_word' id='word_1_585' title='bbox 2249 2690 2366 2726; x_wconf 89' lang='lat' dir='ltr'><strong>non</strong></span> <span class='ocrx_word' id='word_1_586' title='bbox 2401 2691 2552 2728; x_wconf 90' lang='lat' dir='ltr'><strong>nunc</strong></span> <span class='ocrx_word' id='word_1_587' title='bbox 2603 2676 2850 2748; x_wconf 88' lang='lat' dir='ltr'><strong>primum</strong></span> <span class='ocrx_word' id='word_1_588' title='bbox 2888 2683 3206 2748; x_wconf 84' lang='lat' dir='ltr'><strong>surgentem</strong></span> <span class='ocrx_word' id='word_1_589' title='bbox 3229 2692 3263 2728; x_wconf 89' lang='lat' dir='ltr'><strong>a</strong></span> <span class='ocrx_word' id='word_1_590' title='bbox 3300 2691 3430 2728; x_wconf 90' lang='lat' dir='ltr'><strong>sene</strong></span> <span class='ocrx_word' id='word_1_591' title='bbox 3476 2673 3778 2748; x_wconf 71' lang='lat' dir='ltr'><strong>decrepito,</strong></span> 
     </span>
    </p>
   </div>
   <div class='ocr_carea' id='block_1_5' title="bbox 2247 2756 3862 2832">
    <p class='ocr_par' dir='ltr' id='par_1_6' title="bbox 2247 2756 3862 2832">
     <span class='ocr_line' id='line_1_82' title="bbox 2247 2756 3862 2832; baseline 0 -20"><span class='ocrx_word' id='word_1_592' title='bbox 2247 2756 2346 2813; x_wconf 84' lang='lat' dir='ltr'><strong>sed</strong></span> <span class='ocrx_word' id='word_1_593' title='bbox 2390 2756 2686 2814; x_wconf 85' lang='lat' dir='ltr'><strong>florentem</strong></span> <span class='ocrx_word' id='word_1_594' title='bbox 2711 2762 2803 2815; x_wconf 76' lang='lat' dir='ltr'><strong>vel</strong></span> <span class='ocrx_word' id='word_1_595' title='bbox 2839 2762 3003 2816; x_wconf 85' lang='lat' dir='ltr'><strong>etiam</strong></span> <span class='ocrx_word' id='word_1_596' title='bbox 3040 2759 3157 2831; x_wconf 87' lang='lat' dir='ltr'><strong>jam</strong></span> <span class='ocrx_word' id='word_1_597' title='bbox 3181 2770 3469 2816; x_wconf 86' lang='lat' dir='ltr'><strong>mortuum</strong></span> <span class='ocrx_word' id='word_1_598' title='bbox 3498 2760 3574 2815; x_wconf 88' lang='lat' dir='ltr'><strong>ab</strong></span> <span class='ocrx_word' id='word_1_599' title='bbox 3602 2762 3776 2832; x_wconf 76' lang='lat' dir='ltr'><strong>aequali</strong></span> <span class='ocrx_word' id='word_1_600' title='bbox 3861 2786 3862 2805; x_wconf 58' lang='grc'><strong>;</strong></span> 
     </span>
    </p>
   </div>
   <div class='ocr_carea' id='block_1_6' title="bbox 2247 2846 3774 3093">
    <p class='ocr_par' dir='ltr' id='par_1_7' title="bbox 2247 2846 3774 3093">
     <span class='ocr_line' id='line_1_83' title="bbox 2248 2846 3774 2921; baseline 0.001 -22"><span class='ocrx_word' id='word_1_601' title='bbox 2248 2846 2336 2900; x_wconf 78' lang='lat' dir='ltr'><strong>vel</strong></span> <span class='ocrx_word' id='word_1_602' title='bbox 2379 2847 2543 2901; x_wconf 86' lang='lat' dir='ltr'><strong>etiam</strong></span> <span class='ocrx_word' id='word_1_603' title='bbox 2578 2847 2806 2919; x_wconf 84' lang='lat' dir='ltr'><strong>juniore</strong></span> <span class='ocrx_word' id='word_1_604' title='bbox 2844 2849 3146 2920; x_wconf 88' lang='lat' dir='ltr'><strong>scriptore,</strong></span> <span class='ocrx_word' id='word_1_605' title='bbox 3190 2847 3349 2902; x_wconf 68' lang='lat' dir='ltr'><strong>videa</strong></span> <span class='ocrx_word' id='word_1_606' title='bbox 3391 2846 3774 2921; x_wconf 82' lang='lat' dir='ltr'><strong>chronologica</strong></span> 
     </span>
     <span class='ocr_line' id='line_1_84' title="bbox 2250 2932 3773 3008; baseline 0.001 -22"><span class='ocrx_word' id='word_1_607' title='bbox 2250 2943 2532 2987; x_wconf 82' lang='lat' dir='ltr'><strong>momenta</strong></span> <span class='ocrx_word' id='word_1_608' title='bbox 2572 2952 2642 2988; x_wconf 91' lang='lat' dir='ltr'><strong>eo</strong></span> <span class='ocrx_word' id='word_1_609' title='bbox 2679 2936 2870 3008; x_wconf 87' lang='lat' dir='ltr'><strong>potius</strong></span> <span class='ocrx_word' id='word_1_610' title='bbox 2903 2951 3007 2988; x_wconf 82' lang='lat' dir='ltr'><strong>nos</strong></span> <span class='ocrx_word' id='word_1_611' title='bbox 3055 2932 3368 3003; x_wconf 87' lang='lat' dir='ltr'><strong>adducere,</strong></span> <span class='ocrx_word' id='word_1_612' title='bbox 3401 2943 3468 2987; x_wconf 89' lang='lat' dir='ltr'><strong>ut</strong></span> <span class='ocrx_word' id='word_1_613' title='bbox 3505 2952 3651 3008; x_wconf 87' lang='lat' dir='ltr'><strong>opus</strong></span> <span class='ocrx_word' id='word_1_614' title='bbox 3677 2934 3773 2988; x_wconf 87' lang='lat' dir='ltr'><strong>hoc</strong></span> 
     </span>
     <span class='ocr_line' id='line_1_85' title="bbox 2247 3020 3556 3093; baseline 0.001 -19"><span class='ocrx_word' id='word_1_615' title='bbox 2247 3021 2574 3075; x_wconf 71' lang='lat' dir='ltr'><strong>Dicaearcho</strong></span> <span class='ocrx_word' id='word_1_616' title='bbox 2600 3020 3037 3093; x_wconf 88' lang='lat' dir='ltr'><strong>abjudicandum</strong></span> <span class='ocrx_word' id='word_1_617' title='bbox 3078 3039 3193 3076; x_wconf 87' lang='lat' dir='ltr'><strong>esse</strong></span> <span class='ocrx_word' id='word_1_618' title='bbox 3214 3038 3556 3075; x_wconf 84' lang='lat' dir='ltr'><strong>censeamus.</strong></span> 
     </span>
    </p>
   </div>
   <div class='ocr_carea' id='block_1_7' title="bbox 2328 3106 3860 3180">
    <p class='ocr_par' dir='ltr' id='par_1_8' title="bbox 2328 3106 3860 3180">
     <span class='ocr_line' id='line_1_86' title="bbox 2328 3106 3860 3180; baseline -0.001 -19"><span class='ocrx_word' id='word_1_619' title='bbox 2328 3108 2607 3163; x_wconf 88' lang='lat' dir='ltr'><strong>Hactenus</strong></span> <span class='ocrx_word' id='word_1_620' title='bbox 2628 3108 2704 3163; x_wconf 89' lang='lat' dir='ltr'><strong>de</strong></span> <span class='ocrx_word' id='word_1_621' title='bbox 2730 3109 2843 3162; x_wconf 82' lang='lat' dir='ltr'><strong>vita</strong></span> <span class='ocrx_word' id='word_1_622' title='bbox 2862 3107 3190 3162; x_wconf 80' lang='lat' dir='ltr'><strong>Dicaearchi.</strong></span> <span class='ocrx_word' id='word_1_623' title='bbox 3215 3108 3340 3161; x_wconf 85' lang='lat' dir='ltr'><strong>Jam</strong></span> <span class='ocrx_word' id='word_1_624' title='bbox 3367 3106 3528 3179; x_wconf 88' lang='lat' dir='ltr'><strong>quod</strong></span> <span class='ocrx_word' id='word_1_625' title='bbox 3557 3107 3774 3180; x_wconf 87' lang='lat' dir='ltr'><strong>scripto·</strong></span> <span class='ocrx_word' id='word_1_626' title='bbox 3859 3142 3860 3147; x_wconf 67' lang='lat'><strong>,</strong></span> 
     </span>
    </p>
   </div>
   <div class='ocr_carea' id='block_1_8' title="bbox 2246 3193 3776 3438">
    <p class='ocr_par' dir='ltr' id='par_1_9' title="bbox 2246 3193 3776 3438">
     <span class='ocr_line' id='line_1_87' title="bbox 2248 3193 3776 3261; baseline 0 -15"><span class='ocrx_word' id='word_1_627' title='bbox 2248 3210 2367 3246; x_wconf 88' lang='lat' dir='ltr'><strong>rem</strong></span> <span class='ocrx_word' id='word_1_628' title='bbox 2392 3195 2628 3261; x_wconf 76' lang='lat' dir='ltr'><strong>attinet,</strong></span> <span class='ocrx_word' id='word_1_629' title='bbox 2644 3195 2895 3249; x_wconf 86' lang='lat' dir='ltr'><strong>unanimi</strong></span> <span class='ocrx_word' id='word_1_630' title='bbox 2924 3205 3176 3248; x_wconf 84' lang='lat' dir='ltr'><strong>veterum</strong></span> <span class='ocrx_word' id='word_1_631' title='bbox 3210 3210 3484 3247; x_wconf 85' lang='lat' dir='ltr'><strong>consensu</strong></span> <span class='ocrx_word' id='word_1_632' title='bbox 3516 3193 3660 3248; x_wconf 76' lang='lat' dir='ltr'><strong>inter</strong></span> <span class='ocrx_word' id='word_1_633' title='bbox 3695 3209 3776 3246; x_wconf 75' lang='lat' dir='ltr'><strong>eos</strong></span> 
     </span>
     <span class='ocr_line' id='line_1_88' title="bbox 2246 3278 3772 3352; baseline -0.001 -19"><span class='ocrx_word' id='word_1_634' title='bbox 2246 3279 2601 3334; x_wconf 72' lang='lat' dir='ltr'><strong>Dicaearchus</strong></span> <span class='ocrx_word' id='word_1_635' title='bbox 2645 3291 2987 3349; x_wconf 84' lang='lat' dir='ltr'><strong>recensetur,</strong></span> <span class='ocrx_word' id='word_1_636' title='bbox 3038 3279 3136 3352; x_wconf 90' lang='lat' dir='ltr'><strong>qui</strong></span> <span class='ocrx_word' id='word_1_637' title='bbox 3188 3280 3476 3350; x_wconf 66' lang='lat' dir='ltr'><strong>exquisitae</strong></span> <span class='ocrx_word' id='word_1_638' title='bbox 3523 3278 3772 3333; x_wconf 67' lang='lat' dir='ltr'><strong>doctrina</strong></span> 
     </span>
     <span class='ocr_line' id='line_1_89' title="bbox 2248 3365 3771 3438; baseline -0.001 -19"><span class='ocrx_word' id='word_1_639' title='bbox 2248 3366 2412 3438; x_wconf 89' lang='lat' dir='ltr'><strong>copia</strong></span> <span class='ocrx_word' id='word_1_640' title='bbox 2439 3376 2495 3420; x_wconf 89' lang='lat' dir='ltr'><strong>et</strong></span> <span class='ocrx_word' id='word_1_641' title='bbox 2511 3367 2776 3421; x_wconf 79' lang='lat' dir='ltr'><strong>varietate</strong></span> <span class='ocrx_word' id='word_1_642' title='bbox 2803 3365 3166 3437; x_wconf 88' lang='lat' dir='ltr'><strong>docendique</strong></span> <span class='ocrx_word' id='word_1_643' title='bbox 3194 3365 3456 3420; x_wconf 81' lang='lat' dir='ltr'><strong>facultate</strong></span> <span class='ocrx_word' id='word_1_644' title='bbox 3481 3365 3771 3437; x_wconf 70' lang='lat' dir='ltr'><strong>principun</strong></span> 
     </span>
    </p>
   </div>
   <div class='ocr_carea' id='block_1_9' title="bbox 2248 3449 3858 3525">
    <p class='ocr_par' dir='ltr' id='par_1_10' title="bbox 2248 3449 3858 3525">
     <span class='ocr_line' id='line_1_90' title="bbox 2248 3449 3858 3525; baseline -0.001 -20"><span class='ocrx_word' id='word_1_645' title='bbox 2248 3452 2435 3506; x_wconf 89' lang='lat' dir='ltr'><strong>locum</strong></span> <span class='ocrx_word' id='word_1_646' title='bbox 2463 3452 2522 3505; x_wconf 91' lang='lat' dir='ltr'><strong>in</strong></span> <span class='ocrx_word' id='word_1_647' title='bbox 2565 3452 2858 3525; x_wconf 86' lang='lat' dir='ltr'><strong>republica</strong></span> <span class='ocrx_word' id='word_1_648' title='bbox 2901 3453 3149 3507; x_wconf 86' lang='lat' dir='ltr'><strong>literaria</strong></span> <span class='ocrx_word' id='word_1_649' title='bbox 3181 3451 3553 3506; x_wconf 84' lang='lat' dir='ltr'><strong>obtinuerint.</strong></span> <span class='ocrx_word' id='word_1_650' title='bbox 3586 3449 3771 3506; x_wconf 79' lang='lat' dir='ltr'><strong>Audia·</strong></span> <span class='ocrx_word' id='word_1_651' title='bbox 3857 3450 3858 3475; x_wconf 66' lang='lat'>³</span> 
     </span>
    </p>
   </div>
   <div class='ocr_carea' id='block_1_10' title="bbox 2241 3537 3767 4306">
    <p class='ocr_par' dir='ltr' id='par_1_11' title="bbox 2241 3537 3767 4306">
     <span class='ocr_line' id='line_1_91' title="bbox 2246 3537 3767 3604; baseline -0.003 -11"><span class='ocrx_word' id='word_1_652' title='bbox 2246 3556 2370 3593; x_wconf 85' lang='lat' dir='ltr'><strong>mus</strong></span> <span class='ocrx_word' id='word_1_653' title='bbox 2390 3537 2565 3593; x_wconf 90' lang='lat' dir='ltr'><strong>modo</strong></span> <span class='ocrx_word' id='word_1_654' title='bbox 2597 3556 2611 3595; x_wconf 75' lang='grc' dir='ltr'>ε</span> <span class='ocrx_word' id='word_1_655' title='bbox 2643 3538 3001 3593; x_wconf 82' lang='lat' dir='ltr'><strong>Dicoearchus</strong></span> <span class='ocrx_word' id='word_1_656' title='bbox 3021 3540 3368 3594; x_wconf 74' lang='lat' dir='ltr'><strong>doctissimus</strong></span> <span class='ocrx_word' id='word_1_657' title='bbox 3385 3538 3549 3593; x_wconf 76' lang='lat' dir='ltr'><strong>homo</strong></span> <span class='ocrx_word' id='word_1_658' title='bbox 3579 3539 3767 3604; x_wconf 81' lang='lat' dir='ltr'><strong>(Varro</strong></span> 
     </span>
     <span class='ocr_line' id='line_1_92' title="bbox 2245 3622 3765 3699; baseline -0.003 -20"><span class='ocrx_word' id='word_1_659' title='bbox 2245 3625 2331 3679; x_wconf 88' lang='lat' dir='ltr'><strong>De</strong></span> <span class='ocrx_word' id='word_1_660' title='bbox 2352 3626 2425 3680; x_wconf 88' lang='lat' dir='ltr'><strong>R.</strong></span> <span class='ocrx_word' id='word_1_661' title='bbox 2463 3626 2534 3682; x_wconf 78' lang='lat' dir='ltr'><strong>R.</strong></span> <span class='ocrx_word' id='word_1_662' title='bbox 2563 3627 2623 3694; x_wconf 88' lang='lat'><strong>1,</strong></span> <span class='ocrx_word' id='word_1_663' title='bbox 2660 3645 2681 3679; x_wconf 88' lang='lat'>1</span> <span class='ocrx_word' id='word_1_664' title='bbox 2703 3624 2759 3699; x_wconf 83' lang='lat'><strong>);</strong></span> <span class='ocrx_word' id='word_1_665' title='bbox 2789 3631 2888 3682; x_wconf 82' lang='lat' dir='ltr'><strong>vir</strong></span> <span class='ocrx_word' id='word_1_666' title='bbox 2920 3631 3196 3699; x_wconf 81' lang='lat' dir='ltr'><strong>imprimis</strong></span> <span class='ocrx_word' id='word_1_667' title='bbox 3222 3625 3468 3679; x_wconf 76' lang='lat' dir='ltr'><strong>eruditus</strong></span> <span class='ocrx_word' id='word_1_668' title='bbox 3508 3624 3673 3698; x_wconf 89' lang='lat' dir='ltr'><strong>(Plin.</strong></span> <span class='ocrx_word' id='word_1_669' title='bbox 3703 3622 3765 3677; x_wconf 80' lang='lat' dir='ltr'><strong>fl.</strong></span> 
     </span>
     <span class='ocr_line' id='line_1_93' title="bbox 2247 3707 3765 3787; baseline 0.004 -22"><span class='ocrx_word' id='word_1_670' title='bbox 2247 3710 2316 3766; x_wconf 87' lang='grc' dir='ltr'><strong>Ν.</strong></span> <span class='ocrx_word' id='word_1_671' title='bbox 2342 3711 2425 3779; x_wconf 82' lang='lat'><strong>11,</strong></span> <span class='ocrx_word' id='word_1_672' title='bbox 2448 3710 2483 3765; x_wconf 87' lang='lat'>6</span> <span class='ocrx_word' id='word_1_673' title='bbox 2512 3710 2613 3785; x_wconf 88' lang='lat'><strong>5);</strong></span> <span class='ocrx_word' id='word_1_674' title='bbox 2643 3708 3144 3787; x_wconf 77' lang='grc' dir='ltr'>ῖστορικώτατος</span> <span class='ocrx_word' id='word_1_675' title='bbox 3170 3711 3316 3784; x_wconf 88' lang='lat' dir='ltr'><strong>(Cic.</strong></span> <span class='ocrx_word' id='word_1_676' title='bbox 3339 3711 3432 3767; x_wconf 77' lang='lat' dir='ltr'><strong>Ad</strong></span> <span class='ocrx_word' id='word_1_677' title='bbox 3451 3716 3568 3768; x_wconf 70' lang='lat' dir='ltr'><strong>Ait.</strong></span> <span class='ocrx_word' id='word_1_678' title='bbox 3593 3713 3666 3778; x_wconf 88' lang='lat'><strong>11,</strong></span> <span class='ocrx_word' id='word_1_679' title='bbox 3688 3707 3765 3779; x_wconf 79' lang='lat'><strong>6);</strong></span> 
     </span>
     <span class='ocr_line' id='line_1_94' title="bbox 2246 3793 3765 3873; baseline 0.001 -23"><span class='ocrx_word' id='word_1_680' title='bbox 2246 3799 2462 3852; x_wconf 68' lang='lat' dir='ltr'><strong>delicia·</strong></span> <span class='ocrx_word' id='word_1_681' title='bbox 2488 3817 2631 3853; x_wconf 85' lang='lat' dir='ltr'><strong>meoe</strong></span> <span class='ocrx_word' id='word_1_682' title='bbox 2663 3798 3022 3854; x_wconf 75' lang='lat' dir='ltr'><strong>Dicaeamleus</strong></span> <span class='ocrx_word' id='word_1_683' title='bbox 3058 3797 3174 3873; x_wconf 88' lang='lat' dir='ltr'><strong>(id.</strong></span> <span class='ocrx_word' id='word_1_684' title='bbox 3206 3800 3372 3855; x_wconf 78' lang='lat' dir='ltr'><strong>Tusc.</strong></span> <span class='ocrx_word' id='word_1_685' title='bbox 3402 3800 3427 3852; x_wconf 93' lang='lat'>1</span> <span class='ocrx_word' id='word_1_686' title='bbox 3446 3839 3464 3869; x_wconf 89' lang='lat'><strong>,</strong></span> <span class='ocrx_word' id='word_1_687' title='bbox 3505 3797 3572 3852; x_wconf 80' lang='lat'><strong>31</strong></span> <span class='ocrx_word' id='word_1_688' title='bbox 3592 3793 3765 3871; x_wconf 80' lang='lat' dir='ltr'><strong>);pe1·¹&#39;·</strong></span> 
     </span>
     <span class='ocr_line' id='line_1_95' title="bbox 2241 3880 3765 3959; baseline -0.001 -20"><span class='ocrx_word' id='word_1_689' title='bbox 2241 3889 2508 3957; x_wconf 80' lang='lat' dir='ltr'><strong>pateticus</strong></span> <span class='ocrx_word' id='word_1_690' title='bbox 2542 3904 2777 3959; x_wconf 73' lang='lat' dir='ltr'><strong>magmis</strong></span> <span class='ocrx_word' id='word_1_691' title='bbox 2814 3897 2874 3939; x_wconf 90' lang='lat' dir='ltr'><strong>et</strong></span> <span class='ocrx_word' id='word_1_692' title='bbox 2903 3888 3146 3959; x_wconf 83' lang='lat' dir='ltr'><strong>copiosus</strong></span> <span class='ocrx_word' id='word_1_693' title='bbox 3173 3883 3288 3958; x_wconf 86' lang='lat' dir='ltr'><strong>(id.</strong></span> <span class='ocrx_word' id='word_1_694' title='bbox 3313 3884 3402 3938; x_wconf 90' lang='lat' dir='ltr'><strong>De</strong></span> <span class='ocrx_word' id='word_1_695' title='bbox 3424 3881 3532 3941; x_wconf 72' lang='lat' dir='ltr'><strong>off.</strong></span> <span class='ocrx_word' id='word_1_696' title='bbox 3578 3885 3656 3949; x_wconf 90' lang='lat'><strong>11,</strong></span> <span class='ocrx_word' id='word_1_697' title='bbox 3685 3880 3765 3951; x_wconf 80' lang='lat'><strong>5);</strong></span> 
     </span>
     <span class='ocr_line' id='line_1_96' title="bbox 2247 3965 3765 4041; baseline -0.004 -16"><span class='ocrx_word' id='word_1_698' title='bbox 2247 3971 2601 4027; x_wconf 66' lang='lat' dir='ltr'><strong>Dicaearchus</strong></span> <span class='ocrx_word' id='word_1_699' title='bbox 2609 3991 2729 4026; x_wconf 82' lang='lat' dir='ltr'><strong>cum</strong></span> <span class='ocrx_word' id='word_1_700' title='bbox 2751 3977 3096 4038; x_wconf 76' lang='lat' dir='ltr'><strong>Aristo-reno,</strong></span> <span class='ocrx_word' id='word_1_701' title='bbox 3119 3972 3264 4026; x_wconf 83' lang='lat' dir='ltr'><strong>docti</strong></span> <span class='ocrx_word' id='word_1_702' title='bbox 3280 3988 3421 4026; x_wconf 77' lang='lat' dir='ltr'><strong>sane</strong></span> <span class='ocrx_word' id='word_1_703' title='bbox 3431 3971 3665 4025; x_wconf 70' lang='lat' dir='ltr'><strong>homines</strong></span> <span class='ocrx_word' id='word_1_704' title='bbox 3679 3965 3765 4041; x_wconf 84' lang='lat' dir='ltr'><strong>(id.</strong></span> 
     </span>
     <span class='ocr_line' id='line_1_97' title="bbox 2246 4057 3761 4132; baseline -0.003 -19"><span class='ocrx_word' id='word_1_705' title='bbox 2246 4060 2409 4114; x_wconf 88' lang='lat' dir='ltr'><strong>Tusc.</strong></span> <span class='ocrx_word' id='word_1_706' title='bbox 2436 4060 2462 4113; x_wconf 94' lang='lat'>1</span> <span class='ocrx_word' id='word_1_707' title='bbox 2475 4099 2492 4127; x_wconf 92' lang='lat'><strong>,</strong></span> <span class='ocrx_word' id='word_1_708' title='bbox 2531 4058 2599 4115; x_wconf 83' lang='lat'><strong>18</strong></span> <span class='ocrx_word' id='word_1_709' title='bbox 2617 4058 2669 4132; x_wconf 87' lang='lat'><strong>);</strong></span> <span class='ocrx_word' id='word_1_710' title='bbox 2705 4058 3090 4113; x_wconf 76' lang='lat' dir='ltr'><strong>Dicoearclzum</strong></span> <span class='ocrx_word' id='word_1_711' title='bbox 3120 4057 3430 4112; x_wconf 77' lang='lat' dir='ltr'><strong>mehercule</strong></span> <span class='ocrx_word' id='word_1_712' title='bbox 3455 4071 3558 4112; x_wconf 81' lang='lat' dir='ltr'><strong>aut</strong></span> <span class='ocrx_word' id='word_1_713' title='bbox 3583 4060 3761 4111; x_wconf 65' lang='lat' dir='ltr'><strong>Amto-</strong></span> 
     </span>
     <span class='ocr_line' id='line_1_98' title="bbox 2245 4145 3763 4215; baseline -0.002 -16"><span class='ocrx_word' id='word_1_714' title='bbox 2245 4164 2448 4200; x_wconf 72' lang='lat' dir='ltr'><strong>xenum</strong></span> <span class='ocrx_word' id='word_1_715' title='bbox 2476 4147 2685 4201; x_wconf 85' lang='lat' dir='ltr'><strong>diceres</strong></span> <span class='ocrx_word' id='word_1_716' title='bbox 2710 4150 2933 4213; x_wconf 79' lang='lat' dir='ltr'><strong>arcessi,</strong></span> <span class='ocrx_word' id='word_1_717' title='bbox 2982 4153 3090 4199; x_wconf 72' lang='lat' dir='ltr'><strong>noti</strong></span> <span class='ocrx_word' id='word_1_718' title='bbox 3117 4163 3283 4199; x_wconf 78' lang='lat' dir='ltr'><strong>unum</strong></span> <span class='ocrx_word' id='word_1_719' title='bbox 3323 4149 3565 4200; x_wconf 77' lang='lat' dir='ltr'><strong>omnium</strong></span> <span class='ocrx_word' id='word_1_720' title='bbox 3603 4145 3763 4215; x_wconf 78' lang='lat' dir='ltr'><strong>quua-</strong></span> 
     </span>
     <span class='ocr_line' id='line_1_99' title="bbox 2245 4223 3764 4306; baseline -0.003 -20"><span class='ocrx_word' id='word_1_721' title='bbox 2245 4237 2514 4288; x_wconf 80' lang='lat' dir='ltr'><strong>cissimum</strong></span> <span class='ocrx_word' id='word_1_722' title='bbox 2541 4246 2601 4288; x_wconf 91' lang='lat' dir='ltr'><strong>ct</strong></span> <span class='ocrx_word' id='word_1_723' title='bbox 2631 4238 2857 4288; x_wconf 82' lang='lat' dir='ltr'><strong>minime</strong></span> <span class='ocrx_word' id='word_1_724' title='bbox 2890 4244 3081 4306; x_wconf 66' lang='lat' dir='ltr'><strong>apuam</strong></span> <span class='ocrx_word' id='word_1_725' title='bbox 3119 4234 3201 4287; x_wconf 83' lang='lat' dir='ltr'><strong>ad</strong></span> <span class='ocrx_word' id='word_1_726' title='bbox 3223 4233 3527 4288; x_wconf 76' lang='lat' dir='ltr'><strong>docendum</strong></span> <span class='ocrx_word' id='word_1_727' title='bbox 3557 4229 3665 4301; x_wconf 89' lang='lat' dir='ltr'><strong>(id.</strong></span> <span class='ocrx_word' id='word_1_728' title='bbox 3691 4223 3764 4281; x_wconf 76' lang='lat' dir='ltr'><strong>Ad</strong></span> 
     </span>
    </p>
   </div>
   <div class='ocr_carea' id='block_1_11' title="bbox 2246 4318 3852 4395">
    <p class='ocr_par' dir='ltr' id='par_1_12' title="bbox 2246 4318 3852 4395">
     <span class='ocr_line' id='line_1_100' title="bbox 2246 4318 3852 4395; baseline -0.002 -19"><span class='ocrx_word' id='word_1_729' title='bbox 2246 4324 2363 4378; x_wconf 87' lang='lat' dir='ltr'><strong>Att.</strong></span> <span class='ocrx_word' id='word_1_730' title='bbox 2385 4322 2517 4376; x_wconf 91' lang='lat' dir='ltr'>VIII</span> <span class='ocrx_word' id='word_1_731' title='bbox 2533 4363 2550 4393; x_wconf 85' lang='lat'><strong>,</strong></span> <span class='ocrx_word' id='word_1_732' title='bbox 2573 4327 2603 4385; x_wconf 71' lang='lat' dir='ltr'><strong>l.</strong></span> <span class='ocrx_word' id='word_1_733' title='bbox 2622 4318 2639 4395; x_wconf 88' lang='lat'><strong>)</strong></span> <span class='ocrx_word' id='word_1_734' title='bbox 2657 4341 2675 4387; x_wconf 90' lang='lat'>;</span> <span class='ocrx_word' id='word_1_735' title='bbox 2693 4321 2927 4394; x_wconf 83' lang='lat' dir='ltr'><strong>Semper</strong></span> <span class='ocrx_word' id='word_1_736' title='bbox 2949 4319 3142 4375; x_wconf 79' lang='lat' dir='ltr'><strong>habuit</strong></span> <span class='ocrx_word' id='word_1_737' title='bbox 3162 4320 3465 4393; x_wconf 60' lang='lat' dir='ltr'><strong>(Panaetius</strong></span> <span class='ocrx_word' id='word_1_738' title='bbox 3483 4319 3590 4389; x_wconf 84' lang='lat' dir='ltr'><strong>sc.)</strong></span> <span class='ocrx_word' id='word_1_739' title='bbox 3617 4322 3762 4370; x_wconf 78' lang='lat' dir='ltr'><strong>inooe</strong></span> <span class='ocrx_word' id='word_1_740' title='bbox 3851 4338 3852 4373; x_wconf 40' lang='lat' dir='ltr'><strong>i</strong></span> 
     </span>
    </p>
   </div>
   <div class='ocr_carea' id='block_1_12' title="bbox 2245 4398 3852 4474">
    <p class='ocr_par' dir='ltr' id='par_1_13' title="bbox 2245 4398 3852 4474">
     <span class='ocr_line' id='line_1_101' title="bbox 2245 4398 3852 4474; baseline -0.005 -14"><span class='ocrx_word' id='word_1_741' title='bbox 2245 4408 2534 4462; x_wconf 82' lang='lat' dir='ltr'><strong>Platonem</strong></span> <span class='ocrx_word' id='word_1_742' title='bbox 2549 4447 2562 4471; x_wconf 89' lang='lat'><strong>,</strong></span> <span class='ocrx_word' id='word_1_743' title='bbox 2611 4407 2957 4460; x_wconf 71' lang='lat' dir='ltr'><strong>Aristotekm</strong></span> <span class='ocrx_word' id='word_1_744' title='bbox 2969 4444 2988 4472; x_wconf 88' lang='lat'><strong>,</strong></span> <span class='ocrx_word' id='word_1_745' title='bbox 3023 4407 3393 4460; x_wconf 74' lang='lat' dir='ltr'><strong>Xenocratem</strong></span> <span class='ocrx_word' id='word_1_746' title='bbox 3407 4443 3428 4470; x_wconf 88' lang='lat'><strong>,</strong></span> <span class='ocrx_word' id='word_1_747' title='bbox 3479 4399 3760 4474; x_wconf 70' lang='lat' dir='ltr'><strong>Theophra·</strong></span> <span class='ocrx_word' id='word_1_748' title='bbox 3851 4398 3852 4465; x_wconf 72' lang='lat'><em>3</em></span> 
     </span>
    </p>
   </div>
   <div class='ocr_carea' id='block_1_13' title="bbox 2243 4484 3760 4743">
    <p class='ocr_par' dir='ltr' id='par_1_14' title="bbox 2243 4484 3760 4743">
     <span class='ocr_line' id='line_1_102' title="bbox 2243 4484 3749 4565; baseline -0.006 -18"><span class='ocrx_word' id='word_1_749' title='bbox 2243 4505 2384 4548; x_wconf 80' lang='lat' dir='ltr'><strong>stum</strong></span> <span class='ocrx_word' id='word_1_750' title='bbox 2398 4535 2413 4562; x_wconf 90' lang='lat'><strong>,</strong></span> <span class='ocrx_word' id='word_1_751' title='bbox 2452 4491 2876 4559; x_wconf 68' lang='lat' dir='ltr'><strong>Dicaearchum,</strong></span> <span class='ocrx_word' id='word_1_752' title='bbox 2924 4505 2987 4547; x_wconf 82' lang='lat' dir='ltr'><strong>ut</strong></span> <span class='ocrx_word' id='word_1_753' title='bbox 3019 4497 3190 4565; x_wconf 81' lang='lat' dir='ltr'><strong>ipsius</strong></span> <span class='ocrx_word' id='word_1_754' title='bbox 3221 4496 3436 4565; x_wconf 82' lang='lat' dir='ltr'><strong>scripta</strong></span> <span class='ocrx_word' id='word_1_755' title='bbox 3465 4484 3749 4545; x_wconf 76' lang='lat' dir='ltr'><strong>declarant,</strong></span> 
     </span>
     <span class='ocr_line' id='line_1_103' title="bbox 2244 4573 3757 4654; baseline -0.003 -20"><span class='ocrx_word' id='word_1_756' title='bbox 2244 4599 2378 4654; x_wconf 80' lang='lat' dir='ltr'><strong>quos</strong></span> <span class='ocrx_word' id='word_1_757' title='bbox 2400 4580 2618 4654; x_wconf 81' lang='lat' dir='ltr'><strong>quidem</strong></span> <span class='ocrx_word' id='word_1_758' title='bbox 2657 4580 2760 4634; x_wconf 84' lang='lat' dir='ltr'><strong>tibi</strong></span> <span class='ocrx_word' id='word_1_759' title='bbox 2795 4581 3037 4635; x_wconf 80' lang='lat' dir='ltr'><strong>studiose</strong></span> <span class='ocrx_word' id='word_1_760' title='bbox 3061 4592 3120 4634; x_wconf 84' lang='lat' dir='ltr'><strong>et</strong></span> <span class='ocrx_word' id='word_1_761' title='bbox 3147 4580 3451 4653; x_wconf 77' lang='lat' dir='ltr'><strong>diligenter</strong></span> <span class='ocrx_word' id='word_1_762' title='bbox 3480 4573 3757 4632; x_wconf 66' lang='lat' dir='ltr'><strong>nudanda·</strong></span> 
     </span>
     <span class='ocr_line' id='line_1_104' title="bbox 2243 4658 3760 4743; baseline -0.005 -20"><span class='ocrx_word' id='word_1_763' title='bbox 2243 4685 2573 4743; x_wconf 69' lang='lat' dir='ltr'><strong>magnopere</strong></span> <span class='ocrx_word' id='word_1_764' title='bbox 2596 4684 2787 4721; x_wconf 77' lang='lat' dir='ltr'><strong>censeo</strong></span> <span class='ocrx_word' id='word_1_765' title='bbox 2825 4666 2932 4739; x_wconf 88' lang='lat' dir='ltr'><strong>(id.</strong></span> <span class='ocrx_word' id='word_1_766' title='bbox 2955 4668 3041 4721; x_wconf 89' lang='lat' dir='ltr'><strong>De</strong></span> <span class='ocrx_word' id='word_1_767' title='bbox 3067 4664 3167 4721; x_wconf 88' lang='lat' dir='ltr'><strong>fin.</strong></span> <span class='ocrx_word' id='word_1_768' title='bbox 3201 4667 3307 4733; x_wconf 87' lang='lat' dir='ltr'><strong>IV,</strong></span> <span class='ocrx_word' id='word_1_769' title='bbox 3336 4664 3410 4720; x_wconf 88' lang='lat'><strong>28</strong></span> <span class='ocrx_word' id='word_1_770' title='bbox 3427 4660 3480 4738; x_wconf 85' lang='lat'><strong>);</strong></span> <span class='ocrx_word' id='word_1_771' title='bbox 3509 4658 3760 4718; x_wconf 67' lang='lat' dir='ltr'><strong>Hit-abilis</strong></span> 
     </span>
    </p>
   </div>
   <div class='ocr_carea' id='block_1_14' title="bbox 3847 4516 3852 4705">
    <p class='ocr_par' dir='ltr' id='par_1_15' title="bbox 3847 4494 3852 4733">
     <span class='ocr_line' id='line_1_105' title="bbox 3847 4516 3852 4631; baseline 0 -34"><span class='ocrx_word' id='word_1_772' title='bbox 3847 4516 3852 4631; x_wconf 25' lang='lat'><strong>1¹</strong></span> 
     </span>
     <span class='ocr_line' id='line_1_106' title="bbox 3847 4636 3850 4705; baseline 0 28"><span class='ocrx_word' id='word_1_773' title='bbox 3847 4636 3850 4705; x_wconf 56' lang='lat' dir='ltr'><strong>l</strong></span> 
     </span>
    </p>
   </div>
   <div class='ocr_carea' id='block_1_15' title="bbox 2244 4749 3850 4824">
    <p class='ocr_par' dir='ltr' id='par_1_16' title="bbox 2244 4749 3850 4824">
     <span class='ocr_line' id='line_1_107' title="bbox 2244 4749 3850 4824; baseline -0.005 -16"><span class='ocrx_word' id='word_1_774' title='bbox 2244 4754 2431 4812; x_wconf 79' lang='lat' dir='ltr'><strong>vir.‘..</strong></span> <span class='ocrx_word' id='word_1_775' title='bbox 2444 4798 2459 4813; x_wconf 92' lang='lat'><strong>.</strong></span> <span class='ocrx_word' id='word_1_776' title='bbox 2502 4755 2781 4824; x_wconf 74' lang='lat' dir='ltr'><strong>Magnum</strong></span> <span class='ocrx_word' id='word_1_777' title='bbox 2820 4771 3073 4807; x_wconf 76' lang='lat' dir='ltr'><strong>acervum</strong></span> <span class='ocrx_word' id='word_1_778' title='bbox 3117 4752 3440 4806; x_wconf 72' lang='lat' dir='ltr'><strong>Dicoearcht</strong></span> <span class='ocrx_word' id='word_1_779' title='bbox 3479 4749 3610 4804; x_wconf 75' lang='lat' dir='ltr'><strong>milii</strong></span> <span class='ocrx_word' id='word_1_780' title='bbox 3647 4753 3756 4799; x_wconf 75' lang='lat' dir='ltr'><strong>ante</strong></span> <span class='ocrx_word' id='word_1_781' title='bbox 3849 4750 3850 4763; x_wconf 64' lang='lat'>¹</span> 
     </span>
    </p>
   </div>
   <div class='ocr_carea' id='block_1_16' title="bbox 2237 4838 3850 4915">
    <p class='ocr_par' dir='ltr' id='par_1_17' title="bbox 2237 4838 3850 4915">
     <span class='ocr_line' id='line_1_108' title="bbox 2237 4838 3850 4915; baseline -0.006 -19"><span class='ocrx_word' id='word_1_782' title='bbox 2237 4843 2408 4915; x_wconf 80' lang='lat' dir='ltr'><strong>pedes</strong></span> <span class='ocrx_word' id='word_1_783' title='bbox 2445 4852 2849 4895; x_wconf 73' lang='lat' dir='ltr'><strong>exsti-texeram.</strong></span> <span class='ocrx_word' id='word_1_784' title='bbox 2891 4840 2942 4894; x_wconf 87' lang='lat' dir='ltr'><strong><em>O</em></strong></span> <span class='ocrx_word' id='word_1_785' title='bbox 2985 4858 3250 4912; x_wconf 76' lang='lat' dir='ltr'><strong>magnum</strong></span> <span class='ocrx_word' id='word_1_786' title='bbox 3292 4838 3564 4893; x_wconf 75' lang='lat' dir='ltr'><strong>hominem</strong></span> <span class='ocrx_word' id='word_1_787' title='bbox 3579 4878 3591 4901; x_wconf 90' lang='lat'><strong>,</strong></span> <span class='ocrx_word' id='word_1_788' title='bbox 3639 4840 3690 4886; x_wconf 75' lang='lat' dir='ltr'><strong>et</strong></span> <span class='ocrx_word' id='word_1_789' title='bbox 3723 4845 3753 4879; x_wconf 72' lang='lat' dir='ltr'><strong>a</strong></span> <span class='ocrx_word' id='word_1_790' title='bbox 3849 4854 3850 4867; x_wconf 58' lang='lat'>¹</span> 
     </span>
    </p>
   </div>
   <div class='ocr_carea' id='block_1_17' title="bbox 2237 4912 3750 5175">
    <p class='ocr_par' dir='ltr' id='par_1_18' title="bbox 2237 4912 3750 5175">
     <span class='ocr_line' id='line_1_109' title="bbox 2240 4912 3747 5002; baseline -0.006 -18"><span class='ocrx_word' id='word_1_791' title='bbox 2240 4948 2346 5002; x_wconf 82' lang='lat' dir='ltr'><strong>quo</strong></span> <span class='ocrx_word' id='word_1_792' title='bbox 2374 4931 2540 4983; x_wconf 79' lang='lat' dir='ltr'><strong>multo</strong></span> <span class='ocrx_word' id='word_1_793' title='bbox 2549 4930 2725 5001; x_wconf 79' lang='lat' dir='ltr'><strong>plura</strong></span> <span class='ocrx_word' id='word_1_794' title='bbox 2748 4928 3004 4982; x_wconf 84' lang='lat' dir='ltr'><strong>didiceris</strong></span> <span class='ocrx_word' id='word_1_795' title='bbox 3020 4932 3186 5000; x_wconf 79' lang='lat' dir='ltr'><strong>qu‘am</strong></span> <span class='ocrx_word' id='word_1_796' title='bbox 3209 4928 3282 4983; x_wconf 64' lang='lat' dir='ltr'><strong>‘de‘</strong></span> <span class='ocrx_word' id='word_1_797' title='bbox 3308 4927 3542 4982; x_wconf 84' lang='lat' dir='ltr'><strong>Pmcilio</strong></span> <span class='ocrx_word' id='word_1_798' title='bbox 3564 4919 3652 4997; x_wconf 81' lang='lat' dir='ltr'><strong>(id.</strong></span> <span class='ocrx_word' id='word_1_799' title='bbox 3675 4912 3747 4971; x_wconf 77' lang='lat' dir='ltr'><strong>Ad</strong></span> 
     </span>
     <span class='ocr_line' id='line_1_110' title="bbox 2242 5001 3750 5090; baseline -0.005 -20"><span class='ocrx_word' id='word_1_800' title='bbox 2242 5023 2355 5072; x_wconf 84' lang='lat' dir='ltr'><strong>Att.</strong></span> <span class='ocrx_word' id='word_1_801' title='bbox 2402 5018 2486 5082; x_wconf 92' lang='lat'><strong>11,</strong></span> <span class='ocrx_word' id='word_1_802' title='bbox 2529 5014 2623 5090; x_wconf 92' lang='lat'><strong>2).</strong></span> <span class='ocrx_word' id='word_1_803' title='bbox 2662 5043 2743 5058; x_wconf 92' lang='lat'><em>-</em></span> <span class='ocrx_word' id='word_1_804' title='bbox 2785 5016 3088 5087; x_wconf 88' lang='lat' dir='ltr'><strong>Reliquum</strong></span> <span class='ocrx_word' id='word_1_805' title='bbox 3137 5025 3217 5069; x_wconf 65' lang='lat' dir='ltr'><strong>est</strong></span> <span class='ocrx_word' id='word_1_806' title='bbox 3270 5025 3335 5068; x_wconf 88' lang='lat' dir='ltr'><strong>ut</strong></span> <span class='ocrx_word' id='word_1_807' title='bbox 3376 5012 3650 5068; x_wconf 77' lang='lat' dir='ltr'><strong>videamus</strong></span> <span class='ocrx_word' id='word_1_808' title='bbox 3689 5001 3750 5056; x_wconf 68' lang='lat' dir='ltr'><strong>de</strong></span> 
     </span>
     <span class='ocr_line' id='line_1_111' title="bbox 2237 5100 3578 5175; baseline -0.003 -20"><span class='ocrx_word' id='word_1_809' title='bbox 2237 5103 2572 5175; x_wconf 85' lang='lat' dir='ltr'><strong>scriptorum</strong></span> <span class='ocrx_word' id='word_1_810' title='bbox 2601 5101 2727 5169; x_wconf 90' lang='lat' dir='ltr'><strong>illo,</strong></span> <span class='ocrx_word' id='word_1_811' title='bbox 2754 5118 2920 5173; x_wconf 85' lang='lat' dir='ltr'><strong>quem</strong></span> <span class='ocrx_word' id='word_1_812' title='bbox 2946 5102 3142 5157; x_wconf 88' lang='lat' dir='ltr'><strong>Cicero</strong></span> <span class='ocrx_word' id='word_1_813' title='bbox 3167 5100 3336 5175; x_wconf 78' lang='lat' dir='ltr'><strong>dicit,</strong></span> <span class='ocrx_word' id='word_1_814' title='bbox 3365 5114 3578 5154; x_wconf 76' lang='lat' dir='ltr'><strong>acervo.</strong></span> 
     </span>
    </p>
   </div>
   <div class='ocr_carea' id='block_1_18' title="bbox 3848 4870 3850 4915">
    <p class='ocr_par' dir='ltr' id='par_1_19' title="bbox 3848 4870 3850 4915">
     <span class='ocr_line' id='line_1_112' title="bbox 3848 4870 3850 4915; baseline 0 0"><span class='ocrx_word' id='word_1_815' title='bbox 3848 4870 3850 4915; x_wconf 66' lang='grc' dir='ltr'><strong><em>ι</em></strong></span> 
     </span>
    </p>
   </div>
   <div class='ocr_carea' id='block_1_19' title="bbox 3854 3800 3856 3959">
    <p class='ocr_par' dir='ltr' id='par_1_20' title="bbox 3854 3800 3856 3959">
     <span class='ocr_line' id='line_1_113' title="bbox 3854 3800 3856 3959; baseline 0 0"><span class='ocrx_word' id='word_1_816' title='bbox 3854 3800 3856 3959; x_wconf 57' lang='grc' dir='ltr'><strong>Ψ</strong></span> 
     </span>
    </p>
   </div>
   <div class='ocr_carea' id='block_1_20' title="bbox 3858 2814 3863 3321">
    <p class='ocr_par' dir='ltr' id='par_1_21' title="bbox 3858 2814 3863 3321">
     <span class='ocr_line' id='line_1_114' title="bbox 3858 2814 3863 3321; baseline 0 0"><span class='ocrx_word' id='word_1_817' title='bbox 3858 2814 3863 3321; x_wconf 95' lang='lat' dir='ltr'><strong> </strong></span> 
     </span>
    </p>
   </div>
  </div>
 </body>
</html>
