3900 6042
1158 496 1815 635 HIPPIAS
1902 504 2470 638 ELEUS.
2582 587 2585 590 ι
2714 569 2717 572 ’

276 999 551 1072 Gorgiam
610 996 952 1053 Leontinum
993 1014 1027 1052 a
1060 996 1344 1052 Clemente
1379 997 1765 1053 Alexandrino

214 1085 457 1162 ἱστορικόν
499 1085 780 1158 appellari
814 1101 983 1157 supra
1013 1082 1258 1138 vidimus
1286 1087 1371 1157 (p.
1403 1083 1528 1158 ao);
1554 1083 1766 1138 ibidem

216 1175 462 1249 suqiicati
487 1190 687 1228 sumus
709 1170 1026 1227 Eudemum
1047 1172 1302 1240 Parium,
1329 1172 1426 1244 qui
1457 1190 1587 1226 cum
1612 1172 1763 1227 Gor-

217 1267 297 1339 gia
323 1261 712 1334 componitur,
738 1277 857 1313 non
878 1258 1160 1313 diversum
1194 1275 1308 1312 esse
1344 1258 1415 1312 ab
1434 1259 1630 1313 Eueno
1667 1275 1766 1312 so-

216 1352 405 1426 phista.
435 1349 700 1419 Uterque
727 1346 1179 1419 Amelesagoram
1202 1346 1515 1400 Atticarum
1542 1345 1763 1401 sabula-

215 1457 334 1494 rum
359 1445 724 1491 narratorem
742 1432 1010 1505 expilasse
1032 1430 1257 1486 dicitur.
1284 1431 1456 1503 Quod
1479 1431 1551 1486 ad
1580 1431 1764 1486 decla-

211 1527 483 1580 mationes
525 1529 780 1593 spectare
821 1519 1068 1586 videtur,
1112 1518 1305 1590 quales
1347 1528 1507 1573 erant
1545 1518 1767 1591 Gorgiae

209 1607 486 1684 Ἀπολογία
509 1605 642 1684 ὑπὲρ
663 1603 1017 1678 Παλαμήδους
1036 1617 1092 1661 et
1104 1600 1320 1674 Ἑλένης
1339 1600 1616 1682 ἐγκώμιον.
1631 1606 1767 1660 Aliae

153 1717 166 1729 ·
207 1717 240 1755 a
255 1699 468 1771 Gorgia
495 1696 781 1751 orationes
798 1691 1007 1747 habitae
1031 1703 1186 1760 sunt,
1215 1692 1420 1764 quibus
1437 1708 1567 1746 vere
1591 1691 1767 1745 histo—

205 1789 390 1842 ricum
433 1792 830 1858 argumentum
877 1780 1105 1836 subel'at
1159 1800 1173 1834 z
1224 1777 1392 1853 Λόγον
1442 1775 1764 1851 Ὀλυμπικὸν

206 1867 542 1944 ᾶίεο,Λόγον
561 1864 850 1945 ἐπιτάφιον,
861 1886 964 1923 nec
980 1886 1098 1922 non
1110 1862 1405 1941 Ἑγκώμιον
1424 1865 1495 1930 είς
1514 1863 1764 1931 Ἠλείους.

203 1960 384 2034 (Vide
419 1958 577 2014 Geel.
607 1958 748 2011 nist.
777 1956 901 2011 crit.
942 1955 1186 2030 Sophist.
1219 1956 1280 2009 in
1312 1956 1465 2009 Actis
1500 1956 1642 2010 Nov,
1671 1973 1765 2008 so-

203 2050 340 2105 ciet.
364 2042 762 2114 Rheno-Traj.
796 2041 966 2110 18233
993 2044 1081 2111 11,
1111 2060 1171 2118 p.
1206 2041 1302 2110 31,
1330 2043 1480 2098 Foss.
1507 2044 1594 2099 De
1615 2041 1766 2097 Gor-

201 2137 321 2210 gia,
345 2135 500 2189 ilalae
545 2127 748 2205 1828.)
786 2129 1052 2201 Ejusdem
1070 2129 1144 2185 de
1167 2130 1403 2185 Homeri
1420 2146 1627 2204 genere
1641 2146 1766 2183 sen·

199 2225 440 2277 tentiam
455 2220 697 2275 servavit
713 2222 931 2272 Auctor
949 2219 1055 2274 Vit.
1076 2218 1244 2274 Hom.
1263 2217 1449 2272 Iriart.
1468 2215 1543 2290 (v.
1567 2216 1765 2289 fragm.

199 2311 482 2366 Damas-tis
561 2303 611 2382 );
642 2306 759 2378 ejus
782 2304 854 2360 de
882 2303 1154 2379 tragoedia
1176 2303 1457 2375 judicium
1477 2302 1650 2358 habes
1675 2321 1765 2376 ap.

199 2396 593 2454 Plutarch.De
610 2393 756 2467 glor.
773 2392 981 2448 Athen.
995 2410 1055 2465 p.
1078 2390 1211 2457 348.
1240 2394 1419 2446 Porro
1441 2392 1502 2445 in
1523 2391 1769 2446 Cimonis

195 2486 334 2540 Vita
357 2481 689 2539 Plutarchus
714 2498 767 2538 c.
798 2497 868 2533 to
892 2498 907 2533 ε
938 2475 1156 2556 Γοργίας
1182 2481 1210 2535 ὁ
1237 2481 1504 2543 Λεοντῖνος
1530 2475 1659 2557 φησὶ
1679 2476 1764 2534 τὸν

205 2569 439 2645 Κίμωνα
462 2566 530 2626 τὰ
555 2565 812 2645 χρήματα
840 2569 1063 2622 κτᾶσθαι
1090 2567 1161 2631 ὡς
1186 2562 1281 2641 μὲν
1306 2568 1509 2644 χρῷτο,
1538 2568 1766 2643 χρῆσθαι

201 2655 261 2713 δὲ
291 2659 366 2723 ὡς
386 2657 608 2735 τιμῷτο.
635 2658 845 2712 Verum
872 2653 1143 2725 ejusmodi
1159 2673 1249 2710 res
1262 2655 1458 2727 quavis
1476 2656 1768 2710 occasione

203 2746 456 2819 proferri
497 2752 842 2818 potuerunt,
869 2759 1056 2815 neque
1090 2743 1267 2796 ullum
1308 2741 1519 2797 librum
1536 2783 1551 2810 ,
1597 2760 1767 2815 quem

202 2834 544 2891 historicum
571 2833 762 2888 dicere
788 2831 982 2898 liceat,
1014 2847 1046 2883 a
1088 2829 1301 2903 Gorgia
1338 2830 1612 2903 scriptum
1650 2847 1766 2884 esse

205 2925 547 2997 accepimus.
580 2920 744 2975 Idem
785 2920 934 2973 valet
961 2917 1033 2973 de
1059 2914 1310 2972 Prodico
1349 2913 1415 2993 (⁴)
1462 2927 1519 2972 et
1563 2919 1764 2974 Prota-

205 3027 352 3082 gora
366 3009 453 3084 ('*)
464 3051 478 3065 .
492 3014 680 3081 Atque
697 3006 931 3061 omnino
953 3004 1230 3060 triumviri
1244 3004 1445 3058 veteris
1458 3003 1767 3076 sophisticae

205 3099 521 3171 principes,
569 3106 636 3151 ut
672 3095 972 3168 propiores
1011 3093 1291 3166 sapientiae
1318 3091 1751 3164 philosophica,

203 3185 287 3238 sic
318 3184 391 3242 ab
429 3183 713 3239 historicis
738 3179 1013 3235 doctrinis
1040 3180 1335 3235 alieniores
1371 3177 1537 3232 fuisse
1563 3176 1767 3236 viden-

209 3281 327 3331 tur.
369 3273 590 3326 norum
614 3280 802 3326 autem
840 3284 1181 3323 successores
1208 3283 1386 3338 quum
1411 3265 1770 3337 humani-ge·-

207 3360 365 3412 neris
388 3358 708 3431 disciplinas
739 3355 811 3411 ad
837 3372 1010 3410 unam
1034 3371 1231 3409 omnes
1257 3353 1596 3425 attingerent
1623 3362 1678 3406 et
1706 3352 1769 3404 in

209 3463 342 3500 usus
359 3464 485 3501 suos
505 3453 901 3500 converterent
913 3483 930 3511 ‚
958 3460 1088 3496 cum
1110 3441 1432 3513 eloquentia
1451 3440 1618 3494 etiam
1637 3456 1770 3494 eru-

212 3531 485 3588 ditionem
493 3533 818 3586 historicam
831 3530 1044 3584 sociare
1055 3544 1407 3600 summopere
1416 3524 1768 3581 studuerunt.

211 3621 373 3676 Inter
401 3639 499 3677 eos
524 3622 735 3676 eminet
778 3618 1015 3696 Hippias
1049 3617 1240 3684 Eleus,
1270 3614 1645 3688 sophistarum
1685 3614 1768 3668 uti

270 3791 334 3854 (¹⁹)
372 3791 566 3842 Aristot.
599 3789 746 3839 Rhet.
773 3791 843 3850 ll,
868 3794 926 3836 23
954 3806 967 3836 ι
993 3786 1148 3841 Ἄλλος
1177 3783 1376 3846 (τόπος)
1409 3784 1504 3832 ἀπὸ
1534 3787 1619 3832 τοῦ
1662 3783 1768 3834 ὀνό-

208 3879 416 3923 ματος.
439 3864 504 3916 ὡς
535 3860 701 3909 Κόνων
724 3855 1054 3919 θρασύδουλον
1069 3855 1413 3920 Θρασύδουλον,
1431 3855 1512 3901 καὶ
1534 3852 1766 3917 Ἡρόδι-

205 3947 306 3988 κος
326 3931 668 3994 θρασύμαχον,
687 3930 758 3977 ἀεὶ
775 3927 1072 3990 θρασύμαχος
1092 3925 1132 3973 εί
1148 3960 1162 3984 ,
1180 3925 1261 3972 καὶ
1287 3925 1481 3983 Πῶλον,
1497 3922 1569 3970 ἀεὶ
1586 3924 1647 3972 σὺ
1665 3928 1768 3972 πῶ·

202 4002 282 4059 λος
303 3998 370 4052 εἷ.
387 3999 460 4051 Ad
488 4000 594 4049 haec
611 3998 770 4049 schot.
792 3999 820 4045 ὁ
838 3998 887 4047 δὲ
907 3996 1147 4059 Ἡρόδικος
1172 3995 1411 4052 'AO-maio:
1430 3992 1760 4055 ἱστορικός.

199 4075 267 4122 At
297 4072 368 4120 de
389 4071 675 4120 Atheniense
691 4071 751 4118 H.
773 4066 891 4116 nibil
915 4068 1121 4116 constat.
1146 4067 1200 4114 ln
1222 4062 1386 4126 aprico
1404 4065 1477 4112 est
1505 4062 1766 4124 sophistam

199 4140 409 4202 intelligi
425 4177 440 4201 ,
462 4140 538 4188 vel
561 4137 850 4188 Herodicum
872 4133 1281 4197 Selymbrianum.
1299 4130 1539 4180 medicum
1558 4132 1770 4195 artisque

201 4212 525 4275 gymnasticae
547 4208 828 4271 magistrum
855 4206 1021 4268 (Plato
1048 4204 1240 4254 Phaedr.
1276 4215 1323 4265 p.
1361 4206 1469 4263 227,
1494 4205 1551 4260 D,
1578 4205 1765 4264 Protag.

199 4289 316 4340 316,
343 4285 402 4341 Ε,
424 4283 542 4341 nep.
565 4282 655 4328 406
676 4282 733 4339 Α,
756 4290 801 4325 ν.
822 4276 959 4326 Geel.
980 4275 1013 4324 1.
1032 4273 1095 4336 l.;
1117 4275 1172 4324 c.
1197 4275 1457 4322 Hermann.
1483 4270 1546 4320 ad
1566 4263 1765 4322 Luciim.

199 4357 275 4403 De
301 4364 495 4402 consor.
523 4349 633 4398 hist.
666 4361 708 4398 c.
738 4353 825 4406 35,
845 4359 893 4409 p.
928 4349 1036 4395 267.
1082 4344 1218 4394 Alius
1249 4341 1540 4401 Herodicus,
1581 4340 1767 4402 Gorgiae

198 4425 374 4480 trata,
410 4421 709 4470 memoratur
738 4414 923 4466 Platoni
954 4415 1003 4463 in
1034 4418 1179 4476 Gorg.
1219 4426 1266 4475 p.
1302 4415 1413 4473 4¹08,
1453 4411 1560 4470 B.);
1583 4411 1658 4460 vel
1683 4424 1769 4473 pro

197 4492 448 4555 Ἡρόδικος
467 4488 776 4538 scribendum
797 4489 839 4536 Π
852 4486 974 4549 ρόδι
987 4503 1013 4534 ι
1026 4501 1084 4539 ος
1100 4521 1114 4544 ,
1135 4484 1205 4532 nti
1225 4485 1387 4531 censet
1410 4482 1624 4543 Spengel.
1653 4483 1765 4530 Συν-

201 4579 282 4624 ²?-
325 4578 469 4624 τεχν.
511 4572 560 4622 p.
591 4562 650 4607 94
665 4595 680 4619 ,
717 4555 1005 4607 assentiente
1036 4553 1263 4602 weltes-o
1309 4553 1358 4601 in
1411 4551 1581 4600 Rhein.
1630 4553 1765 4601 Mus.

201 4636 328 4682 tom.
365 4634 415 4693 1,
446 4643 496 4692 p.
536 4636 625 4680 56³
667 4641 744 4691 sq.
775 4630 1020 4690 Frequens
1047 4626 1221 4673 horum
1245 4623 1497 4672 nominum
1532 4621 1765 4672 comasio.

203 4703 278 4753 ci.
315 4700 483 4752 Weik.
503 4697 635 4761 cycl.
664 4710 710 4759 p.
728 4704 835 4747 255.

268 4773 360 4834 (*')
395 4766 784 4820 commentarios
818 4765 1070 4816 historicos
1093 4761 1477 4826 (Menwirische
1498 4760 1766 4822 Arbeteen)

205 4857 236 4891 a
257 4844 527 4902 Protagora
544 4837 836 4899 compositos
850 4849 952 4886 esse
971 4838 1109 4898 putat
1131 4834 1359 4884 Roscher.
1384 4832 1528 4894 (Clio
1543 4843 1590 4891 p.
1617 4830 1734 4892 294)
1751 4868 1764 4891 ,

206 4911 408 4962 laudato
429 4908 690 4959 Plutarcho
708 4907 950 4956 Consolat.
974 4905 1035 4954 ad
1056 4904 1274 4967 Apollon.
1298 4916 1343 4952 c.
1361 4909 1440 4963 33,
1459 4901 1539 4950 ubi
1560 4903 1633 4950 est
1653 4903 1766 4950 Pro·

205 4988 393 5046 ωροτε
425 4980 563 5030 locus
580 4977 643 5027 de
658 4976 807 5026 animi
832 4975 1099 5026 constantia
1129 4978 1178 5024 et
1194 4972 1449 5023 altitudine
1479 4983 1630 5033 quam
1655 4972 1764 5032 post

205 5052 411 5103 amusos
428 5049 556 5100 filios
575 5047 784 5098 Pericles
797 5045 1070 5096 ostenderit.
1092 5043 1186 5093 Sed
1212 5045 1317 5093 brec
1333 5039 1673 5105 percommode
1696 5053 1769 5090 ro-

209 5119 617 5174 serasadlihrum
643 5116 758 5179 Περὶ
796 5115 966 5179 ἀρετῶν
990 5115 1153 5177 (Diog.
1195 5117 1249 5163 1..
1284 5115 1383 5170 lx,
1416 5119 1486 5161 51.
1519 5110 1652 5161 Geel.
1675 5110 1709 5159 Ι.
1731 5110 1765 5160 Ι.

209 5207 258 5256 p.
289 5190 413 5250 84),
435 5189 483 5239 in
512 5200 617 5249 quo
638 5189 876 5247 praecepta
899 5184 1129 5246 exemplis
1164 5182 1472 5246 philosophus
1499 5180 1766 5230 illustrave-

209 5262 291 5310 rit.
325 5259 444 5311 Aliis
464 5258 612 5307 rebus
636 5253 874 5304 historicis
891 5254 1047 5303 locum
1065 5253 1197 5302 desiit
1216 5252 1334 5302 liber
1355 5253 1464 5315 Περὶ
1479 5249 1733 5304 πολιτείας.

1860 999 2366 1072 arrogantissimus,
2395 1001 2473 1056 sic
2502 1000 2664 1056 facile
2690 1000 3042 1059 doctissimus
3073 1022 3087 1057 ε
3121 1000 3287 1079 σωρὸν
3320 1003 3411 1062 καὶ

1856 1083 2017 1160 ἐσμὸν
2036 1083 2217 1163 σοφίας
2232 1086 2370 1142 dicit
2389 1088 2722 1143 Themistius
2735 1091 2833 1145 Or.
2854 1091 3056 1147 xxlx
3073 1110 3156 1168 ‚p.
3181 1091 3249 1158 34
3260 1091 3314 1161 5,
3334 1096 3406 1149 D.

1935 1173 2134 1229 Suidas
2164 1193 2179 1229 ε
2225 1171 2467 1248 Ἱππίας,
2509 1172 2834 1245 Διοπείθους,
2886 1173 3119 1253 Ἠλεῖος,
3166 1177 3415 1260 σοφιστὴς

1855 1257 1947 1318 καὶ
1975 1258 2284 1339 φιλόσοφος,
2316 1259 2555 1334 μαθητὴς
2592 1259 2992 1338 Ἡγησιδάμου,
3022 1261 3077 1329 ὃς
3102 1263 3247 1331 τίλος
3287 1264 3415 1345 ὡρί-

1855 1348 1971 1414 ζετο
1994 1343 2090 1416 τὴν
2114 1344 2445 1428 αὐτάρκειαν.
2472 1343 2717 1428 Ἔγραψε
2745 1348 2937 1410 πολλά.

1933 1436 2087 1492 Geel.
2116 1437 2155 1492 l.
2180 1437 2219 1490 l.
2251 1454 2308 1512 p.
2345 1436 2446 1493 181
2488 1455 2502 1493 z
2535 1440 2665 1494 ·De
2694 1436 2910 1512 Hippia
2937 1450 3095 1495 aetate
3116 1441 3258 1495 nihil
3288 1458 3413 1496 am-

1852 1523 2003 1597 plius
2047 1521 2326 1579 affirmare
2364 1525 2529 1593 licet,
2575 1526 2679 1579 nisi
2723 1543 2853 1580 eum
2898 1524 3062 1581 fuisse
3103 1528 3414 1602 Protagora

1855 1612 2036 1666 multo
2048 1610 2336 1682 juniorem
2365 1609 2431 1688 (⁴¹)
2467 1613 2614 1666 thoe
2645 1613 2763 1688 ipse
2786 1623 3020 1668 testatur
3037 1613 3189 1687 apud
3217 1616 3411 1670 Plato-

1857 1714 1986 1750 nem
2008 1699 2179 1771 nipp.
2212 1698 2340 1769 maj.
2368 1716 2425 1773 p.
2461 1697 2558 1772 96,
2593 1699 2655 1754 C.
2691 1698 2867 1786 Suidq
2890 1711 3054 1768 teste,
3085 1702 3143 1754 in
3172 1698 3412 1772 Ἱππίας,

1853 1783 2072 1838 audivit
2100 1784 2530 1859 Hegesidemum
2552 1783 2649 1861 (*')
2666 1828 2681 1855 ,
2709 1785 2780 1841 de
2810 1805 2924 1859 quo
2953 1788 3161 1842 horum
3184 1800 3407 1861 tempo-

1855 1888 1985 1925 rum
2007 1872 2350 1945 philosopho
2379 1874 2468 1928 vel
2495 1874 2737 1946 sophista
2759 1914 2773 1941 ,
2824 1892 2930 1928 nos
2955 1892 3028 1929 ne
3068 1874 3241 1930 fando
3279 1877 3410 1948 qui-

1857 1956 1989 2013 dem
2016 1958 2360 2029 audivimus3
2393 1977 2530 2028 νοω
2558 1957 2737 2014 simile
2765 1959 2998 2033 quidem
3025 1971 3140 2029 est,
3172 1979 3302 2015 cum
3327 1962 3413 2016 sui

1857 2046 2163 2118 aequalibus
2187 2047 2446 2120 sophistis
2465 2057 2741 2102 versatum
2763 2065 2904 2114 esse,
2931 2047 3262 2120 quibuscum
3284 2067 3416 2105 sane

1857 2132 2173 2190 divertebat
2203 2134 2359 2208 apud
2399 2135 2629 2191 Calliam
2656 2134 3085 2203 Atheniensem3
3122 2136 3239 2192 vid.
3268 2138 3410 2192 Plat.

1857 2222 2085 2296 Ptotag.
2110 2241 2170 2297 p.
2207 2220 2339 2296 195,
2368 2223 2435 2277 E.
2466 2217 2825 2278 Credendum
2863 2232 2944 2275 est
2980 2240 3109 2276 eum
3146 2224 3414 2278 musicam

1857 2325 1888 2362 a
1914 2310 2162 2382 Lampro
2178 2351 2195 2384 ,
2223 2310 2565 2365 rhetoricam
2589 2308 2661 2362 ab
2691 2309 3041 2381 Antiphonte
3068 2310 3414 2365 Rhamnusio

1857 2393 2115 2451 didicisse
2159 2415 2173 2450 ι
2214 2396 2511 2452 Athenaeus
2544 2397 2691 2450 enim
2742 2393 2863 2468 (X,
2896 2414 2951 2468 p.
3000 2395 3143 2464 506,
3181 2397 3286 2471 F),
3319 2394 3414 2455 Ἐν

1857 2479 1913 2539 δὲ
1935 2483 2011 2559 τῷ
2040 2479 2334 2559 Μενεξένῳ,
2360 2483 2570 2555 inquit,
2603 2481 2662 2537 οὐ
2688 2479 2844 2555 μόνον
2872 2483 2900 2537 ὁ
2920 2479 3133 2546 Ἱππίας
3162 2483 3189 2538 ὁ
3209 2480 3414 2545 Ἠλεῖος

1856 2567 2203 2645 χλευάζεται,
2234 2566 2370 2625 ἀλλὰ
2405 2566 2497 2625 καὶ
2524 2570 2552 2623 ὁ
2585 2565 2930 2641 Ῥαμνούσιος
2974 2566 3221 2648 Ἀντιφῶν
3257 2568 3348 2626 καὶ
3385 2572 3413 2626 ὁ

1858 2654 2103 2729 μουσικὸς
2143 2653 2419 2732 Λάμπρος.
2464 2655 2535 2713 ln
2576 2656 2824 2711 Platonis
2862 2666 3048 2711 autem
3100 2657 3414 2713 Menexeno

1859 2744 2078 2817 Hippiae
2116 2739 2325 2798 nom'en
2364 2761 2640 2816 nusquam
2686 2744 2964 2811 occurrit;
3010 2742 3111 2797 sed
3161 2744 3418 2799 Socrates

1856 2832 2151 2887 rhetorum
2196 2830 2547 2885 laudationes
2595 2831 2991 2902 orationesque
3034 2830 3298 2886 funebres
3322 2833 3414 2885 vi·

1858 2917 2026 2986 dens,
2056 2936 2116 2973 se
2148 2917 2247 2973 has
2273 2918 2440 2972 etiam
2467 2916 2650 2972 facere
2684 2931 2846 2989 pooee
2882 2918 3176 2991 gloriatur,
3204 2919 3417 2993 quippe

1858 3007 2126 3061 musicam
2145 3005 2410 3061 edoctum
2423 3022 2456 3059 a
2469 3005 2692 3072 Conno,
2706 3004 3043 3060 rhetoricam
3057 3005 3128 3060 ab
3153 3004 3378 3079 Aspasia
3396 3024 3414 3066 ε

1859 3089 2019 3151 Οὕτω
2047 3088 2141 3167 μὲν
2176 3080 2262 3148 οὖν
2302 3086 2614 3170 τρεφόμενον
2640 3088 2807 3168 ἄνδρα.
2835 3091 3049 3166 (inquit
3075 3111 3132 3165 p.
3164 3093 3301 3164 236,
3331 3093 3413 3171 A)

1858 3176 2001 3237 οὐδὲν
2021 3175 2320 3256 θαυμαστὸν
2336 3176 2498 3236 δεινὸν
2518 3166 2650 3234 εἶναι
2668 3174 2854 3252 λέγειν·
2870 3177 3008 3234 ἀλλὰ
3021 3177 3112 3234 καὶ
3126 3176 3264 3245 ὅστις
3287 3180 3414 3254 ἐμοῦ

1858 3265 2043 3324 κάκιον
2068 3264 2376 3337 ἐπαιδεύθη,
2401 3262 2654 3340 μουσικὴν
2681 3263 2775 3338 μὲν
2799 3263 2899 3322 ὑπὸ
2921 3264 3183 3344 Λάμπρου
3208 3269 3419 3325 παιδευ-

1860 3353 1994 3425 θεὶς,
2023 3352 2299 3433 ῥητορικὴν
2339 3351 2394 3409 δὲ
2425 3352 2513 3409 ὑπ’
2542 3352 2873 3432 Ἀντιφῶντος
2913 3358 3003 3410 τοῦ
3032 3351 3382 3428 Ῥαμνουσίου
3403 3399 3418 3430 ,

1859 3440 1999 3516 ὅμως
2026 3439 2121 3500 κᾶν
2151 3433 2296 3506 οὗτος
2324 3430 2491 3498 οἶόστ’
2518 3440 2598 3508 εἴη
2631 3439 2914 3512 Ἀθηναίοις
2956 3442 3180 3497 ἐπαινῶν
3214 3442 3418 3499 εὐδοκι-

1862 3537 2003 3604 μεῖν.
2027 3531 2240 3602 Quodsi
2266 3530 2563 3584 Athenaeus
2592 3539 2703 3583 tam
2734 3539 2890 3583 certo
2930 3530 3088 3583 scivit
3105 3571 3120 3598 ,
3152 3531 3417 3604 Hippiam

1860 3637 1892 3674 a
1919 3619 2152 3674 Platone
2182 3617 2345 3673 tacite
2365 3616 2679 3691 designari,
2709 3633 2928 3671 necesse
2955 3627 3035 3671 est
3065 3617 3294 3673 aliunde
3336 3618 3417 3672 ilii

1859 3707 2200 3774 innotuerit,
2223 3705 2329 3759 hos
2346 3714 2722 3777 preceptores
2742 3704 3006 3775 Hippiam
3032 3704 3308 3763 habuisse.

1946 3817 1971 3843 α
2004 3794 2188 3848 Minus
2223 3792 2547 3864 frequenter
2574 3791 2805 3845 Athenis
2847 3791 3325 3859 commorabatur,
3358 3792 3418 3847 in

1860 3899 2031 3955 quam
2058 3881 2257 3935 urbem
2281 3898 2339 3934 se
2362 3896 2494 3933 raro
2519 3880 2714 3933 venire
2742 3878 2992 3946 simulat,
3015 3890 3257 3952 propter
3287 3876 3414 3932 infi-

1859 3971 2042 4028 nitum
2102 3968 2443 4042 legationum
2503 3964 2898 4022 obeundarum
2953 3965 3229 4022 laborem.
3283 3964 3414 4023 vid.

1860 4057 2036 4129 Hipp.
2070 4053 2202 4125 maj.
2232 4073 2286 4127 p.
2313 4051 2502 4126 95,D;
2524 4051 2868 4124 Xenophon.
2890 4052 3061 4106 Mem.
3089 4054 3182 4118 IV,
3214 4058 3245 4116 l.
3272 4069 3287 4104 z
3312 4048 3416 4108 Διὰ

1857 4141 2044 4218 χρόνον
2073 4137 2378 4218 ἀφικόμενος
2404 4140 2433 4194 ὁ
2470 4135 2681 4203 Ἱππίας
2710 4135 2955 4205 Ἀθήναζε
2982 4134 3296 4213 παρεγένετο
3335 4136 3414 4213 τῷ

1860 4224 2151 4306 Σωκράτει.
2199 4229 2398 4299 Itaque
2418 4236 2652 4280 ‘veteres
2687 4226 2958 4298 sophistas
2996 4243 3100 4298 per
3143 4226 3415 4280 Graeciam

1859 4317 2336 4386 circumvagantes
2361 4320 2599 4366 sectatus
2620 4312 2689 4364 sit
2703 4352 2718 4377 ,
2740 4321 2837 4365 aut
2863 4311 3002 4366 alios
3024 4312 3190 4366 etiam
3210 4312 3414 4368 artium

1857 4404 2180 4477 magistros,
2217 4399 2334 4471 jam
2382 4410 2502 4456 tum
2547 4400 2607 4452 in
2653 4399 2855 4469 quovis
2891 4415 3094 4470 genere
3140 4400 3411 4464 orientes,

1858 4490 2155 4563 diligenter
2177 4486 2483 4560 audiverit,
2501 4503 2531 4540 e
2556 4503 2800 4558 quorum
2824 4486 3200 4554 institutione,
3233 4504 3411 4560 quum

1923 4692 1989 4754 (*)
2021 4693 2156 4741 Uxor
2188 4688 2375 4752 Hippin
2402 4689 2493 4740 mit
2521 4690 2780 4751 Plathane,
2799 4704 2863 4741 ex
2881 4703 3037 4753 eaque
3060 4693 3160 4739 tres
3177 4697 3409 4752 genuerat

1857 4762 2009 4822 tilios,
2029 4773 2241 4822 quorum
2269 4762 2384 4810 netu
2414 4759 2644 4808 minimus
2671 4761 2931 4821 Aphareus.
2962 4762 3105 4808 Hunc
3134 4759 3412 4824 adoptavit,

1861 4832 2218 4891 Piathanenque
2243 4829 2436 4878 viduam
2473 4831 2702 4878 {socrates
2716 4830 2817 4888 jam
2848 4841 2996 4878 senex
3024 4842 3226 4878 uxorem
3249 4830 3411 4894 duxit,

1857 4903 1981 4952 teste
2003 4899 2245 4949 Plutarch.
2276 4902 2393 4948 Dec.
2422 4901 2559 4948 Orat.
2586 4902 2679 4959 tv,
2714 4896 2761 4960 ς.
2800 4902 2879 4958 41,
2908 4911 2957 4960 p.
2992 4905 3109 4948 1022
3129 4898 3210 4950 ed.
3244 4898 3403 4950 Didot.

1860 4971 1961 5033 (Cr.
1982 4971 2340 5020 Westermann.
2368 4967 2540 5019 Gesck.
2566 4967 2620 5018 d.
2654 4981 2733 5029 or.
2762 4967 2967 5017 Ber-eds·
2993 4965 3024 5029 S
3053 4971 3140 5026 ⁴8,
3159 4968 3239 5030 8.)
3260 4968 3413 5030 igitur

1866 5041 2061 5103 Hippias
2081 5038 2278 5087 Platone
2295 5038 2451 5088 multo
2469 5037 2713 5099 antiquior
2740 5050 2842 5087 esse
2861 5051 2959 5087 non
2978 5037 3156 5100 potuit.

1924 5111 2014 5172 (¹⁸)
2048 5109 2441 5172 Heus-ridentum
2458 5108 2697 5171 quendam
2722 5108 3164 5170 Cythniumjaudat
3189 5108 3309 5158 Ptin.
3345 5116 3403 5159 n.

1863 5184 1923 5231 N.
1952 5183 2046 5241 lx,
2068 5184 2117 5240 8,
2133 5179 2195 5230 de
2222 5179 2512 5243 Delphinum
2537 5191 2648 5242 erga
2668 5179 2886 5230 homines
2906 5190 3085 5229 amors.
3118 5177 3295 5229 Eadem
3314 5183 3395 5230 Sc·

1857 5250 1941 5300 lin.
1964 5264 2009 5300 c.
2044 5256 2113 5299 18.
