3900 6042
568 464 683 516 626

1838 444 2110 505 soslml
2159 443 2480 506 LACONlS

561 578 850 652 vulgarem
889 574 1161 628 rationem
1190 571 1438 627 Sosibius
1475 572 1529 624 in
1571 589 1635 624 eo
1677 570 1927 641 sequitur
1950 566 2108 640 quod
2201 586 2313 622 esse
2354 570 2701 642 suspicantur
2742 566 2850 643 (uti
2887 571 3189 626 Hermann.
3226 569 3266 625 1.
3293 571 3389 643 L),
3415 573 3490 626 alii
3509 576 3646 629 omnin

555 683 673 732 res»,
705 683 828 736 quae
856 662 1198 734 epocharum
1222 661 1391 713 instar
1427 670 1581 725 sunt,
1625 657 1695 712 ab
1734 674 1841 710 aera
1868 657 1914 708 Τ
1916 654 2112 724 rojana

558 749 915 824 proficiscens
936 757 1194 820 exputat,
1229 748 1312 800 uti
1342 755 1498 818 patet
1525 763 1592 800 ex
1622 743 1852 816 epochis
1880 743 2114 797 Homeri

558 848 613 892 et
634 836 899 892 ludorum
912 835 1275 890 Carueorum.
1297 831 1409 888 Sed
1428 834 1487 886 in
1504 833 1621 905 ipsa
1641 831 1856 904 epocha
1872 827 2114 900 Trojana

560 921 948 980 constituenda
987 920 1058 975 ab
1093 938 1159 975 ea
1190 921 1278 975 via
1296 960 1312 986 ,
1351 937 1521 991 quam
1553 919 1811 991 plerique
1839 918 2112 983 inierunt,

560 1010 792 1067 recedit.
823 1007 1039 1062 Etenim
1058 1017 1358 1079 postquam
1382 1006 1623 1077 spatium
1645 1005 1790 1058 inter
1808 1002 2034 1075 Trojam
2061 1012 2118 1057 et

562 1095 888 1152 Heraclidas
912 1091 1307 1147 intermedium
1325 1131 1341 1159 ,
1368 1089 1526 1162 quod
1548 1091 1608 1144 in
1633 1100 1768 1147 vett.
1793 1089 2117 1167 ἀναγραφαῖς

563 1194 684 1238 erat
700 1198 978 1238 annorum
1007 1179 1114 1234 126
1133 1219 1149 1246 ‚
1175 1178 1250 1234 ad
1266 1196 1441 1232 annos
1455 1196 1532 1251 90
1556 1176 1788 1250 quidam
1811 1194 2116 1231 revocave-

564 1278 721 1336 rant,
750 1267 1012 1341 plurimi,
1032 1266 1131 1339 qui
1158 1264 1218 1319 id
1244 1265 1594 1338 probarunt,
1628 1265 1703 1319 ita
1732 1264 1990 1319 fecerunt
2009 1304 2025 1329 ,
2056 1272 2119 1317 ut

565 1357 626 1411 in
649 1356 864 1428 epocha
884 1353 1125 1424 Trojana
1150 1363 1392 1407 veterem
1417 1369 1714 1407 numerum
1737 1351 2010 1423 cyclicum
2032 1368 2120 1403 re-

567 1444 828 1510 tinerent,
846 1453 1014 1514 atque
1035 1440 1106 1495 ab
1121 1440 1230 1495 hoc
1246 1438 1662 1513 proficiscentes
1679 1457 1886 1493 annum
1904 1436 2122 1492 reditus

568 1528 992 1585 Heraclidamm
1015 1538 1367 1601 exputarent.
1384 1527 1474 1581 Sic
1490 1545 1546 1581 v.
1572 1544 1623 1580 c.
1641 1526 1835 1581 Castor
1848 1525 2123 1598 epocham

567 1614 862 1687 Trojanam
892 1615 1057 1688 ponit
1077 1631 1170 1669 an.
1216 1630 1359 1683 1²17
1396 1612 1547 1687 (=7
1567 1611 1706 1673 ><63
1749 1623 1876 1667 aute
1903 1611 1995 1667 01.
2032 1630 2053 1664 1
2081 1607 2120 1685 ),

570 1713 626 1758 et
652 1703 782 1757 hinc
809 1719 983 1757 annos
1010 1719 1085 1774 90
1115 1699 1400 1755 deducens
1441 1699 1864 1755 Heraclidarum
1886 1699 2124 1754 descen·

569 1808 689 1845 sum
721 1790 957 1863 assignat
988 1804 1138 1842 anno
1185 1805 1355 1856 ¹¹27·
1402 1787 1609 1842 Contra
1638 1790 1790 1842 Laco
1831 1798 2025 1841 noster
2052 1785 2122 1841 ab

569 1876 819 1950 epocha,
849 1892 1017 1946 quam
1049 1873 1471 1929 Heraclida-um
1511 1873 1718 1928 reditui
1758 1884 1976 1927 veteres
2001 1872 2126 1926 ἂνα-

536 2008 543 2015 .
569 1961 764 2040 γραφαὶ
783 1963 1106 2017 tribuebaut
1132 1964 1256 2034 (au.
1293 1979 1429 2034 ¹⁰9¹
1449 1982 1524 2013 =
1542 1960 1573 2018 5
1611 1974 1662 2023 Χ
1696 1960 1769 2015 63
1795 1972 1922 2015 ante
1937 1961 2028 2015 01.
2055 1959 2126 2033 1),

569 2048 963 2122 proficiscitur,
1009 2058 1074 2101 ut
1099 2046 1305 2102 additis
1343 2048 1500 2102 annis
1526 2066 1602 2121 90
1630 2047 1903 2120 epocham
1930 2047 2130 2118 Troja-

569 2155 699 2191 nam
723 2137 1042 2191 constituat.
1070 2132 1320 2188 Eandem
1347 2135 1623 2189 rationem
1647 2135 1813 2189 etiam
1836 2136 1883 2189 is
1904 2145 2125 2189 secutus

570 2233 671 2290 est,
694 2240 759 2277 ex
787 2238 903 2294 quo
924 2220 1195 2275 Eusebius
1219 2237 1383 2274 suum
1402 2220 1791 2276 Proclidarum
1814 2220 2129 2295 catalogum

570 2319 854 2365 mutuatus
879 2318 988 2375 est,
1025 2308 1130 2361 nisi
1171 2306 1331 2380 quod
1370 2307 1799 2364 Heraclidarum
1835 2308 1995 2382 regni
2025 2308 2129 2362 ini-

576 2400 715 2471 tium
746 2415 862 2451 uno
887 2395 1048 2468 cyclo
1080 2393 1406 2450 inferiorem
1443 2407 1616 2469 ponat
1644 2396 1831 2471 (1028
1868 2415 1920 2451 a.
1955 2395 2020 2452 C.
2052 2420 2131 2445 =

576 2493 609 2550 4
637 2494 690 2547 Χ
717 2483 790 2539 63
827 2502 879 2538 a.
918 2483 1009 2541 01.
1058 2482 1149 2555 ι),
1190 2481 1434 2557 ideoque
1472 2502 1650 2556 usque
1693 2483 1766 2539 ad
1812 2484 2131 2539 Charilaum

572 2590 691 2626 nou
717 2589 841 2638 sex,
870 2569 969 2625 sed
997 2580 1108 2625 tres
1134 2579 1348 2624 tantum
1376 2588 1535 2644 reges
1560 2582 1830 2628 recenset.
1857 2570 2015 2626 Idem
2054 2571 2129 2623 ita

572 2658 726 2726 fecit,
748 2667 811 2713 ut
835 2658 905 2715 ab
924 2675 1017 2731 ep.
1036 2656 1275 2730 Troiana
1293 2676 1472 2731 usque
1490 2657 1565 2713 ad
1585 2657 1755 2714 finem
1777 2658 2131 2731 Theopompi

573 2747 682 2800 sint
708 2747 840 2800 anni
870 2742 981 2798 368
1007 2744 1123 2798 sive
1148 2762 1241 2798 sex
1267 2745 1425 2816 cycli.
1448 2745 1665 2815 Quodsi
1691 2746 1946 2800 similiter
1975 2745 2127 2799 Sosi·

574 2832 703 2886 bius
715 2849 946 2905 quoque
960 2850 1072 2886 rem
1100 2830 1418 2903 adornavit,
1436 2833 1688 2904 sequitur
1701 2832 2134 2904 Theopompum

576 2916 729 2989 apud
768 2936 897 2971 eum
938 2934 1191 2990 regnasse
1231 2917 1388 2970 annis
1430 2916 1496 2970 31
1543 2913 1565 2991 (
1578 2911 1944 2990 770—740),
1990 2915 2132 2971 adeo

574 3015 684 3058 uta
699 3003 864 3074 Troja
879 3002 949 3057 ad
971 3000 1138 3057 finem
1152 3002 1505 3075 Theopompi
1517 3013 1727 3077 septem
1741 3004 1851 3059 sint
1873 3003 2037 3075 cycli.
2058 3035 2133 3043 —

576 3090 810 3143 Homeri
851 3087 1069 3163 epocha
1103 3088 1266 3143 simul
1308 3090 1474 3145 etiam
1515 3089 1755 3161 Lyrurgi
1797 3106 1910 3142 esse
1938 3087 2127 3147 debet.

575 3178 711 3247 Quae
739 3193 915 3248 quum
951 3174 1191 3230 Charilai
1225 3192 1375 3231 anno
1404 3185 1605 3230 octavo
1633 3173 2000 3244 adscribatur,
2028 3194 2129 3249 pa-

577 3272 656 3318 tet
683 3281 805 3318 eam
843 3262 915 3317 de
961 3279 1138 3331 anno,
1167 3280 1281 3334 quo
1316 3262 1463 3335 leges
1499 3264 1788 3334 Lycurgus
1816 3262 2128 3335 scripserit,

576 3350 994 3424 intelligendam
1017 3367 1148 3406 esse.
1165 3349 1275 3404 Alii
1294 3366 1503 3403 annum
1522 3365 1638 3421 quo
1664 3348 1892 3403 tutelam
1913 3349 2133 3420 Lycur—

575 3454 679 3510 gus
705 3438 974 3511 suscepit,
1002 3454 1111 3509 pro
1135 3435 1349 3508 epocha
1376 3433 1683 3489 habebant.
1712 3434 1801 3488 Sic
1826 3434 1993 3489 etiam
2020 3436 2130 3490 Eu·

577 3524 712 3579 sebii
746 3535 945 3579 auctor
977 3523 1136 3591 fecit,
1172 3522 1324 3597 apud
1362 3540 1531 3596 quem
1570 3522 1856 3579 Charilaus
1893 3541 2131 3597 regnum

577 3613 804 3684 suscipit
830 3631 920 3670 an.
952 3610 1086 3675 884.
1115 3613 1299 3681 Quare
1323 3611 1416 3664 ille
1446 3612 1520 3665 ita
1542 3627 1742 3683 regum
1764 3627 1942 3665 annos
1969 3610 2132 3665 ador·

578 3698 752 3766 navit,
776 3709 888 3753 uta
907 3697 1069 3769 Troja
1093 3715 1269 3769 usque
1291 3696 1363 3751 ad
1388 3696 1705 3754 Charilaum
1730 3697 1840 3751 sint
1858 3698 1990 3752 anni
2015 3696 2126 3752 252

578 3786 690 3840 sive
717 3791 747 3850 Ι.
769 3796 817 3847 ><
834 3785 907 3840 63
933 3784 1182 3859 (Fragm.
1205 3784 1417 3839 Chron.
1449 3803 1505 3857 p.
1542 3782 1696 3857 186).
1714 3786 1798 3840 De
1819 3785 2044 3840 Carneis
2069 3805 2124 3838 v.

580 3874 888 3927 Hermann.
917 3873 954 3925 l.
986 3873 1024 3926 1.
1060 3871 1093 3946 §
1122 3869 1192 3927 53
1213 3912 1229 3939 ,
1263 3890 1337 3944 29
1360 3890 1480 3944 sqq.

656 3961 874 4015 Primus
904 3961 962 4013 in
988 3959 1212 4017 Carneis
1238 3957 1383 4012 ludis
1417 3959 1551 4012 vicit
1584 3957 1933 4031 Terpander,
1964 3958 2129 4014 Midae

578 4047 724 4119 regis
740 4047 982 4119 aequalis,
1007 4053 1141 4100 teste
1161 4045 1452 4099 Hellanico
1477 4042 1574 4117 (fr.
1606 4063 1734 4112 122,
1759 4042 1895 4117 123)
1923 4046 1982 4099 in
2000 4046 2129 4101 Car-

578 4135 841 4191 neonicis.
880 4135 1004 4188 Jam
1045 4150 1220 4204 quum
1255 4131 1433 4187 Midas
1471 4132 1661 4204 paullo
1694 4132 1982 4203 antiquior
2017 4151 2130 4189 esse

578 4217 782 4275 debeat
810 4218 1115 4297 (Herodot.
1141 4220 1195 4285 1,
1234 4237 1255 4273 1
1270 4224 1298 4282 4
1318 4218 1336 4293 )
1358 4220 1512 4292 Gyge
1533 4216 1585 4294 (7
1601 4217 1916 4293 13-678),
1937 4219 2129 4292 Lydo·

578 4323 704 4359 rum
732 4323 891 4379 rege3
929 4307 1019 4360 alii
1060 4306 1269 4361 Carnea
1297 4306 1411 4376 jam
1457 4317 1584 4361 ante
1610 4306 1699 4364 Ol.
1743 4306 1817 4361 26
1850 4307 2129 4363 celebrata

2203 657 2541 725 testimonia,
2573 676 2642 711 ex
2678 658 2881 730 quibus
2914 657 3236 730 Terpander
3269 658 3373 730 jam
3401 660 3533 734 louge
3557 673 3647 716 ante

2201 743 2291 800 Ol.
2326 744 2401 799 26
2430 741 2730 811 floruisset,
2761 756 2998 818 propter
3019 745 3217 799 Sosibii
3238 746 3407 799 locum
3427 745 3650 816 rejicienda

2201 842 2402 904 putant
2431 830 2525 906 (v.
2556 834 2800 888 Fischer.
2835 833 2989 889 tabb.
3033 834 3234 889 chron.
3268 832 3336 887 ad
3374 833 3451 888 ΟΙ.
3487 833 3652 907 26).At

2203 919 2456 993 pendent
2476 920 2593 974 haec
2622 921 2811 976 omnia
2837 938 2907 975 ex
2933 920 3165 976 diversis
3189 922 3463 993 systematis
3484 921 3653 976 chrono-

2208 1006 2421 1080 logicis,
2447 1006 2651 1081 quibus
2665 1007 2973 1079 quisquese
2997 1017 3197 1061 auctor
3210 1005 3490 1062 addixerat.
3503 1007 3656 1079 Quodsi

2205 1093 2407 1148 Sosibii
2430 1105 2760 1168 computum
2782 1093 2855 1149 ad
2878 1104 3138 1150 veterum
3162 1092 3445 1171 ἀναγραφῶν
3466 1096 3656 1160 rationes,

2207 1197 2277 1235 ex
2300 1179 2754 1253 quibusTrojana
2777 1181 2998 1254 epocha
3018 1199 3170 1236 anno
3201 1198 3335 1249 1217
3354 1198 3401 1239 a.
3419 1181 3472 1236 C.
3489 1181 3662 1255 assigna·

2208 1277 2320 1337 tur,
2335 1270 2704 1337 revocaveris,
2718 1269 2972 1341 sequitur
2987 1267 3324 1325 Carneorum
3345 1268 3658 1323 institutionem

2208 1354 2592 1428 assignandam
2631 1373 2744 1410 esse
2775 1374 2926 1411 anno
2966 1355 3081 1425 7¹3
3112 1373 3166 1411 a.
3191 1355 3256 1411 C.
3286 1352 3395 1431 (ol.
3429 1353 3539 1426 16),
3565 1353 3664 1409 adeo

2211 1452 2275 1496 ut
2324 1441 2655 1516 Terpander
2697 1441 3111 1517 percommode
3150 1440 3313 1496 Midae
3356 1441 3477 1515 regis
3506 1441 3667 1513 aqualis
3775 1470 3776 1481 ι

2211 1545 2323 1585 esse
2340 1540 2550 1601 posset,
2578 1529 2781 1585 eodem
2804 1528 2978 1584 modo
2994 1570 3012 1597 ‚
3039 1547 3163 1602 quo
3180 1528 3419 1594 Sosibius,
3437 1528 3474 1581 si
3487 1525 3543 1580 de
3561 1525 3668 1580 uida

2212 1623 2268 1667 et
2292 1614 2446 1687 Gyge
2469 1615 2691 1669 locutus
2719 1615 2897 1683 foret,
2921 1624 3184 1689 tempora
3220 1631 3396 1668 eomm
3425 1611 3485 1666 ad
3507 1612 3664 1684 Olymp-

2215 1699 2288 1755 26
2322 1699 2618 1757 detulisset.

2271 1852 2448 1911 ΠΕΡΙ
2493 1851 2652 1911 ΤΩΝ
2699 1853 2793 1910 ΕΝ
2839 1852 3355 1911 ΛΑΚΕΔΑΙΜΟΝΙ
3387 1849 3628 1909 ΘΪΣΙΩΝ.

2972 1999 3029 2057 1..

2296 2140 2589 2199 Athenaeus
2597 2141 2720 2209 XV,
2733 2160 2791 2214 p.
2802 2143 2938 2209 674,
2955 2144 3002 2197 A
3019 2161 3033 2195 ι
3051 2140 3162 2198 Καὶ
3171 2139 3271 2217 γὰρ
3280 2139 3364 2201 καὶ
3376 2135 3669 2210 Λακεδαιμόνιοι

2223 2224 2448 2306 καλάμῳ
2470 2230 2841 2300 στεφανοῦνται
2868 2228 2921 2284 ἐν
2945 2229 3013 2303 τῇ
3033 2229 3139 2285 τῶν
3165 2224 3460 2305 Προμαχίων
3478 2219 3670 2300 “lifing'‘

2226 2335 2352 2394 φησι
2372 2310 2625 2377 Σωσίὸιος
2642 2314 2696 2371 ἐν
2716 2311 2822 2379 τοῖς
2838 2310 2974 2392 Περὶ
2991 2316 3100 2371 τῶν
3124 2314 3178 2371 ἐν
3201 2310 3513 2387 Λακεδαίμονι
3529 2309 3669 2377 W,

2226 2399 2436 2481 γράφων
2464 2397 2627 2465 οὕτως
2644 2421 2657 2434 ·
2696 2426 2720 2452 α
2750 2398 2845 2460 Ἐν
2872 2397 3044 2478 ταύτῃ
3079 2397 3378 2477 συμόαίνει,
3401 2396 3497 2463 τοὺς
3517 2394 3583 2469 μὲν
3602 2394 3669 2451 ἀπὸ

2229 2491 2321 2559 τῆς
2359 2486 2537 2567 χώρας
2581 2486 2836 2564 καλάμοις
2874 2492 3261 2567 στεφανοῦσθαι
3283 2486 3318 2556 ἢ
3345 2480 3669 2563 στλεγγίδι,τῶς

2221 2574 2268 2631 δ’
2313 2575 2372 2633 ἐκ
2411 2577 2505 2644 τῆς
2544 2574 2750 2650 ἀγωγῆς
2787 2574 2978 2640 παῖδας
3030 2573 3410 2655 ἀστεφανώτους
3446 2567 3667 2629 &Mt

2232 2688 2255 2711 α
2277 2662 2364 2720 Cf.
2394 2664 2619 2718 Miiller.
2646 2665 2778 2717 Dor.
2807 2663 2893 2737 11,
2921 2682 2983 2736 p.
3018 2660 3114 2719 25.

2305 2911 2392 2969 ld.
2411 2913 2537 2977 XV,
2562 2930 2622 2984 p.
2644 2910 2782 2980 678,
2803 2911 2876 2968 B:
2897 2905 3308 2986 Θυρεατικοί.
3327 2900 3673 2965 omniomi

2223 2994 2466 3076 στέφανοί
2483 3018 2615 3062 τινες
2642 2993 2788 3074 παρὰ
2807 2993 3272 3070 Λακεδαιμονίοις,
3291 2990 3358 3059 ὥς
3373 3012 3481 3073 φησι
3496 2981 3672 3048 Σωσῖὅῑῠ(

2223 3086 2275 3142 ἐν
2303 3086 2406 3149 τοῖς
2434 3081 2568 3162 Περὶ
2597 3085 2805 3153 θυσιὶἶιν,
2833 3082 3066 3159 ψιλίνους
3087 3078 3273 3147 αὐτοὺς
3296 3078 3486 3159 φάσκων
3507 3077 3572 3130 νῦν
3598 3072 3672 3126 ὄνο-

2224 3173 2510 3249 μάζεσθαι,
2557 3168 2708 3234 ὄντας
2743 3172 2803 3227 ἐκ
2829 3166 3097 3251 φοινίκων.
3130 3167 3317 3248 Φέρειν
3358 3164 3398 3225 δ’
3423 3159 3567 3225 αὐτοὺς
3588 3154 3672 3214 ⁶¹5·

2223 3282 2406 3337 μνῆμα
2430 3261 2525 3328 τῆς
2561 3259 2616 3315 ἓν
2638 3254 2820 3335 Θυρίᾳ
2841 3252 3126 3334 γενομένης
3158 3255 3298 3325 νίκης
3333 3252 3437 3319 τοὺς
3466 3243 3672 3329 *W

2221 3342 2324 3403 τῶν
2357 3343 2625 3422 ἀγομένων
2657 3345 2829 3423 χορῶν
2865 3346 2918 3402 ἐν
2945 3346 3011 3421 τῇ
3050 3346 3206 3422 ἑορτῇ
3236 3340 3417 3418 ταύτῃ,
3441 3334 3511 3394 ὅτι
3537 3328 3672 3391 ult&

2222 3430 2606 3509 Γυμνοπαιδιὰς
2627 3432 2940 3490 ἐπιτελοῦσι.
2969 3430 3132 3509 Χοροὶ
3156 3429 3202 3487 δ’
3229 3426 3324 3486 εἰσὶ
3355 3425 3409 3483 τὸ
3433 3421 3672 3499 plvrim-

2219 3518 2374 3578 ώπων
2418 3518 2629 3597 (πρόσω
2658 3518 2815 3594 libri)
2853 3516 3081 3590 παίδων,
3113 3516 3173 3575 τὸ
3215 3514 3258 3574 δ’
3286 3512 3336 3581 ἐξ
3368 3510 3550 3592 ἀρίστων
3580 3500 3673 3583 (ἅμ”

2220 3628 2342 3666 στου
2378 3609 2540 3684 libri)
2586 3607 2805 3686 ἀνδρῶν,
2840 3607 3052 3683 γυμνῶν
3088 3599 3399 3682 ὀρχουμένων
3420 3596 3494 3654 καὶ
3517 3590 3670 3692 ᾀδόνξϋ*
3779 3664 3782 3683 ]

2219 3693 2469 3764 Θαλήτου
2487 3693 2577 3752 καὶ
2607 3693 2892 3770 Ἀλκμᾶνος
2913 3690 3135 3772 ᾅσματα
3165 3690 3255 3747 καὶ
3279 3685 3387 3752 τοὺς
3401 3677 3672 3743 Διιινυσοὸῡτου

2218 3788 2308 3840 τοῦ
2334 3783 2579 3846 Λάκωνος
2607 3789 2851 3846 παιᾶνας.
2879 3781 2962 3837 cf.
2993 3782 3220 3838 Miiller.
3257 3780 3374 3833 Dor.
3399 3775 3471 3841 Π,
3498 3790 3545 3844 p·
3573 3760 3668 3833 373³
3781 3788 3782 3797 ¹

2222 3874 2524 3929 Hermann.
2548 3870 2588 3925 l.
2613 3869 2654 3928 l.
2675 3869 2709 3946 §
2729 3867 2823 3942 53,
2852 3866 2945 3927 28.
2977 3899 3056 3912 -
3084 3862 3361 3943 Ψιλίνους]
3383 3863 3582 3919 Fortasse
3600 3851 3670 3904 ¹¹¹¹ss
3781 3932 3782 3935 Ἴ

2217 3961 2461 4034 pertinet
2478 3959 2656 4033 gloss·
2675 3958 2936 4031 amomi
2961 3976 2973 4012 :
2997 3953 3178 4021 Ψιιὸς
3200 3951 3479 4033 (suumn,
3496 3936 3670 4017 στέφανε

2218 4044 2467 4122 πτιρινός.
2491 4045 2631 4099 Vide
2649 4046 2833 4118 Toup.
2852 4044 3028 4116 Epist.
3053 4045 3183 4100 crit.
3207 4060 3266 4115 p.
3295 4040 3381 4110 76.
3406 4035 3537 4091 Idem
3551 4030 3670 4092 ΗΕΓ

2219 4134 2375 4189 chius
2405 4149 2419 4190 :
2447 4129 2663 4201 Ψιλίον,
2696 4127 2947 4208 πτερόν...
2978 4124 3014 4196 ἢ
3043 4118 3182 4193 εἶδος
3210 4123 3391 4188 ἄνθους.
3609 4198 3619 4209 ·

2298 4219 2623 4292 Sequuntur
2640 4218 2747 4273 alia
2764 4216 3017 4291 quaedam
3031 4257 3049 4284 ,
3073 4233 3198 4288 φιτ
3221 4212 3290 4269 ad
3309 4206 3666 4269 Lacedmomfl·

2219 4325 2348 4363 rum
2371 4307 2730 4379 antiquitates
2754 4314 3023 4378 spectant.

589 4390 3661 4453 ,ψῃ-,Μ

755 4485 851 4543 DE
892 4481 1631 4543 LACEDAEMONIORUM
1673 4482 1952 4543 sAcssls.

1326 4611 1378 4656 4.

637 4716 985 4767 Lacedaemonii
1005 4718 1153 4767 etiam
1178 4718 1363 4767 calamo
1380 4719 1671 4767 coronantur
1696 4719 1815 4769 msto
1831 4717 2129 4767 promachio·

576 4808 684 4844 rum
706 4794 811 4855 die.
829 4798 887 4846 ut
911 4796 980 4847 ait
1000 4795 1209 4846 Sosibius
1226 4797 1275 4846 iu
1301 4797 1434 4847 libris
1454 4800 1522 4847 De
1560 4796 2029 4848 Lacedaemoniorum
2057 4811 2132 4846 sa-

577 4873 696 4933 cris,
711 4872 795 4921 ubi
818 4872 886 4921 ita
909 4872 1075 4923 scribit
1109 4889 1121 4922 ε
1145 4892 1167 4915 α
1198 4876 1252 4923 In
1268 4875 1361 4923 hoc
1382 4875 1505 4924 sesto
1527 4875 1691 4924 rustici
1713 4873 1906 4938 quidem
1931 4879 2133 4935 juvenes

576 4950 771 4999 mamis
797 4954 1089 5000 coronantur
1109 4953 1195 5000 aut
1217 4951 1396 5015 strigile
1416 4953 1517 5001 sive
1552 4952 1778 5014 bractea;
1802 4951 1885 5014 qui
1913 4963 2028 5000 vero
2047 4964 2130 5013 pu·

574 5027 699 5075 blica
714 5026 925 5151 pivitatis
954 5027 1200 5092 disciplina
1223 5030 1441 5079 innutriti
1473 5031 1613 5091 sunt,
1643 5029 1824 5091 absque
1846 5040 2023 5077 corona
2054 5041 2129 5075 se-

575 5116 709 5164 quun
734 5117 806 5152 ur.
826 5123 849 5147 ι»

2288 4551 2621 4617 Thyreaticae.
2648 4552 2726 4602 Sic
2747 4550 3045 4599 vocabantur
3067 4558 3257 4597 coma
3276 4539 3471 4607 quadan
3487 4526 3664 4596 ⁸9⁰¹st

2219 4629 2642 4691 cedaemoulcs,ut
2667 4625 3029 4679 aitsosibinsin
3051 4623 3269 4675 librisne
3289 4612 3498 4669 „affl
3519 4605 3663 4657 ⁸⁸¹*

2219 4706 2312 4756 bus
2341 4706 2578 4769 apsiliam
2600 4704 2732 4753 aiens
2768 4699 3178 4759 nunt-,nominum
3212 4701 3433 4758 esseque
3452 4675 3661 4750 QG*

2218 4787 2345 4834 stare
2361 4786 2523 4832 autem
2546 4795 2646 4840 eas,
2672 4782 2720 4829 in
2738 4779 2952 4829 victorioe
2966 4775 3028 4827 ad
3050 4779 3281 4839 'myream
3305 4763 3658 4832 morum-‘⁸⁰'

2219 4860 2337 4910 riam
2351 4897 2366 4921 ,
2398 4859 2544 4909 duces
2560 4859 2818 4907 chororum
2839 4856 2923 4918 qui
2945 4855 2998 4906 in
3033 4854 3118 4904 illo
3140 4853 3257 4907 festo
3275 4844 3501 4899 (lacuum,
3528 4824 3662 4896 W

2218 4936 2361 4987 etiam
2397 4933 2769 4998 Gymnopoedias
2799 4930 3063 4981 celebrant.
3101 4930 3220 4980 sunt
3251 4926 3398 4974 autem
3434 4911 3561 4967 Μ’
3587 4905 3658 4953 Β*

2219 5016 2536 5065 formosorum
2567 5024 2850 5074 puerorum,
2881 5010 3012 5059 illinc
3033 5006 3378 5057 fortissimorum
3405 4995 3590 5044 vimmi
3606 4990 3658 5041 Ψ

2219 5091 2336 5142 nudi
2354 5090 2558 5149 saltant,
2586 5093 2634 5138 et
2661 5086 2871 5137 carmina
2901 5086 3082 5135 canunt
3101 5082 3308 5134 Thaleta
3331 5078 3376 5126 et
3404 5058 3656 5125 Alc-¹¹¹5

2222 5170 2529 5234 Dionysodoti
2556 5167 2899 5219 {sacedwmonii
2923 5178 3124 5228 paeanas.
