<?xml version="1.0" encoding="UTF-8"?>
<!DOCTYPE html PUBLIC "-//W3C//DTD XHTML 1.0 Transitional//EN"
    "http://www.w3.org/TR/xhtml1/DTD/xhtml1-transitional.dtd">
<html xmlns="http://www.w3.org/1999/xhtml" xml:lang="en" lang="en">
 <head>
  <title>
</title>
<meta http-equiv="Content-Type" content="text/html;charset=utf-8" />
  <meta name='ocr-system' content='tesseract 3.04.00' />
  <meta name='ocr-capabilities' content='ocr_page ocr_carea ocr_par ocr_line ocrx_word'/>
</head>
<body>
  <div class='ocr_page' id='page_1' title='image "./fragmentahistor03unkngoog_0567.png"; bbox 0 0 3900 6042; ppageno 0'>
   <div class='ocr_carea' id='block_1_1' title="bbox 560 366 680 416">
    <p class='ocr_par' dir='ltr' id='par_1_1' title="bbox 560 366 680 416">
     <span class='ocr_line' id='line_1_1' title="bbox 560 366 680 416; baseline 0 -1"><span class='ocrx_word' id='word_1_1' title='bbox 560 366 680 416; x_wconf 53' lang='lat'>312</span> 
     </span>
    </p>
   </div>
   <div class='ocr_carea' id='block_1_2' title="bbox 1665 353 2665 416">
    <p class='ocr_par' dir='ltr' id='par_1_2' title="bbox 1665 353 2665 416">
     <span class='ocr_line' id='line_1_2' title="bbox 1665 353 2665 416; baseline 0 -1"><span class='ocrx_word' id='word_1_2' title='bbox 1665 353 2159 416; x_wconf 75' lang='lat' dir='ltr'>MANETHONJS</span> <span class='ocrx_word' id='word_1_3' title='bbox 2199 354 2665 415; x_wconf 80' lang='lat' dir='ltr'><strong>SEBENNYTAE</strong></span> 
     </span>
    </p>
   </div>
   <div class='ocr_carea' id='block_1_3' title="bbox 561 478 3741 567">
    <p class='ocr_par' dir='ltr' id='par_1_3' title="bbox 561 478 3741 567">
     <span class='ocr_line' id='line_1_3' title="bbox 561 478 3741 567; baseline 0.001 -21"><span class='ocrx_word' id='word_1_4' title='bbox 561 488 731 559; x_wconf 81' lang='grc' dir='ltr'>δείας,</span> <span class='ocrx_word' id='word_1_5' title='bbox 774 491 843 555; x_wconf 81' lang='grc' dir='ltr'>ὡς</span> <span class='ocrx_word' id='word_1_6' title='bbox 872 487 1024 558; x_wconf 75' lang='grc' dir='ltr'>δῆλός</span> <span class='ocrx_word' id='word_1_7' title='bbox 1068 490 1235 546; x_wconf 77' lang='grc' dir='ltr'>ἐστιν·</span> <span class='ocrx_word' id='word_1_8' title='bbox 1286 484 1515 564; x_wconf 82' lang='grc' dir='ltr'>γέγραφε</span> <span class='ocrx_word' id='word_1_9' title='bbox 1545 484 1644 562; x_wconf 82' lang='grc' dir='ltr'>γὰρ</span> <span class='ocrx_word' id='word_1_10' title='bbox 1694 484 1916 545; x_wconf 62' lang='grc' dir='ltr'>Ἐλλάδι</span> <span class='ocrx_word' id='word_1_11' title='bbox 1946 490 2092 567; x_wconf 79' lang='grc' dir='ltr'>φωνῇ</span> <span class='ocrx_word' id='word_1_12' title='bbox 2193 478 2263 544; x_wconf 88' lang='grc' dir='ltr'>ων</span> <span class='ocrx_word' id='word_1_13' title='bbox 2288 487 2351 545; x_wconf 74' lang='grc' dir='ltr'>ἂν</span> <span class='ocrx_word' id='word_1_14' title='bbox 2376 489 2537 565; x_wconf 82' lang='grc' dir='ltr'>βούλῃ</span> <span class='ocrx_word' id='word_1_15' title='bbox 2566 492 2703 563; x_wconf 75' lang='grc' dir='ltr'>ἡμᾶς</span> <span class='ocrx_word' id='word_1_16' title='bbox 2740 484 2976 555; x_wconf 74' lang='grc' dir='ltr'>ἐξετάσαι</span> <span class='ocrx_word' id='word_1_17' title='bbox 3003 488 3360 566; x_wconf 77' lang='grc' dir='ltr'>πραγμάτων.</span> <span class='ocrx_word' id='word_1_18' title='bbox 3394 489 3741 559; x_wconf 68' lang='grc' dir='ltr'>Ἐπιζῃτοῧντί</span> 
     </span>
    </p>
   </div>
   <div class='ocr_carea' id='block_1_4' title="bbox 552 572 2100 1343">
    <p class='ocr_par' dir='ltr' id='par_1_4' title="bbox 552 572 2100 1343">
     <span class='ocr_line' id='line_1_4' title="bbox 559 572 2099 655; baseline -0.001 -22"><span class='ocrx_word' id='word_1_19' title='bbox 559 573 653 645; x_wconf 79' lang='grc' dir='ltr'>τὴν</span> <span class='ocrx_word' id='word_1_20' title='bbox 681 575 895 654; x_wconf 79' lang='grc' dir='ltr'>πάτριον</span> <span class='ocrx_word' id='word_1_21' title='bbox 918 574 1167 655; x_wconf 88' lang='grc' dir='ltr'>ἱστορίαν,</span> <span class='ocrx_word' id='word_1_22' title='bbox 1195 575 1253 631; x_wconf 79' lang='grc' dir='ltr'>ἐκ</span> <span class='ocrx_word' id='word_1_23' title='bbox 1276 577 1377 630; x_wconf 88' lang='grc' dir='ltr'>τῶν</span> <span class='ocrx_word' id='word_1_24' title='bbox 1406 576 1578 651; x_wconf 79' lang='grc' dir='ltr'>ἱερῶν,</span> <span class='ocrx_word' id='word_1_25' title='bbox 1628 572 1710 638; x_wconf 80' lang='grc' dir='ltr'>ὥς</span> <span class='ocrx_word' id='word_1_26' title='bbox 1767 595 1958 652; x_wconf 82' lang='grc' dir='ltr'>φησιν</span> <span class='ocrx_word' id='word_1_27' title='bbox 1999 576 2099 631; x_wconf 80' lang='grc' dir='ltr'>αὖ·</span> 
     </span>
     <span class='ocr_line' id='line_1_5' title="bbox 557 658 2100 741; baseline -0.003 -21"><span class='ocrx_word' id='word_1_28' title='bbox 557 662 687 735; x_wconf 80' lang='grc' dir='ltr'>τὸς,</span> <span class='ocrx_word' id='word_1_29' title='bbox 718 660 1053 741; x_wconf 75' lang='grc' dir='ltr'>μεταφράσας</span> <span class='ocrx_word' id='word_1_30' title='bbox 1104 660 1193 720; x_wconf 74' lang='grc' dir='ltr'>καί</span> <span class='ocrx_word' id='word_1_31' title='bbox 1242 659 1412 719; x_wconf 73' lang='grc' dir='ltr'>πολλὰ</span> <span class='ocrx_word' id='word_1_32' title='bbox 1449 659 1536 717; x_wconf 82' lang='grc' dir='ltr'>τὸν</span> <span class='ocrx_word' id='word_1_33' title='bbox 1583 658 1889 738; x_wconf 81' lang='grc' dir='ltr'>Ἡρόδοτον“</span> <span class='ocrx_word' id='word_1_34' title='bbox 1900 658 2100 737; x_wconf 74' lang='grc' dir='ltr'>ἐλέγχει</span> 
     </span>
     <span class='ocr_line' id='line_1_6' title="bbox 557 744 2099 826; baseline -0.003 -21"><span class='ocrx_word' id='word_1_35' title='bbox 557 753 661 807; x_wconf 87' lang='grc' dir='ltr'>τῶν</span> <span class='ocrx_word' id='word_1_36' title='bbox 701 751 1069 826; x_wconf 76' lang='grc' dir='ltr'>Αἰγυπτιακῶν</span> <span class='ocrx_word' id='word_1_37' title='bbox 1107 748 1192 803; x_wconf 73' lang='grc' dir='ltr'>ὑπ’</span> <span class='ocrx_word' id='word_1_38' title='bbox 1233 744 1439 821; x_wconf 80' lang='grc' dir='ltr'>ἀγνοίας</span> <span class='ocrx_word' id='word_1_39' title='bbox 1476 744 1803 823; x_wconf 66' lang='grc' dir='ltr'>ἐψευσμένον.</span> <span class='ocrx_word' id='word_1_40' title='bbox 1832 779 1909 788; x_wconf 92' lang='grc'>-</span> <span class='ocrx_word' id='word_1_41' title='bbox 1940 746 2099 801; x_wconf 84' lang='lat' dir='ltr'>Idem</span> 
     </span>
     <span class='ocr_line' id='line_1_7' title="bbox 556 829 2097 908; baseline -0.003 -18"><span class='ocrx_word' id='word_1_42' title='bbox 556 836 699 894; x_wconf 86' lang='lat' dir='ltr'>ibid.</span> <span class='ocrx_word' id='word_1_43' title='bbox 733 857 785 895; x_wconf 87' lang='lat' dir='ltr'>c.</span> <span class='ocrx_word' id='word_1_44' title='bbox 818 837 940 892; x_wconf 80' lang='lat'>26:</span> <span class='ocrx_word' id='word_1_45' title='bbox 973 836 1053 892; x_wconf 84' lang='grc' dir='ltr'>Μ.</span> <span class='ocrx_word' id='word_1_46' title='bbox 1086 835 1115 890; x_wconf 82' lang='grc' dir='ltr'>ὁ</span> <span class='ocrx_word' id='word_1_47' title='bbox 1143 830 1237 901; x_wconf 78' lang='grc' dir='ltr'>τὴν</span> <span class='ocrx_word' id='word_1_48' title='bbox 1261 829 1620 908; x_wconf 74' lang='grc' dir='ltr'>Αἰγυπτιακὴν</span> <span class='ocrx_word' id='word_1_49' title='bbox 1654 830 1882 908; x_wconf 78' lang='grc' dir='ltr'>ἱστορίαν</span> <span class='ocrx_word' id='word_1_50' title='bbox 1911 833 1970 889; x_wconf 81' lang='grc' dir='ltr'>ἐκ</span> <span class='ocrx_word' id='word_1_51' title='bbox 1997 833 2097 888; x_wconf 87' lang='grc' dir='ltr'>τῶν</span> 
     </span>
     <span class='ocr_line' id='line_1_8' title="bbox 557 914 2092 1001; baseline -0.003 -24"><span class='ocrx_word' id='word_1_52' title='bbox 557 922 708 999; x_wconf 89' lang='grc' dir='ltr'>ἱερῶν</span> <span class='ocrx_word' id='word_1_53' title='bbox 736 920 1064 1001; x_wconf 76' lang='grc' dir='ltr'>γραμμάτων</span> <span class='ocrx_word' id='word_1_54' title='bbox 1109 914 1405 997; x_wconf 78' lang='grc' dir='ltr'>ἑρμηνευειν</span> <span class='ocrx_word' id='word_1_55' title='bbox 1429 915 1786 995; x_wconf 67' lang='grc' dir='ltr'>ὑπεσχημένος</span> <span class='ocrx_word' id='word_1_56' title='bbox 1835 918 1935 991; x_wconf 88' lang='lat' dir='ltr'>(fr.</span> <span class='ocrx_word' id='word_1_57' title='bbox 1968 915 2092 992; x_wconf 83' lang='lat'><strong>52).</strong></span> 
     </span>
     <span class='ocr_line' id='line_1_9' title="bbox 556 993 2097 1081; baseline -0.004 -16"><span class='ocrx_word' id='word_1_58' title='bbox 556 1011 1017 1065; x_wconf 81' lang='lat' dir='ltr'>—EusebiusP.</span> <span class='ocrx_word' id='word_1_59' title='bbox 1050 1010 1115 1063; x_wconf 88' lang='grc' dir='ltr'>Ε.</span> <span class='ocrx_word' id='word_1_60' title='bbox 1143 1027 1201 1081; x_wconf 91' lang='lat' dir='ltr'>p.</span> <span class='ocrx_word' id='word_1_61' title='bbox 1247 1013 1339 1074; x_wconf 80' lang='lat'>44,</span> <span class='ocrx_word' id='word_1_62' title='bbox 1371 1008 1458 1064; x_wconf 84' lang='lat' dir='ltr'>C:</span> <span class='ocrx_word' id='word_1_63' title='bbox 1502 1005 1690 1063; x_wconf 79' lang='grc' dir='ltr'>Πᾶσαν</span> <span class='ocrx_word' id='word_1_64' title='bbox 1735 1002 1830 1079; x_wconf 76' lang='grc' dir='ltr'>μὲν</span> <span class='ocrx_word' id='word_1_65' title='bbox 1869 993 1956 1060; x_wconf 88' lang='grc' dir='ltr'>ουν</span> <span class='ocrx_word' id='word_1_66' title='bbox 2004 1003 2097 1072; x_wconf 82' lang='grc' dir='ltr'>τὴν</span> 
     </span>
     <span class='ocr_line' id='line_1_10' title="bbox 554 1088 2097 1171; baseline -0.003 -18"><span class='ocrx_word' id='word_1_67' title='bbox 554 1092 916 1169; x_wconf 78' lang='grc' dir='ltr'>Αἰγυπτιακὴν</span> <span class='ocrx_word' id='word_1_68' title='bbox 942 1091 1171 1171; x_wconf 76' lang='grc' dir='ltr'>ἱστορίαν</span> <span class='ocrx_word' id='word_1_69' title='bbox 1212 1093 1282 1156; x_wconf 88' lang='grc' dir='ltr'>εἰς</span> <span class='ocrx_word' id='word_1_70' title='bbox 1304 1088 1495 1156; x_wconf 72' lang='grc' dir='ltr'>πλάτος</span> <span class='ocrx_word' id='word_1_71' title='bbox 1515 1093 1606 1161; x_wconf 77' lang='grc' dir='ltr'>τῆς</span> <span class='ocrx_word' id='word_1_72' title='bbox 1630 1089 1897 1161; x_wconf 79' lang='grc' dir='ltr'>Ἑλλήνων</span> <span class='ocrx_word' id='word_1_73' title='bbox 1924 1090 2097 1167; x_wconf 80' lang='grc' dir='ltr'>μετεί·</span> 
     </span>
     <span class='ocr_line' id='line_1_11' title="bbox 553 1173 2094 1258; baseline -0.001 -24"><span class='ocrx_word' id='word_1_74' title='bbox 553 1180 686 1258; x_wconf 86' lang='grc' dir='ltr'>ληφε</span> <span class='ocrx_word' id='word_1_75' title='bbox 718 1202 919 1258; x_wconf 83' lang='grc' dir='ltr'>φωνης,</span> <span class='ocrx_word' id='word_1_76' title='bbox 945 1178 1081 1242; x_wconf 83' lang='grc' dir='ltr'>ἰδίως</span> <span class='ocrx_word' id='word_1_77' title='bbox 1108 1177 1162 1234; x_wconf 82' lang='grc' dir='ltr'>δὲ</span> <span class='ocrx_word' id='word_1_78' title='bbox 1191 1174 1258 1233; x_wconf 73' lang='grc' dir='ltr'>τὰ</span> <span class='ocrx_word' id='word_1_79' title='bbox 1283 1176 1401 1254; x_wconf 82' lang='grc' dir='ltr'>περὶ</span> <span class='ocrx_word' id='word_1_80' title='bbox 1425 1180 1516 1246; x_wconf 71' lang='grc' dir='ltr'>τῆς</span> <span class='ocrx_word' id='word_1_81' title='bbox 1555 1175 1671 1233; x_wconf 86' lang='grc' dir='ltr'>κατ’</span> <span class='ocrx_word' id='word_1_82' title='bbox 1703 1173 1892 1241; x_wconf 83' lang='grc' dir='ltr'>αὐτους</span> <span class='ocrx_word' id='word_1_83' title='bbox 1921 1177 2094 1234; x_wconf 82' lang='grc' dir='ltr'>θεολο·</span> 
     </span>
     <span class='ocr_line' id='line_1_12' title="bbox 552 1254 2097 1343; baseline -0.003 -21"><span class='ocrx_word' id='word_1_84' title='bbox 552 1265 666 1341; x_wconf 87' lang='grc' dir='ltr'>γίας</span> <span class='ocrx_word' id='word_1_85' title='bbox 696 1268 947 1332; x_wconf 85' lang='grc' dir='ltr'>Μανεθῶς</span> <span class='ocrx_word' id='word_1_86' title='bbox 977 1268 1006 1322; x_wconf 80' lang='grc' dir='ltr'>ὁ</span> <span class='ocrx_word' id='word_1_87' title='bbox 1032 1263 1313 1340; x_wconf 79' lang='grc' dir='ltr'>Αἰγύπτιος</span> <span class='ocrx_word' id='word_1_88' title='bbox 1348 1262 1401 1320; x_wconf 82' lang='grc' dir='ltr'>ἔν</span> <span class='ocrx_word' id='word_1_89' title='bbox 1449 1286 1504 1320; x_wconf 89' lang='grc' dir='ltr'>τε</span> <span class='ocrx_word' id='word_1_90' title='bbox 1533 1254 1568 1339; x_wconf 69' lang='grc' dir='ltr'>ᾖ</span> <span class='ocrx_word' id='word_1_91' title='bbox 1604 1260 1826 1343; x_wconf 77' lang='grc' dir='ltr'>ἔγραψεν</span> <span class='ocrx_word' id='word_1_92' title='bbox 1863 1265 1980 1341; x_wconf 70' lang='grc' dir='ltr'>ἱερᾷ</span> <span class='ocrx_word' id='word_1_93' title='bbox 2016 1262 2097 1340; x_wconf 79' lang='grc' dir='ltr'>βί-</span> 
     </span>
    </p>
   </div>
   <div class='ocr_carea' id='block_1_5' title="bbox 554 1349 2094 1513">
    <p class='ocr_par' dir='ltr' id='par_1_5' title="bbox 554 1349 2094 1513">
     <span class='ocr_line' id='line_1_13' title="bbox 554 1349 1698 1432; baseline -0.004 -22"><span class='ocrx_word' id='word_1_94' title='bbox 554 1352 665 1432; x_wconf 76' lang='grc' dir='ltr'>ὅλῳ</span> <span class='ocrx_word' id='word_1_95' title='bbox 690 1351 831 1412; x_wconf 80' lang='grc' dir='ltr'>καὶ’</span> <span class='ocrx_word' id='word_1_96' title='bbox 808 1377 861 1411; x_wconf 86' lang='grc' dir='ltr'>εν</span> <span class='ocrx_word' id='word_1_97' title='bbox 887 1351 1074 1431; x_wconf 80' lang='grc' dir='ltr'>ἑτέροις</span> <span class='ocrx_word' id='word_1_98' title='bbox 1096 1352 1251 1409; x_wconf 84' lang='grc' dir='ltr'>αὐτου</span> <span class='ocrx_word' id='word_1_99' title='bbox 1279 1349 1698 1428; x_wconf 75' lang='grc' dir='ltr'>συγγράμμασιν.</span> 
     </span>
     <span class='ocr_line' id='line_1_14' title="bbox 632 1438 2094 1513; baseline -0.003 -16"><span class='ocrx_word' id='word_1_100' title='bbox 632 1444 1007 1498; x_wconf 77' lang='lat' dir='ltr'>Historiarum</span> <span class='ocrx_word' id='word_1_101' title='bbox 1049 1459 1191 1513; x_wconf 91' lang='lat' dir='ltr'>opus</span> <span class='ocrx_word' id='word_1_102' title='bbox 1227 1450 1337 1493; x_wconf 83' lang='lat' dir='ltr'>tres</span> <span class='ocrx_word' id='word_1_103' title='bbox 1376 1438 1853 1511; x_wconf 77' lang='lat' dir='ltr'>complectebatur</span> <span class='ocrx_word' id='word_1_104' title='bbox 1884 1438 2094 1508; x_wconf 83' lang='lat' dir='ltr'>libros,</span> 
     </span>
    </p>
   </div>
   <div class='ocr_carea' id='block_1_6' title="bbox 550 1525 2093 2031">
    <p class='ocr_par' dir='ltr' id='par_1_6' title="bbox 550 1525 2093 2031">
     <span class='ocr_line' id='line_1_15' title="bbox 553 1525 2093 1601; baseline -0.003 -18"><span class='ocrx_word' id='word_1_105' title='bbox 553 1547 795 1601; x_wconf 87' lang='lat' dir='ltr'>quorum</span> <span class='ocrx_word' id='word_1_106' title='bbox 819 1529 1006 1601; x_wconf 88' lang='lat' dir='ltr'>primo</span> <span class='ocrx_word' id='word_1_107' title='bbox 1035 1537 1234 1582; x_wconf 83' lang='lat' dir='ltr'><strong>auctor</strong></span> <span class='ocrx_word' id='word_1_108' title='bbox 1262 1526 1539 1579; x_wconf 83' lang='lat' dir='ltr'>recensuit</span> <span class='ocrx_word' id='word_1_109' title='bbox 1574 1535 1828 1597; x_wconf 88' lang='lat' dir='ltr'>tempora</span> <span class='ocrx_word' id='word_1_110' title='bbox 1852 1525 2093 1595; x_wconf 85' lang='lat' dir='ltr'>mythica</span> 
     </span>
     <span class='ocr_line' id='line_1_16' title="bbox 551 1610 2092 1688; baseline -0.003 -19"><span class='ocrx_word' id='word_1_111' title='bbox 551 1616 664 1670; x_wconf 80' lang='lat' dir='ltr'>sive</span> <span class='ocrx_word' id='word_1_112' title='bbox 694 1634 815 1688; x_wconf 84' lang='lat' dir='ltr'>quae</span> <span class='ocrx_word' id='word_1_113' title='bbox 860 1616 931 1670; x_wconf 92' lang='lat' dir='ltr'>de</span> <span class='ocrx_word' id='word_1_114' title='bbox 977 1614 1217 1669; x_wconf 86' lang='lat' dir='ltr'>deorum</span> <span class='ocrx_word' id='word_1_115' title='bbox 1257 1623 1313 1665; x_wconf 91' lang='lat' dir='ltr'>et</span> <span class='ocrx_word' id='word_1_116' title='bbox 1341 1610 1713 1665; x_wconf 88' lang='lat' dir='ltr'>semideorum</span> <span class='ocrx_word' id='word_1_117' title='bbox 1736 1611 1922 1683; x_wconf 85' lang='lat' dir='ltr'>regnis</span> <span class='ocrx_word' id='word_1_118' title='bbox 1943 1610 2092 1666; x_wconf 84' lang='lat' dir='ltr'>sere-</span> 
     </span>
     <span class='ocr_line' id='line_1_17' title="bbox 552 1696 2091 1772; baseline -0.004 -16"><span class='ocrx_word' id='word_1_119' title='bbox 552 1701 775 1770; x_wconf 81' lang='lat' dir='ltr'><strong>bantur,</strong></span> <span class='ocrx_word' id='word_1_120' title='bbox 794 1713 850 1756; x_wconf 89' lang='lat' dir='ltr'>et</span> <span class='ocrx_word' id='word_1_121' title='bbox 876 1700 1141 1772; x_wconf 84' lang='lat' dir='ltr'>deinceps</span> <span class='ocrx_word' id='word_1_122' title='bbox 1170 1699 1388 1771; x_wconf 81' lang='lat' dir='ltr'>priores</span> <span class='ocrx_word' id='word_1_123' title='bbox 1413 1696 1676 1751; x_wconf 87' lang='lat' dir='ltr'>undecim</span> <span class='ocrx_word' id='word_1_124' title='bbox 1705 1696 1981 1769; x_wconf 82' lang='lat' dir='ltr'>dynastias</span> <span class='ocrx_word' id='word_1_125' title='bbox 1999 1715 2091 1750; x_wconf 89' lang='lat' dir='ltr'>re-</span> 
     </span>
     <span class='ocr_line' id='line_1_18' title="bbox 550 1776 2089 1861; baseline -0.005 -18"><span class='ocrx_word' id='word_1_126' title='bbox 550 1807 685 1861; x_wconf 84' lang='lat' dir='ltr'>gum</span> <span class='ocrx_word' id='word_1_127' title='bbox 712 1776 1237 1856; x_wconf 63' lang='lat' dir='ltr'>mortalium3&#39;libm</span> <span class='ocrx_word' id='word_1_128' title='bbox 1271 1782 1518 1838; x_wconf 88' lang='lat' dir='ltr'>secundo</span> <span class='ocrx_word' id='word_1_129' title='bbox 1546 1782 1980 1837; x_wconf 85' lang='lat' dir='ltr'>continebantur</span> <span class='ocrx_word' id='word_1_130' title='bbox 2002 1799 2089 1836; x_wconf 89' lang='lat' dir='ltr'>se-</span> 
     </span>
     <span class='ocr_line' id='line_1_19' title="bbox 551 1866 2092 1945; baseline -0.004 -16"><span class='ocrx_word' id='word_1_131' title='bbox 551 1885 782 1945; x_wconf 88' lang='lat' dir='ltr'>quentes</span> <span class='ocrx_word' id='word_1_132' title='bbox 800 1872 1059 1945; x_wconf 75' lang='lat' dir='ltr'>dynastiae</span> <span class='ocrx_word' id='word_1_133' title='bbox 1074 1882 1202 1926; x_wconf 89' lang='lat' dir='ltr'>octo</span> <span class='ocrx_word' id='word_1_134' title='bbox 1218 1869 1578 1943; x_wconf 84' lang='lat' dir='ltr'>(XII—XIX</span> <span class='ocrx_word' id='word_1_135' title='bbox 1592 1866 1629 1945; x_wconf 90' lang='lat'>),</span> <span class='ocrx_word' id='word_1_136' title='bbox 1653 1887 1891 1941; x_wconf 89' lang='lat' dir='ltr'>quarum</span> <span class='ocrx_word' id='word_1_137' title='bbox 1909 1870 2092 1941; x_wconf 86' lang='lat' dir='ltr'>prima</span> 
     </span>
     <span class='ocr_line' id='line_1_20' title="bbox 551 1957 2090 2031; baseline -0.001 -18"><span class='ocrx_word' id='word_1_138' title='bbox 551 1959 856 2014; x_wconf 83' lang='lat' dir='ltr'>Sesostride</span> <span class='ocrx_word' id='word_1_139' title='bbox 892 1976 1023 2031; x_wconf 87' lang='lat' dir='ltr'>rege</span> <span class='ocrx_word' id='word_1_140' title='bbox 1060 1957 1422 2011; x_wconf 85' lang='lat' dir='ltr'>celeberrima</span> <span class='ocrx_word' id='word_1_141' title='bbox 1457 1966 1563 2024; x_wconf 88' lang='lat' dir='ltr'>est,</span> <span class='ocrx_word' id='word_1_142' title='bbox 1604 1966 1886 2028; x_wconf 87' lang='lat' dir='ltr'>postrema</span> <span class='ocrx_word' id='word_1_143' title='bbox 1923 1957 2090 2011; x_wconf 90' lang='lat' dir='ltr'>Seso-</span> 
     </span>
    </p>
   </div>
   <div class='ocr_carea' id='block_1_7' title="bbox 534 2040 2092 3250">
    <p class='ocr_par' dir='ltr' id='par_1_7' title="bbox 534 2040 2092 3250">
     <span class='ocr_line' id='line_1_21' title="bbox 547 2040 2092 2114; baseline -0.001 -16"><span class='ocrx_word' id='word_1_144' title='bbox 547 2047 932 2100; x_wconf 81' lang='lat' dir='ltr'>stri-Ramesse</span> <span class='ocrx_word' id='word_1_145' title='bbox 960 2042 1245 2114; x_wconf 81' lang='lat' dir='ltr'>inclaruit3</span> <span class='ocrx_word' id='word_1_146' title='bbox 1274 2043 1515 2114; x_wconf 89' lang='lat' dir='ltr'>reliquas</span> <span class='ocrx_word' id='word_1_147' title='bbox 1531 2040 1790 2095; x_wconf 84' lang='lat' dir='ltr'>undecim</span> <span class='ocrx_word' id='word_1_148' title='bbox 1818 2041 2092 2114; x_wconf 81' lang='lat' dir='ltr'>dynastias</span> 
     </span>
     <span class='ocr_line' id='line_1_22' title="bbox 548 2127 2088 2203; baseline -0.001 -18"><span class='ocrx_word' id='word_1_149' title='bbox 548 2133 633 2186; x_wconf 85' lang='lat' dir='ltr'>vel</span> <span class='ocrx_word' id='word_1_150' title='bbox 665 2131 967 2186; x_wconf 86' lang='lat' dir='ltr'>duodecim</span> <span class='ocrx_word' id='word_1_151' title='bbox 1000 2128 1383 2203; x_wconf 86' lang='lat' dir='ltr'>(XX—XXX</span> <span class='ocrx_word' id='word_1_152' title='bbox 1408 2128 1496 2183; x_wconf 86' lang='lat' dir='ltr'>vel</span> <span class='ocrx_word' id='word_1_153' title='bbox 1525 2127 1759 2201; x_wconf 88' lang='lat' dir='ltr'>XXXI)</span> <span class='ocrx_word' id='word_1_154' title='bbox 1798 2146 1974 2200; x_wconf 89' lang='lat' dir='ltr'>usque</span> <span class='ocrx_word' id='word_1_155' title='bbox 2017 2129 2088 2183; x_wconf 87' lang='lat' dir='ltr'>ad</span> 
     </span>
     <span class='ocr_line' id='line_1_23' title="bbox 546 2217 2086 2294; baseline 0.001 -19"><span class='ocrx_word' id='word_1_156' title='bbox 546 2232 891 2294; x_wconf 85' lang='lat' dir='ltr'>postremum</span> <span class='ocrx_word' id='word_1_157' title='bbox 909 2236 1097 2292; x_wconf 86' lang='lat' dir='ltr'>regem</span> <span class='ocrx_word' id='word_1_158' title='bbox 1121 2219 1445 2292; x_wconf 81' lang='lat' dir='ltr'>AEgyptium</span> <span class='ocrx_word' id='word_1_159' title='bbox 1459 2218 1548 2272; x_wconf 86' lang='lat' dir='ltr'>vel</span> <span class='ocrx_word' id='word_1_160' title='bbox 1566 2234 1742 2290; x_wconf 88' lang='lat' dir='ltr'>usque</span> <span class='ocrx_word' id='word_1_161' title='bbox 1762 2217 1835 2273; x_wconf 85' lang='lat' dir='ltr'>ad</span> <span class='ocrx_word' id='word_1_162' title='bbox 1850 2218 2086 2276; x_wconf 66' lang='lat' dir='ltr'>Alexan·</span> 
     </span>
     <span class='ocr_line' id='line_1_24' title="bbox 547 2303 2089 2379; baseline 0.001 -17"><span class='ocrx_word' id='word_1_163' title='bbox 547 2308 634 2363; x_wconf 91' lang='lat' dir='ltr'>dri</span> <span class='ocrx_word' id='word_1_164' title='bbox 652 2308 1093 2363; x_wconf 78' lang='lat' dir='ltr'>dominationem</span> <span class='ocrx_word' id='word_1_165' title='bbox 1107 2305 1405 2360; x_wconf 82' lang='lat' dir='ltr'>exhibebat</span> <span class='ocrx_word' id='word_1_166' title='bbox 1422 2304 1567 2359; x_wconf 86' lang='lat' dir='ltr'>liber</span> <span class='ocrx_word' id='word_1_167' title='bbox 1582 2305 1775 2361; x_wconf 73' lang='lat' dir='ltr'>tertius</span> <span class='ocrx_word' id='word_1_168' title='bbox 1788 2303 1847 2379; x_wconf 69' lang='grc' dir='ltr'>(Ἴ</span> <span class='ocrx_word' id='word_1_169' title='bbox 1858 2350 1871 2363; x_wconf 92' lang='grc'><strong>.</strong></span> <span class='ocrx_word' id='word_1_170' title='bbox 1890 2307 2003 2362; x_wconf 90' lang='lat' dir='ltr'>Sed</span> <span class='ocrx_word' id='word_1_171' title='bbox 2014 2307 2089 2364; x_wconf 89' lang='lat' dir='ltr'>de</span> 
     </span>
     <span class='ocr_line' id='line_1_25' title="bbox 545 2391 2088 2469; baseline -0.003 -18"><span class='ocrx_word' id='word_1_172' title='bbox 545 2396 630 2451; x_wconf 91' lang='lat' dir='ltr'>his</span> <span class='ocrx_word' id='word_1_173' title='bbox 650 2406 946 2469; x_wconf 86' lang='lat' dir='ltr'>antequam</span> <span class='ocrx_word' id='word_1_174' title='bbox 968 2394 1274 2450; x_wconf 71' lang='lat' dir='ltr'>accuratius</span> <span class='ocrx_word' id='word_1_175' title='bbox 1293 2402 1662 2467; x_wconf 70' lang='lat' dir='ltr'>exponamus,</span> <span class='ocrx_word' id='word_1_176' title='bbox 1683 2391 1989 2447; x_wconf 81' lang='lat' dir='ltr'>videndum</span> <span class='ocrx_word' id='word_1_177' title='bbox 2010 2404 2088 2448; x_wconf 90' lang='lat' dir='ltr'>est</span> 
     </span>
     <span class='ocr_line' id='line_1_26' title="bbox 544 2476 2088 2557; baseline -0.002 -19"><span class='ocrx_word' id='word_1_178' title='bbox 544 2483 617 2539; x_wconf 88' lang='lat' dir='ltr'>de</span> <span class='ocrx_word' id='word_1_179' title='bbox 633 2502 804 2557; x_wconf 85' lang='lat' dir='ltr'>opere</span> <span class='ocrx_word' id='word_1_180' title='bbox 827 2482 984 2556; x_wconf 90' lang='lat' dir='ltr'>quod</span> <span class='ocrx_word' id='word_1_181' title='bbox 998 2478 1184 2543; x_wconf 74' lang='grc' dir='ltr'>Βίὸλος</span> <span class='ocrx_word' id='word_1_182' title='bbox 1200 2476 1397 2544; x_wconf 79' lang='grc' dir='ltr'>Σώθεος</span> <span class='ocrx_word' id='word_1_183' title='bbox 1419 2479 1841 2534; x_wconf 85' lang='lat' dir='ltr'>inscribebatur.</span> <span class='ocrx_word' id='word_1_184' title='bbox 1865 2483 1999 2551; x_wconf 85' lang='lat' dir='ltr'>Quae</span> <span class='ocrx_word' id='word_1_185' title='bbox 2016 2480 2088 2535; x_wconf 89' lang='lat' dir='ltr'>de</span> 
     </span>
     <span class='ocr_line' id='line_1_27' title="bbox 534 2566 2088 2642; baseline -0.001 -17"><span class='ocrx_word' id='word_1_186' title='bbox 534 2589 613 2625; x_wconf 87' lang='lat' dir='ltr'>-eo</span> <span class='ocrx_word' id='word_1_187' title='bbox 643 2567 930 2642; x_wconf 69' lang='lat' dir='ltr'>comperta</span> <span class='ocrx_word' id='word_1_188' title='bbox 955 2568 1243 2636; x_wconf 76' lang='lat' dir='ltr'>habemuS,</span> <span class='ocrx_word' id='word_1_189' title='bbox 1292 2568 1392 2621; x_wconf 87' lang='lat' dir='ltr'>uni</span> <span class='ocrx_word' id='word_1_190' title='bbox 1424 2566 1692 2622; x_wconf 89' lang='lat' dir='ltr'>debemus</span> <span class='ocrx_word' id='word_1_191' title='bbox 1730 2567 2005 2639; x_wconf 79' lang='lat' dir='ltr'>Syncello.</span> <span class='ocrx_word' id='word_1_192' title='bbox 2035 2569 2088 2622; x_wconf 83' lang='lat' dir='ltr'>Is</span> 
     </span>
     <span class='ocr_line' id='line_1_28' title="bbox 545 2652 2087 2730; baseline -0.003 -18"><span class='ocrx_word' id='word_1_193' title='bbox 545 2659 695 2712; x_wconf 89' lang='lat' dir='ltr'>enim</span> <span class='ocrx_word' id='word_1_194' title='bbox 735 2667 1032 2730; x_wconf 85' lang='lat' dir='ltr'>postquam</span> <span class='ocrx_word' id='word_1_195' title='bbox 1071 2653 1142 2709; x_wconf 89' lang='lat' dir='ltr'>de</span> <span class='ocrx_word' id='word_1_196' title='bbox 1167 2655 1355 2709; x_wconf 89' lang='lat' dir='ltr'>Berosi</span> <span class='ocrx_word' id='word_1_197' title='bbox 1381 2654 1750 2725; x_wconf 82' lang='lat' dir='ltr'>chronologia</span> <span class='ocrx_word' id='word_1_198' title='bbox 1790 2652 2087 2709; x_wconf 87' lang='lat' dir='ltr'>Chaldaica</span> 
     </span>
     <span class='ocr_line' id='line_1_29' title="bbox 540 2741 2087 2814; baseline -0.001 -18"><span class='ocrx_word' id='word_1_199' title='bbox 540 2744 713 2798; x_wconf 72' lang='lat' dir='ltr'>verba</span> <span class='ocrx_word' id='word_1_200' title='bbox 729 2743 876 2810; x_wconf 86' lang='lat' dir='ltr'>fecit,</span> <span class='ocrx_word' id='word_1_201' title='bbox 896 2742 967 2797; x_wconf 90' lang='lat' dir='ltr'>ad</span> <span class='ocrx_word' id='word_1_202' title='bbox 994 2741 1386 2814; x_wconf 84' lang='lat' dir='ltr'>AEgyptiorum</span> <span class='ocrx_word' id='word_1_203' title='bbox 1409 2751 1662 2814; x_wconf 89' lang='lat' dir='ltr'>tempora</span> <span class='ocrx_word' id='word_1_204' title='bbox 1680 2758 1736 2795; x_wconf 90' lang='lat' dir='ltr'>se</span> <span class='ocrx_word' id='word_1_205' title='bbox 1759 2749 2087 2795; x_wconf 86' lang='lat' dir='ltr'>convertens</span> 
     </span>
     <span class='ocr_line' id='line_1_30' title="bbox 538 2824 1883 2902; baseline 0 -20"><span class='ocrx_word' id='word_1_206' title='bbox 538 2831 723 2902; x_wconf 78' lang='lat' dir='ltr'>pergit</span> <span class='ocrx_word' id='word_1_207' title='bbox 742 2829 893 2882; x_wconf 89' lang='lat' dir='ltr'>hunc</span> <span class='ocrx_word' id='word_1_208' title='bbox 922 2828 980 2881; x_wconf 91' lang='lat' dir='ltr'>in</span> <span class='ocrx_word' id='word_1_209' title='bbox 998 2826 1231 2881; x_wconf 90' lang='lat' dir='ltr'>modum</span> <span class='ocrx_word' id='word_1_210' title='bbox 1259 2845 1318 2899; x_wconf 91' lang='lat' dir='ltr'>p.</span> <span class='ocrx_word' id='word_1_211' title='bbox 1349 2832 1454 2892; x_wconf 84' lang='lat'>40,</span> <span class='ocrx_word' id='word_1_212' title='bbox 1482 2829 1533 2881; x_wconf 81' lang='lat' dir='ltr'><strong>A</strong></span> <span class='ocrx_word' id='word_1_213' title='bbox 1559 2846 1575 2882; x_wconf 76' lang='lat' dir='ltr'>t</span> <span class='ocrx_word' id='word_1_214' title='bbox 1848 2824 1883 2856; x_wconf 64' lang='lat'>²</span> 
     </span>
     <span class='ocr_line' id='line_1_31' title="bbox 623 2908 2084 2990; baseline -0.002 -18"><span class='ocrx_word' id='word_1_215' title='bbox 623 2912 907 2990; x_wconf 88' lang='grc' dir='ltr'>Πρόκειται</span> <span class='ocrx_word' id='word_1_216' title='bbox 946 2908 1002 2967; x_wconf 79' lang='grc' dir='ltr'>δὲ</span> <span class='ocrx_word' id='word_1_217' title='bbox 1041 2908 1220 2966; x_wconf 78' lang='grc' dir='ltr'>λοιπὸν</span> <span class='ocrx_word' id='word_1_218' title='bbox 1253 2910 1341 2967; x_wconf 83' lang='grc' dir='ltr'>καὶ</span> <span class='ocrx_word' id='word_1_219' title='bbox 1368 2909 1485 2986; x_wconf 82' lang='grc' dir='ltr'>περὶ</span> <span class='ocrx_word' id='word_1_220' title='bbox 1515 2915 1603 2979; x_wconf 77' lang='grc' dir='ltr'>τῆς</span> <span class='ocrx_word' id='word_1_221' title='bbox 1647 2913 1749 2967; x_wconf 85' lang='grc' dir='ltr'>τῶν</span> <span class='ocrx_word' id='word_1_222' title='bbox 1789 2911 2084 2988; x_wconf 75' lang='grc' dir='ltr'>Αἰγυπτίων</span> 
     </span>
     <span class='ocr_line' id='line_1_32' title="bbox 536 2994 2085 3074; baseline 0.001 -18"><span class='ocrx_word' id='word_1_223' title='bbox 536 2997 840 3063; x_wconf 77' lang='grc' dir='ltr'>δυναστείας</span> <span class='ocrx_word' id='word_1_224' title='bbox 881 2995 1041 3074; x_wconf 73' lang='grc' dir='ltr'>μικρὰ</span> <span class='ocrx_word' id='word_1_225' title='bbox 1078 2994 1343 3053; x_wconf 65' lang='grc' dir='ltr'>διαλαθεῖν</span> <span class='ocrx_word' id='word_1_226' title='bbox 1376 2997 1433 3052; x_wconf 79' lang='grc' dir='ltr'>ἐκ</span> <span class='ocrx_word' id='word_1_227' title='bbox 1462 2999 1564 3054; x_wconf 89' lang='grc' dir='ltr'>τῶν</span> <span class='ocrx_word' id='word_1_228' title='bbox 1595 3001 1819 3057; x_wconf 86' lang='grc' dir='ltr'>Μανεθῶ</span> <span class='ocrx_word' id='word_1_229' title='bbox 1858 3004 1947 3056; x_wconf 77' lang='grc' dir='ltr'>τοῦ</span> <span class='ocrx_word' id='word_1_230' title='bbox 1985 3002 2085 3059; x_wconf 84' lang='grc' dir='ltr'>Σε-</span> 
     </span>
     <span class='ocr_line' id='line_1_33' title="bbox 538 3081 2085 3165; baseline 0 -22"><span class='ocrx_word' id='word_1_231' title='bbox 538 3084 807 3156; x_wconf 74' lang='grc' dir='ltr'>ὄεννύτου,</span> <span class='ocrx_word' id='word_1_232' title='bbox 831 3084 883 3149; x_wconf 88' lang='grc' dir='ltr'>ὃς</span> <span class='ocrx_word' id='word_1_233' title='bbox 926 3084 1010 3141; x_wconf 75' lang='grc' dir='ltr'>ἐπὶ</span> <span class='ocrx_word' id='word_1_234' title='bbox 1038 3081 1368 3157; x_wconf 84' lang='grc' dir='ltr'>Πτολεμαίου</span> <span class='ocrx_word' id='word_1_235' title='bbox 1395 3088 1484 3139; x_wconf 80' lang='grc' dir='ltr'>τοῦ</span> <span class='ocrx_word' id='word_1_236' title='bbox 1525 3082 1858 3161; x_wconf 78' lang='grc' dir='ltr'>Φιλαδέλφου</span> <span class='ocrx_word' id='word_1_237' title='bbox 1900 3087 2085 3165; x_wconf 82' lang='grc' dir='ltr'>ἀρχιε-</span> 
     </span>
     <span class='ocr_line' id='line_1_34' title="bbox 540 3168 2085 3250; baseline 0 -20"><span class='ocrx_word' id='word_1_238' title='bbox 540 3172 657 3250; x_wconf 81' lang='grc' dir='ltr'>ρεὺς</span> <span class='ocrx_word' id='word_1_239' title='bbox 694 3175 798 3230; x_wconf 89' lang='grc' dir='ltr'>τῶν</span> <span class='ocrx_word' id='word_1_240' title='bbox 842 3172 894 3228; x_wconf 78' lang='grc' dir='ltr'>ἐν</span> <span class='ocrx_word' id='word_1_241' title='bbox 942 3170 1191 3248; x_wconf 80' lang='grc' dir='ltr'>Αἰγύπτῳ</span> <span class='ocrx_word' id='word_1_242' title='bbox 1231 3168 1501 3226; x_wconf 86' lang='grc' dir='ltr'>εἰδωλείων</span> <span class='ocrx_word' id='word_1_243' title='bbox 1542 3168 1870 3248; x_wconf 85' lang='grc' dir='ltr'>χρηματίσας</span> <span class='ocrx_word' id='word_1_244' title='bbox 1899 3174 1957 3229; x_wconf 80' lang='grc' dir='ltr'>ἐκ</span> <span class='ocrx_word' id='word_1_245' title='bbox 1983 3177 2085 3231; x_wconf 89' lang='grc' dir='ltr'>τῶν</span> 
     </span>
    </p>
   </div>
   <div class='ocr_carea' id='block_1_8' title="bbox 537 3253 2086 3338">
    <p class='ocr_par' dir='ltr' id='par_1_8' title="bbox 537 3253 2086 3338">
     <span class='ocr_line' id='line_1_35' title="bbox 537 3253 2086 3338; baseline -0.001 -20"><span class='ocrx_word' id='word_1_246' title='bbox 537 3262 593 3317; x_wconf 69' lang='grc' dir='ltr'>ἒν</span> <span class='ocrx_word' id='word_1_247' title='bbox 622 3263 687 3338; x_wconf 85' lang='grc' dir='ltr'>τῇ</span> <span class='ocrx_word' id='word_1_248' title='bbox 718 3257 1007 3337; x_wconf 83' lang='grc' dir='ltr'>Σηριαδικῇ</span> <span class='ocrx_word' id='word_1_249' title='bbox 1039 3260 1107 3334; x_wconf 78' lang='grc' dir='ltr'>γῇ</span> <span class='ocrx_word' id='word_1_250' title='bbox 1134 3253 1384 3331; x_wconf 79' lang='grc' dir='ltr'>κειμένων</span> <span class='ocrx_word' id='word_1_251' title='bbox 1421 3257 1622 3325; x_wconf 83' lang='grc' dir='ltr'>στηλῶν</span> <span class='ocrx_word' id='word_1_252' title='bbox 1659 3259 1773 3337; x_wconf 75' lang='grc' dir='ltr'>ἱερᾷ</span> <span class='ocrx_word' id='word_1_253' title='bbox 1814 3280 1940 3338; x_wconf 89' lang='grc' dir='ltr'>φησι</span> <span class='ocrx_word' id='word_1_254' title='bbox 1970 3261 2086 3318; x_wconf 88' lang='grc' dir='ltr'>δια-</span> 
     </span>
    </p>
   </div>
   <div class='ocr_carea' id='block_1_9' title="bbox 524 3341 2083 4844">
    <p class='ocr_par' dir='ltr' id='par_1_9' title="bbox 533 3341 2083 4195">
     <span class='ocr_line' id='line_1_36' title="bbox 539 3341 2083 3424; baseline -0.001 -20"><span class='ocrx_word' id='word_1_255' title='bbox 539 3346 707 3424; x_wconf 81' lang='grc' dir='ltr'>λέκτῳ</span> <span class='ocrx_word' id='word_1_256' title='bbox 730 3345 820 3403; x_wconf 74' lang='grc' dir='ltr'>καὶ</span> <span class='ocrx_word' id='word_1_257' title='bbox 838 3348 1213 3423; x_wconf 84' lang='grc' dir='ltr'>ἱερογραφικοῖς</span> <span class='ocrx_word' id='word_1_258' title='bbox 1230 3341 1507 3422; x_wconf 83' lang='grc' dir='ltr'>γράμμασι</span> <span class='ocrx_word' id='word_1_259' title='bbox 1528 3345 2083 3424; x_wconf 83' lang='grc' dir='ltr'>κεχαρακτηρισμένων</span> 
     </span>
     <span class='ocr_line' id='line_1_37' title="bbox 540 3430 2083 3511; baseline 0 -20"><span class='ocrx_word' id='word_1_260' title='bbox 540 3433 640 3492; x_wconf 76' lang='grc' dir='ltr'>ὑπὸ</span> <span class='ocrx_word' id='word_1_261' title='bbox 661 3437 786 3495; x_wconf 83' lang='grc' dir='ltr'>Θῶθ</span> <span class='ocrx_word' id='word_1_262' title='bbox 813 3438 903 3490; x_wconf 79' lang='grc' dir='ltr'>τοῦ</span> <span class='ocrx_word' id='word_1_263' title='bbox 929 3430 1134 3510; x_wconf 85' lang='grc' dir='ltr'>πρώτου</span> <span class='ocrx_word' id='word_1_264' title='bbox 1153 3430 1356 3510; x_wconf 77' lang='grc' dir='ltr'>Ἑρμοῦ</span> <span class='ocrx_word' id='word_1_265' title='bbox 1372 3475 1390 3504; x_wconf 85' lang='grc'><em>,</em></span> <span class='ocrx_word' id='word_1_266' title='bbox 1415 3431 1504 3488; x_wconf 70' lang='grc' dir='ltr'>καὶ</span> <span class='ocrx_word' id='word_1_267' title='bbox 1527 3434 1928 3511; x_wconf 76' lang='grc' dir='ltr'>ἑρμηνευθεισῶν</span> <span class='ocrx_word' id='word_1_268' title='bbox 1950 3434 2083 3511; x_wconf 78' lang='grc' dir='ltr'>μετὰ</span> 
     </span>
     <span class='ocr_line' id='line_1_38' title="bbox 538 3517 2082 3597; baseline 0.001 -19"><span class='ocrx_word' id='word_1_269' title='bbox 538 3521 625 3578; x_wconf 79' lang='grc' dir='ltr'>τὸν</span> <span class='ocrx_word' id='word_1_270' title='bbox 658 3517 1025 3594; x_wconf 84' lang='grc' dir='ltr'>κατακλυσμὸν</span> <span class='ocrx_word' id='word_1_271' title='bbox 1055 3521 1114 3577; x_wconf 78' lang='grc' dir='ltr'>ἐκ</span> <span class='ocrx_word' id='word_1_272' title='bbox 1140 3522 1231 3589; x_wconf 74' lang='grc' dir='ltr'>τῆς</span> <span class='ocrx_word' id='word_1_273' title='bbox 1268 3520 1407 3597; x_wconf 80' lang='grc' dir='ltr'>ἱερᾶς</span> <span class='ocrx_word' id='word_1_274' title='bbox 1434 3517 1701 3576; x_wconf 79' lang='grc' dir='ltr'>διαλέκτου</span> <span class='ocrx_word' id='word_1_275' title='bbox 1729 3521 1798 3584; x_wconf 88' lang='grc' dir='ltr'>εἰς</span> <span class='ocrx_word' id='word_1_276' title='bbox 1826 3518 1920 3591; x_wconf 78' lang='grc' dir='ltr'>τὴν</span> <span class='ocrx_word' id='word_1_277' title='bbox 1957 3520 2082 3582; x_wconf 85' lang='grc' dir='ltr'>Ἔλ-</span> 
     </span>
     <span class='ocr_line' id='line_1_39' title="bbox 537 3603 2080 3685; baseline 0.002 -21"><span class='ocrx_word' id='word_1_278' title='bbox 537 3606 722 3678; x_wconf 80' lang='grc' dir='ltr'>ληνίδα</span> <span class='ocrx_word' id='word_1_279' title='bbox 768 3605 940 3684; x_wconf 81' lang='grc' dir='ltr'>φωνὴν</span> <span class='ocrx_word' id='word_1_280' title='bbox 968 3607 1078 3682; x_wconf 87' lang='grc' dir='ltr'>(εἰς</span> <span class='ocrx_word' id='word_1_281' title='bbox 1104 3605 1198 3676; x_wconf 73' lang='grc' dir='ltr'>τὴν</span> <span class='ocrx_word' id='word_1_282' title='bbox 1238 3607 1410 3674; x_wconf 76' lang='grc' dir='ltr'>κοινὴν</span> <span class='ocrx_word' id='word_1_283' title='bbox 1451 3603 1623 3684; x_wconf 79' lang='grc' dir='ltr'>φωνὴν</span> <span class='ocrx_word' id='word_1_284' title='bbox 1653 3627 1697 3665; x_wconf 78' lang='lat' dir='ltr'>S.</span> <span class='ocrx_word' id='word_1_285' title='bbox 1750 3606 2080 3685; x_wconf 68' lang='grc' dir='ltr'>διάλεκτονῖ)</span> 
     </span>
     <span class='ocr_line' id='line_1_40' title="bbox 536 3691 2081 3772; baseline -0.001 -21"><span class='ocrx_word' id='word_1_286' title='bbox 536 3694 840 3772; x_wconf 83' lang='grc' dir='ltr'>γράμμασιν</span> <span class='ocrx_word' id='word_1_287' title='bbox 879 3691 1263 3771; x_wconf 82' lang='grc' dir='ltr'>ἱερογλυφικοῖς,</span> <span class='ocrx_word' id='word_1_288' title='bbox 1297 3691 1385 3748; x_wconf 84' lang='grc' dir='ltr'>καὶ</span> <span class='ocrx_word' id='word_1_289' title='bbox 1416 3692 1757 3751; x_wconf 80' lang='grc' dir='ltr'>ἀποτεθεισῶν</span> <span class='ocrx_word' id='word_1_290' title='bbox 1794 3694 1858 3749; x_wconf 78' lang='grc' dir='ltr'>ἐν’</span> <span class='ocrx_word' id='word_1_291' title='bbox 1882 3691 2081 3769; x_wconf 76' lang='grc' dir='ltr'>βίὸλοις</span> 
     </span>
     <span class='ocr_line' id='line_1_41' title="bbox 538 3776 2079 3859; baseline -0.001 -21"><span class='ocrx_word' id='word_1_292' title='bbox 538 3781 639 3839; x_wconf 82' lang='grc' dir='ltr'>ὑπὸ</span> <span class='ocrx_word' id='word_1_293' title='bbox 685 3786 775 3838; x_wconf 77' lang='grc' dir='ltr'>τοῦ</span> <span class='ocrx_word' id='word_1_294' title='bbox 816 3778 1246 3856; x_wconf 83' lang='grc' dir='ltr'>Ἀγαθοδαίμονος</span> <span class='ocrx_word' id='word_1_295' title='bbox 1285 3781 1397 3836; x_wconf 80' lang='grc' dir='ltr'>υἱοῦ</span> <span class='ocrx_word' id='word_1_296' title='bbox 1437 3783 1529 3836; x_wconf 77' lang='grc' dir='ltr'>τοῦ</span> <span class='ocrx_word' id='word_1_297' title='bbox 1576 3776 1810 3857; x_wconf 79' lang='grc' dir='ltr'>δευτέρου</span> <span class='ocrx_word' id='word_1_298' title='bbox 1853 3779 2079 3859; x_wconf 73' lang='grc' dir='ltr'>Ἑρμοῦ,</span> 
     </span>
     <span class='ocr_line' id='line_1_42' title="bbox 534 3864 2079 3948; baseline -0.002 -22"><span class='ocrx_word' id='word_1_299' title='bbox 534 3869 729 3948; x_wconf 85' lang='grc' dir='ltr'>πατρὸς</span> <span class='ocrx_word' id='word_1_300' title='bbox 746 3868 800 3925; x_wconf 83' lang='grc' dir='ltr'>δὲ</span> <span class='ocrx_word' id='word_1_301' title='bbox 819 3872 911 3925; x_wconf 74' lang='grc' dir='ltr'>τοῦ</span> <span class='ocrx_word' id='word_1_302' title='bbox 924 3866 1047 3929; x_wconf 62' lang='lat' dir='ltr'>Tan</span> <span class='ocrx_word' id='word_1_303' title='bbox 1071 3868 1123 3924; x_wconf 80' lang='grc' dir='ltr'>ἐν</span> <span class='ocrx_word' id='word_1_304' title='bbox 1142 3869 1245 3931; x_wconf 82' lang='grc' dir='ltr'>τοῖς</span> <span class='ocrx_word' id='word_1_305' title='bbox 1264 3864 1462 3932; x_wconf 80' lang='grc' dir='ltr'>ἀδύτοις</span> <span class='ocrx_word' id='word_1_306' title='bbox 1486 3868 1586 3922; x_wconf 89' lang='grc' dir='ltr'>τῶν</span> <span class='ocrx_word' id='word_1_307' title='bbox 1610 3867 1760 3943; x_wconf 87' lang='grc' dir='ltr'>ἱερῶν</span> <span class='ocrx_word' id='word_1_308' title='bbox 1780 3864 2048 3944; x_wconf 76' lang='grc' dir='ltr'>Αἰγύπτου</span> <span class='ocrx_word' id='word_1_309' title='bbox 2063 3912 2079 3944; x_wconf 82' lang='lat'>,</span> 
     </span>
     <span class='ocr_line' id='line_1_43' title="bbox 535 3951 2079 4034; baseline -0.001 -22"><span class='ocrx_word' id='word_1_310' title='bbox 535 3954 902 4034; x_wconf 82' lang='grc' dir='ltr'>προσεφώνησε</span> <span class='ocrx_word' id='word_1_311' title='bbox 946 3957 1021 4032; x_wconf 76' lang='grc' dir='ltr'>τῷ</span> <span class='ocrx_word' id='word_1_312' title='bbox 1061 3954 1201 4031; x_wconf 83' lang='grc' dir='ltr'>αὐτῷ</span> <span class='ocrx_word' id='word_1_313' title='bbox 1243 3951 1563 4031; x_wconf 79' lang='grc' dir='ltr'>Φιλαδέλφῳ</span> <span class='ocrx_word' id='word_1_314' title='bbox 1609 3953 1811 4029; x_wconf 84' lang='grc' dir='ltr'>βασιλεῖ</span> <span class='ocrx_word' id='word_1_315' title='bbox 1859 3953 2079 4031; x_wconf 81' lang='grc' dir='ltr'>δευτέρῳ</span> 
     </span>
     <span class='ocr_line' id='line_1_44' title="bbox 537 4035 2078 4121; baseline -0.003 -21"><span class='ocrx_word' id='word_1_316' title='bbox 537 4042 851 4121; x_wconf 76' lang='grc' dir='ltr'>Πτολεμαίῳ</span> <span class='ocrx_word' id='word_1_317' title='bbox 873 4044 927 4100; x_wconf 77' lang='grc' dir='ltr'>ἐν</span> <span class='ocrx_word' id='word_1_318' title='bbox 958 4045 1024 4119; x_wconf 80' lang='grc' dir='ltr'>τῇ</span> <span class='ocrx_word' id='word_1_319' title='bbox 1055 4038 1274 4119; x_wconf 78' lang='grc' dir='ltr'>Βίὸλῳ</span> <span class='ocrx_word' id='word_1_320' title='bbox 1318 4038 1424 4109; x_wconf 71' lang='grc' dir='ltr'>τῆς</span> <span class='ocrx_word' id='word_1_321' title='bbox 1456 4036 1710 4102; x_wconf 83' lang='grc' dir='ltr'>Σώθεος</span> <span class='ocrx_word' id='word_1_322' title='bbox 1749 4035 1961 4116; x_wconf 76' lang='grc' dir='ltr'>γράφων</span> <span class='ocrx_word' id='word_1_323' title='bbox 1993 4040 2078 4096; x_wconf 78' lang='grc' dir='ltr'>ἐπὶ</span> 
     </span>
     <span class='ocr_line' id='line_1_45' title="bbox 533 4127 932 4195; baseline 0.005 -11"><span class='ocrx_word' id='word_1_324' title='bbox 533 4127 714 4195; x_wconf 81' lang='grc' dir='ltr'>λέξεως</span> <span class='ocrx_word' id='word_1_325' title='bbox 740 4128 899 4194; x_wconf 75' lang='grc' dir='ltr'>οὕτως</span> <span class='ocrx_word' id='word_1_326' title='bbox 918 4147 932 4160; x_wconf 88' lang='grc'><em>·</em></span> 
     </span>
    </p>

    <p class='ocr_par' dir='ltr' id='par_1_10' title="bbox 532 4207 2077 4375">
     <span class='ocr_line' id='line_1_46' title="bbox 612 4207 2077 4290; baseline -0.001 -19"><span class='ocrx_word' id='word_1_327' title='bbox 612 4211 974 4283; x_wconf 80' lang='grc' dir='ltr'>Ἐπιστολὴ</span> <span class='ocrx_word' id='word_1_328' title='bbox 1017 4215 1292 4271; x_wconf 87' lang='grc' dir='ltr'>Μανεθῶ</span> <span class='ocrx_word' id='word_1_329' title='bbox 1335 4213 1448 4268; x_wconf 76' lang='grc' dir='ltr'>τοῦ</span> <span class='ocrx_word' id='word_1_330' title='bbox 1490 4207 1883 4268; x_wconf 75' lang='grc' dir='ltr'>Σεὸεννύτου</span> <span class='ocrx_word' id='word_1_331' title='bbox 1922 4211 2077 4290; x_wconf 77' lang='grc' dir='ltr'>πρὸς</span> 
     </span>
     <span class='ocr_line' id='line_1_47' title="bbox 532 4296 1578 4375; baseline -0.006 -15"><span class='ocrx_word' id='word_1_332' title='bbox 532 4303 965 4374; x_wconf 83' lang='grc' dir='ltr'>Πτολεμαῖον</span> <span class='ocrx_word' id='word_1_333' title='bbox 994 4296 1100 4356; x_wconf 77' lang='grc' dir='ltr'>τὸν</span> <span class='ocrx_word' id='word_1_334' title='bbox 1127 4296 1578 4375; x_wconf 79' lang='grc' dir='ltr'>Φιλάδελφον.</span> 
     </span>
    </p>

    <p class='ocr_par' dir='ltr' id='par_1_11' title="bbox 524 4381 2072 4721">
     <span class='ocr_line' id='line_1_48' title="bbox 609 4381 2072 4464; baseline 0.001 -24"><span class='ocrx_word' id='word_1_335' title='bbox 609 4413 632 4440; x_wconf 72' lang='grc' dir='ltr'>ι</span> <span class='ocrx_word' id='word_1_336' title='bbox 658 4389 878 4446; x_wconf 87' lang='grc' dir='ltr'>Βασιλεῖ</span> <span class='ocrx_word' id='word_1_337' title='bbox 908 4385 1121 4463; x_wconf 78' lang='grc' dir='ltr'>μεγάλῳ</span> <span class='ocrx_word' id='word_1_338' title='bbox 1144 4383 1459 4462; x_wconf 83' lang='grc' dir='ltr'>Πτολεμαίῳ</span> <span class='ocrx_word' id='word_1_339' title='bbox 1486 4381 1806 4462; x_wconf 76' lang='grc' dir='ltr'>Φιλαδέλφῳ</span> <span class='ocrx_word' id='word_1_340' title='bbox 1834 4383 2072 4464; x_wconf 52' lang='lat' dir='ltr'>caenon}</span> 
     </span>
     <span class='ocr_line' id='line_1_49' title="bbox 528 4467 2070 4553; baseline -0.005 -21"><span class='ocrx_word' id='word_1_341' title='bbox 528 4476 753 4532; x_wconf 86' lang='grc' dir='ltr'>Μανεθῶ</span> <span class='ocrx_word' id='word_1_342' title='bbox 776 4470 1043 4553; x_wconf 72' lang='grc' dir='ltr'>ἀρχιερεὺς</span> <span class='ocrx_word' id='word_1_343' title='bbox 1068 4470 1158 4529; x_wconf 76' lang='grc' dir='ltr'>καὶ</span> <span class='ocrx_word' id='word_1_344' title='bbox 1184 4468 1521 4546; x_wconf 80' lang='grc' dir='ltr'>γραμματεὺς</span> <span class='ocrx_word' id='word_1_345' title='bbox 1539 4471 1641 4525; x_wconf 84' lang='grc' dir='ltr'>τῶν</span> <span class='ocrx_word' id='word_1_346' title='bbox 1666 4472 1780 4526; x_wconf 82' lang='grc' dir='ltr'>κατ’</span> <span class='ocrx_word' id='word_1_347' title='bbox 1806 4467 2070 4545; x_wconf 74' lang='grc' dir='ltr'>Αἴγυπτον</span> 
     </span>
     <span class='ocr_line' id='line_1_50' title="bbox 524 4554 2072 4636; baseline -0.002 -19"><span class='ocrx_word' id='word_1_348' title='bbox 524 4561 675 4635; x_wconf 84' lang='grc' dir='ltr'>ἱερῶν</span> <span class='ocrx_word' id='word_1_349' title='bbox 713 4560 934 4635; x_wconf 81' lang='grc' dir='ltr'>ἀδύτων,</span> <span class='ocrx_word' id='word_1_350' title='bbox 962 4556 1098 4636; x_wconf 81' lang='grc' dir='ltr'>γένει</span> <span class='ocrx_word' id='word_1_351' title='bbox 1140 4555 1456 4626; x_wconf 74' lang='grc' dir='ltr'>Σεὸεννύτης</span> <span class='ocrx_word' id='word_1_352' title='bbox 1500 4554 1744 4634; x_wconf 80' lang='grc' dir='ltr'>ὑπάρχων</span> <span class='ocrx_word' id='word_1_353' title='bbox 1788 4554 2072 4614; x_wconf 84' lang='grc' dir='ltr'>Ἡλιουπο-</span> 
     </span>
     <span class='ocr_line' id='line_1_51' title="bbox 524 4640 1830 4731; baseline -0.004 -28"><span class='ocrx_word' id='word_1_354' title='bbox 524 4645 667 4716; x_wconf 83' lang='grc' dir='ltr'>λίτης</span> <span class='ocrx_word' id='word_1_355' title='bbox 686 4689 702 4719; x_wconf 86' lang='grc'><strong><em>,</em></strong></span> <span class='ocrx_word' id='word_1_356' title='bbox 732 4650 806 4725; x_wconf 83' lang='grc' dir='ltr'>τῷ</span> <span class='ocrx_word' id='word_1_357' title='bbox 834 4645 1058 4724; x_wconf 86' lang='grc' dir='ltr'>δεσπότῃ</span> <span class='ocrx_word' id='word_1_358' title='bbox 1088 4665 1187 4721; x_wconf 88' lang='grc' dir='ltr'>μου</span> <span class='ocrx_word' id='word_1_359' title='bbox 1217 4640 1532 4731; x_wconf 88' lang='grc' dir='ltr'>Πτολεμαίῳ</span> <span class='ocrx_word' id='word_1_360' title='bbox 1555 4641 1830 4721; x_wconf 79' lang='grc' dir='ltr'>χαίρειν.»</span> 
     </span>
    </p>

    <p class='ocr_par' dir='ltr' id='par_1_12' title="bbox 603 4720 2066 4844">
     <span class='ocr_line' id='line_1_52' title="bbox 603 4720 2066 4844; baseline -0.004 -52.721"><span class='ocrx_word' id='word_1_361' title='bbox 603 4730 821 4807; x_wconf 45' lang='lat' dir='ltr'>vuffa&lt;</span> <span class='ocrx_word' id='word_1_362' title='bbox 839 4733 916 4790; x_wconf 87' lang='grc' dir='ltr'>δεῖ</span> <span class='ocrx_word' id='word_1_363' title='bbox 930 4730 1235 4808; x_wconf 84' lang='grc' dir='ltr'>λογίζεσθαι,</span> <span class='ocrx_word' id='word_1_364' title='bbox 1251 4720 1471 4844; x_wconf 79' lang='grc' dir='ltr'>μέγιστε</span> <span class='ocrx_word' id='word_1_365' title='bbox 1478 4729 1712 4807; x_wconf 85' lang='grc' dir='ltr'>βασιλευ,</span> <span class='ocrx_word' id='word_1_366' title='bbox 1727 4727 1846 4807; x_wconf 66' lang='grc' dir='ltr'>περὶ</span> <span class='ocrx_word' id='word_1_367' title='bbox 1859 4728 2066 4786; x_wconf 82' lang='grc' dir='ltr'>πάντων</span> 
     </span>
    </p>
   </div>
   <div class='ocr_carea' id='block_1_10' title="bbox 582 4899 2065 4964">
    <p class='ocr_par' dir='ltr' id='par_1_13' title="bbox 582 4899 2065 4964">
     <span class='ocr_line' id='line_1_53' title="bbox 582 4899 2065 4964; baseline -0.002 -12"><span class='ocrx_word' id='word_1_368' title='bbox 582 4904 624 4963; x_wconf 85' lang='lat'>(*</span> <span class='ocrx_word' id='word_1_369' title='bbox 624 4904 641 4964; x_wconf 95' lang='lat'>)</span> <span class='ocrx_word' id='word_1_370' title='bbox 665 4903 890 4964; x_wconf 80' lang='lat' dir='ltr'>Dynastia</span> <span class='ocrx_word' id='word_1_371' title='bbox 924 4903 1079 4951; x_wconf 78' lang='lat' dir='ltr'>XXX!</span> <span class='ocrx_word' id='word_1_372' title='bbox 1104 4912 1235 4963; x_wconf 81' lang='lat' dir='ltr'>reges</span> <span class='ocrx_word' id='word_1_373' title='bbox 1256 4904 1513 4949; x_wconf 77' lang='lat' dir='ltr'>Persarum</span> <span class='ocrx_word' id='word_1_374' title='bbox 1540 4899 1814 4961; x_wconf 75' lang='lat' dir='ltr'>recensens,</span> <span class='ocrx_word' id='word_1_375' title='bbox 1833 4912 1944 4961; x_wconf 69' lang='lat' dir='ltr'>quse</span> <span class='ocrx_word' id='word_1_376' title='bbox 1958 4902 2065 4962; x_wconf 81' lang='lat' dir='ltr'>post</span> 
     </span>
    </p>
   </div>
   <div class='ocr_carea' id='block_1_11' title="bbox 520 4968 2064 5100">
    <p class='ocr_par' dir='ltr' id='par_1_14' title="bbox 520 4968 2064 5100">
     <span class='ocr_line' id='line_1_54' title="bbox 520 4968 2060 5033; baseline -0.004 -12"><span class='ocrx_word' id='word_1_377' title='bbox 520 4971 843 5021; x_wconf 84' lang='lat' dir='ltr'>Nectanehum</span> <span class='ocrx_word' id='word_1_378' title='bbox 861 4981 1013 5033; x_wconf 80' lang='lat' dir='ltr'>usque</span> <span class='ocrx_word' id='word_1_379' title='bbox 1045 4970 1107 5020; x_wconf 87' lang='lat' dir='ltr'>ad</span> <span class='ocrx_word' id='word_1_380' title='bbox 1126 4968 1381 5020; x_wconf 74' lang='lat' dir='ltr'>Alexandri</span> <span class='ocrx_word' id='word_1_381' title='bbox 1413 4972 1629 5031; x_wconf 82' lang='lat' dir='ltr'>tempora</span> <span class='ocrx_word' id='word_1_382' title='bbox 1648 4972 1928 5031; x_wconf 76' lang='lat' dir='ltr'>regnarunt,</span> <span class='ocrx_word' id='word_1_383' title='bbox 1949 4982 2060 5030; x_wconf 82' lang='lat' dir='ltr'>pro·</span> 
     </span>
     <span class='ocr_line' id='line_1_55' title="bbox 521 5036 2064 5100; baseline -0.002 -14"><span class='ocrx_word' id='word_1_384' title='bbox 521 5039 737 5088; x_wconf 81' lang='lat' dir='ltr'>habiliter</span> <span class='ocrx_word' id='word_1_385' title='bbox 756 5052 851 5087; x_wconf 83' lang='lat' dir='ltr'>non</span> <span class='ocrx_word' id='word_1_386' title='bbox 873 5039 1050 5100; x_wconf 80' lang='lat' dir='ltr'>abipso</span> <span class='ocrx_word' id='word_1_387' title='bbox 1077 5038 1364 5089; x_wconf 80' lang='lat' dir='ltr'>Manethone</span> <span class='ocrx_word' id='word_1_388' title='bbox 1380 5038 1619 5099; x_wconf 77' lang='lat' dir='ltr'>prosecta,</span> <span class='ocrx_word' id='word_1_389' title='bbox 1657 5036 1740 5086; x_wconf 80' lang='lat' dir='ltr'>sed</span> <span class='ocrx_word' id='word_1_390' title='bbox 1766 5037 1828 5085; x_wconf 82' lang='lat' dir='ltr'>ab</span> <span class='ocrx_word' id='word_1_391' title='bbox 1844 5036 1950 5085; x_wconf 76' lang='lat' dir='ltr'>aliis</span> <span class='ocrx_word' id='word_1_392' title='bbox 1984 5036 2064 5084; x_wconf 88' lang='lat' dir='ltr'>ad·</span> 
     </span>
    </p>
   </div>
   <div class='ocr_carea' id='block_1_12' title="bbox 518 5108 720 5156">
    <p class='ocr_par' dir='ltr' id='par_1_15' title="bbox 518 5108 720 5156">
     <span class='ocr_line' id='line_1_56' title="bbox 518 5108 720 5156; baseline 0.005 -1"><span class='ocrx_word' id='word_1_393' title='bbox 518 5108 616 5156; x_wconf 76' lang='lat' dir='ltr'>dita</span> <span class='ocrx_word' id='word_1_394' title='bbox 635 5111 720 5156; x_wconf 70' lang='lat' dir='ltr'>est.</span> 
     </span>
    </p>
   </div>
   <div class='ocr_carea' id='block_1_13' title="bbox 2164 566 3743 4208">
    <p class='ocr_par' dir='ltr' id='par_1_16' title="bbox 2189 566 3743 978">
     <span class='ocr_line' id='line_1_57' title="bbox 2198 566 3743 655; baseline 0.003 -24"><span class='ocrx_word' id='word_1_395' title='bbox 2198 566 2306 648; x_wconf 86' lang='grc' dir='ltr'>(ουν</span> <span class='ocrx_word' id='word_1_396' title='bbox 2335 576 2494 632; x_wconf 88' lang='lat' dir='ltr'>addit</span> <span class='ocrx_word' id='word_1_397' title='bbox 2517 576 2761 651; x_wconf 76' lang='lat' dir='ltr'>Boeckh.)</span> <span class='ocrx_word' id='word_1_398' title='bbox 2789 598 2868 633; x_wconf 89' lang='grc' dir='ltr'>σοι</span> <span class='ocrx_word' id='word_1_399' title='bbox 2891 597 3010 653; x_wconf 83' lang='grc' dir='ltr'>περι</span> <span class='ocrx_word' id='word_1_400' title='bbox 3031 578 3134 631; x_wconf 87' lang='grc' dir='ltr'>τῶν</span> <span class='ocrx_word' id='word_1_401' title='bbox 3162 575 3467 648; x_wconf 82' lang='grc' dir='ltr'>μελλόντων</span> <span class='ocrx_word' id='word_1_402' title='bbox 3487 580 3563 655; x_wconf 80' lang='grc' dir='ltr'>τῷ</span> <span class='ocrx_word' id='word_1_403' title='bbox 3582 580 3743 655; x_wconf 69' lang='grc' dir='ltr'>κόσμῳ</span> 
     </span>
     <span class='ocr_line' id='line_1_58' title="bbox 2191 658 3740 739; baseline 0.004 -24"><span class='ocrx_word' id='word_1_404' title='bbox 2191 658 2454 735; x_wconf 84' lang='grc' dir='ltr'>γίγνεσθαι</span> <span class='ocrx_word' id='word_1_405' title='bbox 2496 658 2667 725; x_wconf 84' lang='grc' dir='ltr'>καθὼς</span> <span class='ocrx_word' id='word_1_406' title='bbox 2702 660 2975 725; x_wconf 75' lang='grc' dir='ltr'>ἐκέλευσάς</span> <span class='ocrx_word' id='word_1_407' title='bbox 3006 683 3096 735; x_wconf 88' lang='grc' dir='ltr'>μοι</span> <span class='ocrx_word' id='word_1_408' title='bbox 3133 662 3585 739; x_wconf 70' lang='grc' dir='ltr'>παραφανήσεταί</span> <span class='ocrx_word' id='word_1_409' title='bbox 3615 685 3689 720; x_wconf 86' lang='grc' dir='ltr'>σοι</span> <span class='ocrx_word' id='word_1_410' title='bbox 3713 665 3740 721; x_wconf 70' lang='grc' dir='ltr'><strong>ἃ</strong></span> 
     </span>
     <span class='ocr_line' id='line_1_59' title="bbox 2190 745 3740 827; baseline 0.002 -23"><span class='ocrx_word' id='word_1_411' title='bbox 2190 745 2380 820; x_wconf 77' lang='grc' dir='ltr'>ἔμαθον</span> <span class='ocrx_word' id='word_1_412' title='bbox 2425 746 2539 823; x_wconf 73' lang='grc' dir='ltr'>ἱερὰ</span> <span class='ocrx_word' id='word_1_413' title='bbox 2589 745 2768 823; x_wconf 77' lang='grc' dir='ltr'>βιὸλία</span> <span class='ocrx_word' id='word_1_414' title='bbox 2811 746 3076 826; x_wconf 82' lang='grc' dir='ltr'>γραφέντα</span> <span class='ocrx_word' id='word_1_415' title='bbox 3133 748 3236 805; x_wconf 77' lang='grc' dir='ltr'>ὑπὸ</span> <span class='ocrx_word' id='word_1_416' title='bbox 3281 753 3378 806; x_wconf 76' lang='grc' dir='ltr'>τοῦ</span> <span class='ocrx_word' id='word_1_417' title='bbox 3427 773 3740 827; x_wconf 70' lang='grc' dir='ltr'>προπατορος</span> 
     </span>
     <span class='ocr_line' id='line_1_60' title="bbox 2189 831 3740 914; baseline 0.005 -27"><span class='ocrx_word' id='word_1_418' title='bbox 2189 831 2551 910; x_wconf 84' lang='grc' dir='ltr'>τρισμεγίστου</span> <span class='ocrx_word' id='word_1_419' title='bbox 2591 831 2810 911; x_wconf 78' lang='grc' dir='ltr'>Ἑρμοῦ.</span> <span class='ocrx_word' id='word_1_420' title='bbox 2849 832 3094 912; x_wconf 76' lang='grc' dir='ltr'>Ἐρρωσό</span> <span class='ocrx_word' id='word_1_421' title='bbox 3135 857 3248 910; x_wconf 79' lang='grc' dir='ltr'>μοι,</span> <span class='ocrx_word' id='word_1_422' title='bbox 3280 833 3631 911; x_wconf 70' lang='grc' dir='ltr'>δέσποτάμω</span> <span class='ocrx_word' id='word_1_423' title='bbox 3654 841 3740 914; x_wconf 79' lang='grc' dir='ltr'>βα·</span> 
     </span>
     <span class='ocr_line' id='line_1_61' title="bbox 2190 920 2417 978; baseline 0.013 -3"><span class='ocrx_word' id='word_1_424' title='bbox 2190 920 2353 978; x_wconf 77' lang='grc' dir='ltr'>σιλεῦ.</span> <span class='ocrx_word' id='word_1_425' title='bbox 2391 946 2417 970; x_wconf 66' lang='lat' dir='ltr'>n</span> 
     </span>
    </p>

    <p class='ocr_par' dir='ltr' id='par_1_17' title="bbox 2185 1004 3740 1341">
     <span class='ocr_line' id='line_1_62' title="bbox 2266 1004 3739 1088; baseline 0.002 -24"><span class='ocrx_word' id='word_1_426' title='bbox 2266 1008 2316 1064; x_wconf 90' lang='grc' dir='ltr'>Τ</span> <span class='ocrx_word' id='word_1_427' title='bbox 2319 1010 2451 1063; x_wconf 78' lang='grc' dir='ltr'>α’ῠτα</span> <span class='ocrx_word' id='word_1_428' title='bbox 2482 1004 2601 1081; x_wconf 74' lang='grc' dir='ltr'>περὶ</span> <span class='ocrx_word' id='word_1_429' title='bbox 2639 1008 2731 1074; x_wconf 68' lang='grc' dir='ltr'>τῆς</span> <span class='ocrx_word' id='word_1_430' title='bbox 2773 1004 3045 1081; x_wconf 78' lang='grc' dir='ltr'>ἑρμηνείας</span> <span class='ocrx_word' id='word_1_431' title='bbox 3082 1009 3187 1064; x_wconf 85' lang='grc' dir='ltr'>τῶν</span> <span class='ocrx_word' id='word_1_432' title='bbox 3234 1007 3338 1065; x_wconf 77' lang='grc' dir='ltr'>ὑπὸ</span> <span class='ocrx_word' id='word_1_433' title='bbox 3379 1013 3473 1067; x_wconf 76' lang='grc' dir='ltr'>τοῦ</span> <span class='ocrx_word' id='word_1_434' title='bbox 3513 1008 3739 1088; x_wconf 78' lang='grc' dir='ltr'>δευτέρου</span> 
     </span>
     <span class='ocr_line' id='line_1_63' title="bbox 2189 1088 3740 1171; baseline 0.005 -25.096"><span class='ocrx_word' id='word_1_435' title='bbox 2189 1088 2388 1170; x_wconf 78' lang='grc' dir='ltr'>Ἑρμοῦ</span> <span class='ocrx_word' id='word_1_436' title='bbox 2441 1090 2655 1168; x_wconf 74' lang='grc' dir='ltr'>βιὸλίων</span> <span class='ocrx_word' id='word_1_437' title='bbox 2695 1091 2853 1168; x_wconf 84' lang='grc' dir='ltr'>λέγει.</span> <span class='ocrx_word' id='word_1_438' title='bbox 2907 1089 3091 1151; x_wconf 76' lang='grc' dir='ltr'>Μετὰ</span> <span class='ocrx_word' id='word_1_439' title='bbox 3133 1091 3198 1148; x_wconf 77' lang='grc' dir='ltr'>δὲ</span> <span class='ocrx_word' id='word_1_440' title='bbox 3241 1098 3454 1151; x_wconf 78' lang='grc' dir='ltr'>ταῦτα</span> <span class='ocrx_word' id='word_1_441' title='bbox 3501 1095 3597 1152; x_wconf 77' lang='grc' dir='ltr'>καὶ</span> <span class='ocrx_word' id='word_1_442' title='bbox 3637 1096 3740 1171; x_wconf 72' lang='grc' dir='ltr'>περὶ</span> 
     </span>
     <span class='ocr_line' id='line_1_64' title="bbox 2190 1175 3738 1255; baseline 0.003 -20"><span class='ocrx_word' id='word_1_443' title='bbox 2190 1180 2344 1235; x_wconf 80' lang='grc' dir='ltr'>ἐθνῶν</span> <span class='ocrx_word' id='word_1_444' title='bbox 2383 1179 2759 1254; x_wconf 83' lang='grc' dir='ltr'>Αἰγυπτιακῶν</span> <span class='ocrx_word' id='word_1_445' title='bbox 2803 1175 2959 1241; x_wconf 88' lang='grc' dir='ltr'>πέντε</span> <span class='ocrx_word' id='word_1_446' title='bbox 3001 1180 3055 1235; x_wconf 79' lang='grc' dir='ltr'>ἐν</span> <span class='ocrx_word' id='word_1_447' title='bbox 3101 1176 3384 1255; x_wconf 73' lang='grc' dir='ltr'>τριάκοντα</span> <span class='ocrx_word' id='word_1_448' title='bbox 3429 1181 3738 1247; x_wconf 81' lang='grc' dir='ltr'>δυναστείαις</span> 
     </span>
     <span class='ocr_line' id='line_1_65' title="bbox 2185 1264 2873 1341; baseline 0.006 -22"><span class='ocrx_word' id='word_1_449' title='bbox 2185 1264 2406 1341; x_wconf 85' lang='grc' dir='ltr'>ἱστορεῖ,</span> <span class='ocrx_word' id='word_1_450' title='bbox 2431 1266 2549 1323; x_wconf 85' lang='grc' dir='ltr'>κτλ.</span> <span class='ocrx_word' id='word_1_451' title='bbox 2585 1266 2660 1339; x_wconf 70' lang='grc' dir='ltr'>(ν.</span> <span class='ocrx_word' id='word_1_452' title='bbox 2689 1266 2759 1321; x_wconf 86' lang='lat' dir='ltr'>fr.</span> <span class='ocrx_word' id='word_1_453' title='bbox 2791 1267 2873 1340; x_wconf 69' lang='grc' dir='ltr'>α).</span> 
     </span>
    </p>

    <p class='ocr_par' dir='ltr' id='par_1_18' title="bbox 2177 1351 3740 2297">
     <span class='ocr_line' id='line_1_66' title="bbox 2264 1351 3740 1425; baseline 0.005 -20"><span class='ocrx_word' id='word_1_454' title='bbox 2264 1353 2444 1425; x_wconf 81' lang='lat' dir='ltr'>Igitur</span> <span class='ocrx_word' id='word_1_455' title='bbox 2497 1353 2824 1408; x_wconf 74' lang='lat' dir='ltr'>Ptolemaeus</span> <span class='ocrx_word' id='word_1_456' title='bbox 2878 1351 3279 1425; x_wconf 84' lang='lat' dir='ltr'>Philadelphus</span> <span class='ocrx_word' id='word_1_457' title='bbox 3321 1372 3356 1408; x_wconf 90' lang='lat' dir='ltr'>e</span> <span class='ocrx_word' id='word_1_458' title='bbox 3409 1357 3740 1413; x_wconf 71' lang='lat' dir='ltr'>Manethone</span> 
     </span>
     <span class='ocr_line' id='line_1_67' title="bbox 2183 1438 3738 1513; baseline 0.005 -22"><span class='ocrx_word' id='word_1_459' title='bbox 2183 1440 2482 1509; x_wconf 82' lang='lat' dir='ltr'>petiverat,</span> <span class='ocrx_word' id='word_1_460' title='bbox 2509 1453 2574 1493; x_wconf 90' lang='lat' dir='ltr'>ut</span> <span class='ocrx_word' id='word_1_461' title='bbox 2595 1438 2666 1494; x_wconf 91' lang='lat' dir='ltr'>de</span> <span class='ocrx_word' id='word_1_462' title='bbox 2688 1438 2810 1492; x_wconf 86' lang='lat' dir='ltr'>fatis</span> <span class='ocrx_word' id='word_1_463' title='bbox 2836 1438 3032 1492; x_wconf 89' lang='lat' dir='ltr'>mundi</span> <span class='ocrx_word' id='word_1_464' title='bbox 3061 1439 3263 1493; x_wconf 83' lang='lat' dir='ltr'>suturis</span> <span class='ocrx_word' id='word_1_465' title='bbox 3307 1442 3498 1513; x_wconf 73' lang='lat' dir='ltr'>ipsum</span> <span class='ocrx_word' id='word_1_466' title='bbox 3538 1443 3738 1499; x_wconf 81' lang='lat' dir='ltr'>edoce-</span> 
     </span>
     <span class='ocr_line' id='line_1_68' title="bbox 2182 1525 3736 1597; baseline 0.006 -20"><span class='ocrx_word' id='word_1_467' title='bbox 2182 1536 2286 1581; x_wconf 89' lang='lat' dir='ltr'>ret.</span> <span class='ocrx_word' id='word_1_468' title='bbox 2319 1526 2610 1580; x_wconf 86' lang='lat' dir='ltr'>Postulatis</span> <span class='ocrx_word' id='word_1_469' title='bbox 2637 1525 3033 1597; x_wconf 86' lang='lat' dir='ltr'>obtemperans</span> <span class='ocrx_word' id='word_1_470' title='bbox 3078 1527 3344 1581; x_wconf 85' lang='lat' dir='ltr'>Manetho</span> <span class='ocrx_word' id='word_1_471' title='bbox 3393 1529 3574 1584; x_wconf 79' lang='lat' dir='ltr'>libros</span> <span class='ocrx_word' id='word_1_472' title='bbox 3603 1533 3736 1585; x_wconf 81' lang='lat' dir='ltr'>Her-</span> 
     </span>
     <span class='ocr_line' id='line_1_69' title="bbox 2183 1611 3734 1690; baseline 0.004 -26"><span class='ocrx_word' id='word_1_473' title='bbox 2183 1613 2416 1667; x_wconf 85' lang='lat' dir='ltr'>meticos</span> <span class='ocrx_word' id='word_1_474' title='bbox 2442 1612 2733 1667; x_wconf 86' lang='lat' dir='ltr'>recondita</span> <span class='ocrx_word' id='word_1_475' title='bbox 2773 1613 3041 1683; x_wconf 87' lang='lat' dir='ltr'>sapientia</span> <span class='ocrx_word' id='word_1_476' title='bbox 3063 1611 3299 1667; x_wconf 76' lang='lat' dir='ltr'>refertos</span> <span class='ocrx_word' id='word_1_477' title='bbox 3332 1614 3510 1683; x_wconf 84' lang='lat' dir='ltr'>adiit,</span> <span class='ocrx_word' id='word_1_478' title='bbox 3539 1626 3601 1670; x_wconf 77' lang='lat' dir='ltr'>et</span> <span class='ocrx_word' id='word_1_479' title='bbox 3625 1635 3734 1690; x_wconf 71' lang='lat' dir='ltr'>qua</span> 
     </span>
     <span class='ocr_line' id='line_1_70' title="bbox 2183 1698 3735 1780; baseline 0.005 -29"><span class='ocrx_word' id='word_1_480' title='bbox 2183 1715 2248 1752; x_wconf 87' lang='lat' dir='ltr'>ex</span> <span class='ocrx_word' id='word_1_481' title='bbox 2295 1699 2361 1752; x_wconf 85' lang='lat' dir='ltr'>iis</span> <span class='ocrx_word' id='word_1_482' title='bbox 2408 1698 2632 1767; x_wconf 88' lang='lat' dir='ltr'>didicit,</span> <span class='ocrx_word' id='word_1_483' title='bbox 2684 1716 2749 1753; x_wconf 89' lang='lat' dir='ltr'>ea</span> <span class='ocrx_word' id='word_1_484' title='bbox 2793 1699 2910 1780; x_wconf 76' lang='lat' dir='ltr'>ipse</span> <span class='ocrx_word' id='word_1_485' title='bbox 2953 1700 3298 1772; x_wconf 72' lang='lat' dir='ltr'>consignavit</span> <span class='ocrx_word' id='word_1_486' title='bbox 3337 1701 3527 1775; x_wconf 79' lang='lat' dir='ltr'>libro,</span> <span class='ocrx_word' id='word_1_487' title='bbox 3577 1721 3735 1775; x_wconf 73' lang='lat' dir='ltr'>quem</span> 
     </span>
     <span class='ocr_line' id='line_1_71' title="bbox 2187 1783 3734 1860; baseline 0.006 -24"><span class='ocrx_word' id='word_1_488' title='bbox 2187 1785 2463 1858; x_wconf 83' lang='lat' dir='ltr'>inscripsit</span> <span class='ocrx_word' id='word_1_489' title='bbox 2499 1787 2584 1840; x_wconf 88' lang='lat' dir='ltr'>De</span> <span class='ocrx_word' id='word_1_490' title='bbox 2622 1783 2865 1858; x_wconf 86' lang='lat' dir='ltr'>periodo</span> <span class='ocrx_word' id='word_1_491' title='bbox 2907 1785 3182 1842; x_wconf 85' lang='lat' dir='ltr'>Sothiaca.</span> <span class='ocrx_word' id='word_1_492' title='bbox 3228 1788 3354 1840; x_wconf 86' lang='lat' dir='ltr'>Jam</span> <span class='ocrx_word' id='word_1_493' title='bbox 3392 1806 3578 1860; x_wconf 80' lang='lat' dir='ltr'>quum</span> <span class='ocrx_word' id='word_1_494' title='bbox 3619 1793 3734 1845; x_wconf 67' lang='lat' dir='ltr'>mis</span> 
     </span>
     <span class='ocr_line' id='line_1_72' title="bbox 2182 1870 3733 1971; baseline 0.006 -48"><span class='ocrx_word' id='word_1_495' title='bbox 2182 1882 2394 1927; x_wconf 89' lang='lat' dir='ltr'>constet</span> <span class='ocrx_word' id='word_1_496' title='bbox 2424 1873 2730 1971; x_wconf 65' lang='lat' dir='ltr'>astrologos</span> <span class='ocrx_word' id='word_1_497' title='bbox 2756 1870 2952 1926; x_wconf 90' lang='lat' dir='ltr'>mundi</span> <span class='ocrx_word' id='word_1_498' title='bbox 2995 1881 3050 1926; x_wconf 89' lang='lat' dir='ltr'>et</span> <span class='ocrx_word' id='word_1_499' title='bbox 3084 1873 3308 1926; x_wconf 86' lang='lat' dir='ltr'>initium</span> <span class='ocrx_word' id='word_1_500' title='bbox 3349 1886 3410 1929; x_wconf 87' lang='lat' dir='ltr'>et</span> <span class='ocrx_word' id='word_1_501' title='bbox 3451 1877 3733 1932; x_wconf 65' lang='lat' dir='ltr'>interium</span> 
     </span>
     <span class='ocr_line' id='line_1_73' title="bbox 2181 1958 3736 2034; baseline 0.005 -23"><span class='ocrx_word' id='word_1_502' title='bbox 2181 1967 2236 2011; x_wconf 87' lang='lat' dir='ltr'>et</span> <span class='ocrx_word' id='word_1_503' title='bbox 2264 1959 2504 2030; x_wconf 85' lang='lat' dir='ltr'>epochas</span> <span class='ocrx_word' id='word_1_504' title='bbox 2543 1960 2849 2031; x_wconf 69' lang='lat' dir='ltr'>praecipuas</span> <span class='ocrx_word' id='word_1_505' title='bbox 2891 1958 3075 2012; x_wconf 85' lang='lat' dir='ltr'>metiri</span> <span class='ocrx_word' id='word_1_506' title='bbox 3103 1959 3296 2014; x_wconf 83' lang='lat' dir='ltr'>solitos</span> <span class='ocrx_word' id='word_1_507' title='bbox 3320 1979 3441 2015; x_wconf 67' lang='lat' dir='ltr'>oese</span> <span class='ocrx_word' id='word_1_508' title='bbox 3475 1979 3554 2016; x_wconf 80' lang='lat' dir='ltr'>ex</span> <span class='ocrx_word' id='word_1_509' title='bbox 3579 1965 3736 2034; x_wconf 51' lang='lat' dir='ltr'>eyn-lis</span> 
     </span>
     <span class='ocr_line' id='line_1_74' title="bbox 2180 2044 3736 2121; baseline 0.004 -23"><span class='ocrx_word' id='word_1_510' title='bbox 2180 2045 2512 2116; x_wconf 85' lang='lat' dir='ltr'>quibusdam</span> <span class='ocrx_word' id='word_1_511' title='bbox 2574 2046 2985 2110; x_wconf 74' lang='lat' dir='ltr'>astronomiciS,</span> <span class='ocrx_word' id='word_1_512' title='bbox 3059 2044 3308 2100; x_wconf 87' lang='lat' dir='ltr'>dubitari</span> <span class='ocrx_word' id='word_1_513' title='bbox 3383 2048 3482 2101; x_wconf 72' lang='lat' dir='ltr'>vix</span> <span class='ocrx_word' id='word_1_514' title='bbox 3561 2062 3736 2121; x_wconf 63' lang='lat' dir='ltr'>pom</span> 
     </span>
     <span class='ocr_line' id='line_1_75' title="bbox 2179 2130 3733 2207; baseline 0.006 -23"><span class='ocrx_word' id='word_1_515' title='bbox 2179 2131 2420 2186; x_wconf 86' lang='lat' dir='ltr'>eundem</span> <span class='ocrx_word' id='word_1_516' title='bbox 2444 2134 2500 2186; x_wconf 87' lang='lat' dir='ltr'>in</span> <span class='ocrx_word' id='word_1_517' title='bbox 2523 2130 2691 2187; x_wconf 85' lang='lat' dir='ltr'>finem</span> <span class='ocrx_word' id='word_1_518' title='bbox 2715 2132 3112 2190; x_wconf 81' lang='lat' dir='ltr'>Manethouem</span> <span class='ocrx_word' id='word_1_519' title='bbox 3148 2150 3388 2207; x_wconf 84' lang='lat' dir='ltr'>quoque</span> <span class='ocrx_word' id='word_1_520' title='bbox 3418 2134 3733 2193; x_wconf 75' lang='lat' dir='ltr'>adhibuisse</span> 
     </span>
     <span class='ocr_line' id='line_1_76' title="bbox 2177 2218 2836 2297; baseline 0.003 -22"><span class='ocrx_word' id='word_1_521' title='bbox 2177 2218 2476 2297; x_wconf 84' lang='lat' dir='ltr'>periodum</span> <span class='ocrx_word' id='word_1_522' title='bbox 2500 2218 2836 2279; x_wconf 84' lang='lat' dir='ltr'>Sothiacam.</span> 
     </span>
    </p>

    <p class='ocr_par' dir='ltr' id='par_1_19' title="bbox 2164 2307 3736 4208">
     <span class='ocr_line' id='line_1_77' title="bbox 2255 2307 3732 2383; baseline 0.002 -19"><span class='ocrx_word' id='word_1_523' title='bbox 2255 2311 2459 2364; x_wconf 89' lang='lat' dir='ltr'>Verum</span> <span class='ocrx_word' id='word_1_524' title='bbox 2479 2310 2763 2364; x_wconf 81' lang='lat' dir='ltr'>enimvero</span> <span class='ocrx_word' id='word_1_525' title='bbox 2783 2307 3001 2362; x_wconf 88' lang='lat' dir='ltr'>dudum</span> <span class='ocrx_word' id='word_1_526' title='bbox 3015 2309 3120 2362; x_wconf 72' lang='lat' dir='ltr'>viri</span> <span class='ocrx_word' id='word_1_527' title='bbox 3143 2307 3296 2363; x_wconf 88' lang='lat' dir='ltr'>docti</span> <span class='ocrx_word' id='word_1_528' title='bbox 3321 2324 3732 2383; x_wconf 70' lang='lat' dir='ltr'>perspexerunt</span> 
     </span>
     <span class='ocr_line' id='line_1_78' title="bbox 2188 2394 3728 2471; baseline 0.003 -23"><span class='ocrx_word' id='word_1_529' title='bbox 2188 2394 2396 2450; x_wconf 85' lang='lat' dir='ltr'>librum</span> <span class='ocrx_word' id='word_1_530' title='bbox 2421 2397 2573 2450; x_wconf 89' lang='lat' dir='ltr'>hunc</span> <span class='ocrx_word' id='word_1_531' title='bbox 2617 2396 2938 2451; x_wconf 87' lang='lat' dir='ltr'>Sothiacum</span> <span class='ocrx_word' id='word_1_532' title='bbox 2965 2397 3066 2448; x_wconf 71' lang='lat' dir='ltr'>aevi</span> <span class='ocrx_word' id='word_1_533' title='bbox 3091 2397 3314 2449; x_wconf 84' lang='lat' dir='ltr'>serioris</span> <span class='ocrx_word' id='word_1_534' title='bbox 3349 2413 3469 2450; x_wconf 68' lang='lat' dir='ltr'>oese</span> <span class='ocrx_word' id='word_1_535' title='bbox 3501 2397 3728 2471; x_wconf 64' lang='lat' dir='ltr'>furtum,</span> 
     </span>
     <span class='ocr_line' id='line_1_79' title="bbox 2177 2482 3731 2555; baseline 0.004 -20"><span class='ocrx_word' id='word_1_536' title='bbox 2177 2484 2268 2536; x_wconf 87' lang='lat' dir='ltr'>cui</span> <span class='ocrx_word' id='word_1_537' title='bbox 2291 2492 2485 2537; x_wconf 85' lang='lat' dir='ltr'>auctor</span> <span class='ocrx_word' id='word_1_538' title='bbox 2505 2501 2714 2537; x_wconf 91' lang='lat' dir='ltr'>nomen</span> <span class='ocrx_word' id='word_1_539' title='bbox 2736 2482 3085 2537; x_wconf 79' lang='lat' dir='ltr'>Manethonis</span> <span class='ocrx_word' id='word_1_540' title='bbox 3103 2494 3160 2537; x_wconf 85' lang='lat' dir='ltr'>et</span> <span class='ocrx_word' id='word_1_541' title='bbox 3181 2484 3478 2555; x_wconf 83' lang='lat' dir='ltr'>epistolam</span> <span class='ocrx_word' id='word_1_542' title='bbox 3505 2484 3585 2539; x_wconf 84' lang='lat' dir='ltr'>ad</span> <span class='ocrx_word' id='word_1_543' title='bbox 3607 2488 3731 2541; x_wconf 73' lang='lat' dir='ltr'>Pto-</span> 
     </span>
     <span class='ocr_line' id='line_1_80' title="bbox 2177 2568 3734 2644; baseline 0.003 -22"><span class='ocrx_word' id='word_1_544' title='bbox 2177 2568 2428 2624; x_wconf 83' lang='lat' dir='ltr'>lemaeum</span> <span class='ocrx_word' id='word_1_545' title='bbox 2455 2571 2716 2642; x_wconf 86' lang='lat' dir='ltr'>scriptam</span> <span class='ocrx_word' id='word_1_546' title='bbox 2752 2568 3067 2642; x_wconf 70' lang='lat' dir='ltr'>praefigens,</span> <span class='ocrx_word' id='word_1_547' title='bbox 3101 2570 3345 2641; x_wconf 85' lang='lat' dir='ltr'>speciem</span> <span class='ocrx_word' id='word_1_548' title='bbox 3391 2572 3734 2644; x_wconf 71' lang='lat' dir='ltr'>antiquitatis</span> 
     </span>
     <span class='ocr_line' id='line_1_81' title="bbox 2177 2655 3736 2732; baseline 0.003 -23"><span class='ocrx_word' id='word_1_549' title='bbox 2177 2658 2476 2712; x_wconf 85' lang='lat' dir='ltr'>conciliare</span> <span class='ocrx_word' id='word_1_550' title='bbox 2504 2656 2801 2714; x_wconf 86' lang='lat' dir='ltr'>studuerit.</span> <span class='ocrx_word' id='word_1_551' title='bbox 2857 2658 2899 2711; x_wconf 89' lang='lat' dir='ltr'>F</span> <span class='ocrx_word' id='word_1_552' title='bbox 2903 2655 3131 2711; x_wconf 74' lang='lat' dir='ltr'>taudem</span> <span class='ocrx_word' id='word_1_553' title='bbox 3157 2656 3400 2710; x_wconf 87' lang='lat' dir='ltr'>clamant</span> <span class='ocrx_word' id='word_1_554' title='bbox 3427 2658 3610 2713; x_wconf 73' lang='lat' dir='ltr'>verba</span> <span class='ocrx_word' id='word_1_555' title='bbox 3630 2661 3736 2732; x_wconf 81' lang='lat' dir='ltr'>epi·</span> 
     </span>
     <span class='ocr_line' id='line_1_82' title="bbox 2175 2739 3732 2825; baseline 0.003 -29"><span class='ocrx_word' id='word_1_556' title='bbox 2175 2743 2348 2799; x_wconf 76' lang='lat' dir='ltr'>stolae.</span> <span class='ocrx_word' id='word_1_557' title='bbox 2401 2745 2542 2798; x_wconf 84' lang='lat' dir='ltr'>Nam</span> <span class='ocrx_word' id='word_1_558' title='bbox 2562 2743 2706 2797; x_wconf 89' lang='lat' dir='ltr'>istud</span> <span class='ocrx_word' id='word_1_559' title='bbox 2733 2739 3048 2825; x_wconf 74' lang='grc' dir='ltr'>Πτολεμαίῳ</span> <span class='ocrx_word' id='word_1_560' title='bbox 3071 2740 3398 2819; x_wconf 78' lang='grc' dir='ltr'>Φιλαδέλφῳ</span> <span class='ocrx_word' id='word_1_561' title='bbox 3420 2743 3505 2799; x_wconf 82' lang='grc' dir='ltr'>Σε</span> <span class='ocrx_word' id='word_1_562' title='bbox 3520 2741 3732 2823; x_wconf 55' lang='lat' dir='ltr'>Gaea-J»</span> 
     </span>
     <span class='ocr_line' id='line_1_83' title="bbox 2174 2828 3732 2901; baseline 0.005 -21"><span class='ocrx_word' id='word_1_563' title='bbox 2174 2828 2464 2884; x_wconf 86' lang='lat' dir='ltr'>manifesto</span> <span class='ocrx_word' id='word_1_564' title='bbox 2496 2828 2689 2901; x_wconf 73' lang='lat' dir='ltr'>prodit</span> <span class='ocrx_word' id='word_1_565' title='bbox 2719 2840 2970 2901; x_wconf 90' lang='lat' dir='ltr'>tempora</span> <span class='ocrx_word' id='word_1_566' title='bbox 2999 2831 3408 2901; x_wconf 86' lang='lat' dir='ltr'>imperatorum</span> <span class='ocrx_word' id='word_1_567' title='bbox 3440 2833 3732 2887; x_wconf 79' lang='lat' dir='ltr'>Romano-</span> 
     </span>
     <span class='ocr_line' id='line_1_84' title="bbox 2175 2912 3730 2990; baseline 0.004 -21"><span class='ocrx_word' id='word_1_568' title='bbox 2175 2933 2316 2971; x_wconf 88' lang='lat' dir='ltr'>rum.</span> <span class='ocrx_word' id='word_1_569' title='bbox 2399 2918 2580 2970; x_wconf 89' lang='lat' dir='ltr'>Porro</span> <span class='ocrx_word' id='word_1_570' title='bbox 2605 2918 2822 2971; x_wconf 81' lang='lat' dir='ltr'>Hermae</span> <span class='ocrx_word' id='word_1_571' title='bbox 2842 2916 3132 2988; x_wconf 85' lang='lat' dir='ltr'>epitheton</span> <span class='ocrx_word' id='word_1_572' title='bbox 3160 2912 3524 2990; x_wconf 82' lang='grc' dir='ltr'>τρισμέγιστος</span> <span class='ocrx_word' id='word_1_573' title='bbox 3551 2938 3586 2973; x_wconf 83' lang='lat' dir='ltr'>a</span> <span class='ocrx_word' id='word_1_574' title='bbox 3611 2921 3730 2975; x_wconf 85' lang='lat' dir='ltr'>Pto·</span> 
     </span>
     <span class='ocr_line' id='line_1_85' title="bbox 2175 3001 3730 3076; baseline 0.006 -22"><span class='ocrx_word' id='word_1_575' title='bbox 2175 3001 2348 3055; x_wconf 82' lang='lat' dir='ltr'>lemaei</span> <span class='ocrx_word' id='word_1_576' title='bbox 2375 3004 2429 3056; x_wconf 91' lang='lat'>11</span> <span class='ocrx_word' id='word_1_577' title='bbox 2466 3002 2813 3076; x_wconf 87' lang='lat' dir='ltr'>temporibus</span> <span class='ocrx_word' id='word_1_578' title='bbox 2837 3004 3079 3057; x_wconf 87' lang='lat' dir='ltr'>alienum</span> <span class='ocrx_word' id='word_1_579' title='bbox 3120 3021 3235 3057; x_wconf 59' lang='lat' dir='ltr'>esse</span> <span class='ocrx_word' id='word_1_580' title='bbox 3273 3005 3528 3062; x_wconf 78' lang='lat' dir='ltr'>videtur.</span> <span class='ocrx_word' id='word_1_581' title='bbox 3618 3009 3730 3062; x_wconf 76' lang='lat' dir='ltr'>Pu·-</span> 
     </span>
     <span class='ocr_line' id='line_1_86' title="bbox 2173 3088 3730 3162; baseline 0.004 -20"><span class='ocrx_word' id='word_1_582' title='bbox 2173 3107 2326 3142; x_wconf 92' lang='lat' dir='ltr'>mum</span> <span class='ocrx_word' id='word_1_583' title='bbox 2361 3088 2481 3160; x_wconf 84' lang='lat' dir='ltr'>ejus</span> <span class='ocrx_word' id='word_1_584' title='bbox 2507 3090 2824 3162; x_wconf 85' lang='lat' dir='ltr'>exemplum</span> <span class='ocrx_word' id='word_1_585' title='bbox 2852 3090 2911 3142; x_wconf 89' lang='lat' dir='ltr'>in</span> <span class='ocrx_word' id='word_1_586' title='bbox 2937 3091 3239 3144; x_wconf 84' lang='lat' dir='ltr'>Rosettana</span> <span class='ocrx_word' id='word_1_587' title='bbox 3266 3089 3499 3145; x_wconf 80' lang='lat' dir='ltr'>demum</span> <span class='ocrx_word' id='word_1_588' title='bbox 3533 3095 3730 3148; x_wconf 76' lang='lat' dir='ltr'>imeri-</span> 
     </span>
     <span class='ocr_line' id='line_1_87' title="bbox 2172 3176 3730 3251; baseline 0.004 -22"><span class='ocrx_word' id='word_1_589' title='bbox 2172 3178 2366 3249; x_wconf 86' lang='lat' dir='ltr'>ptione</span> <span class='ocrx_word' id='word_1_590' title='bbox 2386 3178 2652 3251; x_wconf 87' lang='lat' dir='ltr'>occurrit,</span> <span class='ocrx_word' id='word_1_591' title='bbox 2673 3176 3114 3249; x_wconf 87' lang='lat' dir='ltr'>frequentissime</span> <span class='ocrx_word' id='word_1_592' title='bbox 3134 3186 3318 3231; x_wconf 88' lang='lat' dir='ltr'>autem</span> <span class='ocrx_word' id='word_1_593' title='bbox 3339 3196 3564 3234; x_wconf 82' lang='lat' dir='ltr'>nomen</span> <span class='ocrx_word' id='word_1_594' title='bbox 3591 3181 3730 3235; x_wconf 71' lang='lat' dir='ltr'>istud</span> 
     </span>
     <span class='ocr_line' id='line_1_88' title="bbox 2170 3263 3730 3339; baseline 0.003 -21"><span class='ocrx_word' id='word_1_595' title='bbox 2170 3276 2470 3337; x_wconf 78' lang='lat' dir='ltr'>usurpatur</span> <span class='ocrx_word' id='word_1_596' title='bbox 2515 3267 2576 3320; x_wconf 90' lang='lat' dir='ltr'>in</span> <span class='ocrx_word' id='word_1_597' title='bbox 2615 3264 2945 3321; x_wconf 88' lang='lat' dir='ltr'>Hermeticis</span> <span class='ocrx_word' id='word_1_598' title='bbox 2979 3263 3164 3331; x_wconf 85' lang='lat' dir='ltr'>libris,</span> <span class='ocrx_word' id='word_1_599' title='bbox 3211 3282 3464 3335; x_wconf 87' lang='lat' dir='ltr'>quorum</span> <span class='ocrx_word' id='word_1_600' title='bbox 3500 3268 3730 3339; x_wconf 73' lang='lat' dir='ltr'>plurimi</span> 
     </span>
     <span class='ocr_line' id='line_1_89' title="bbox 2173 3352 3728 3425; baseline 0.004 -20"><span class='ocrx_word' id='word_1_601' title='bbox 2173 3354 2338 3407; x_wconf 87' lang='lat' dir='ltr'>tertio</span> <span class='ocrx_word' id='word_1_602' title='bbox 2363 3362 2491 3425; x_wconf 89' lang='lat' dir='ltr'>post</span> <span class='ocrx_word' id='word_1_603' title='bbox 2521 3352 2799 3408; x_wconf 84' lang='lat' dir='ltr'>Christum</span> <span class='ocrx_word' id='word_1_604' title='bbox 2825 3352 3026 3406; x_wconf 78' lang='lat' dir='ltr'>saeculo</span> <span class='ocrx_word' id='word_1_605' title='bbox 3049 3362 3179 3406; x_wconf 85' lang='lat' dir='ltr'>sunt</span> <span class='ocrx_word' id='word_1_606' title='bbox 3205 3355 3536 3424; x_wconf 82' lang='lat' dir='ltr'>compositi.</span> <span class='ocrx_word' id='word_1_607' title='bbox 3625 3353 3728 3411; x_wconf 74' lang='lat' dir='ltr'>lis-</span> 
     </span>
     <span class='ocr_line' id='line_1_90' title="bbox 2172 3436 3726 3513; baseline 0.003 -22"><span class='ocrx_word' id='word_1_608' title='bbox 2172 3436 2414 3510; x_wconf 85' lang='lat' dir='ltr'>demque</span> <span class='ocrx_word' id='word_1_609' title='bbox 2449 3438 2565 3493; x_wconf 84' lang='lat' dir='ltr'>sere</span> <span class='ocrx_word' id='word_1_610' title='bbox 2601 3438 2945 3511; x_wconf 84' lang='lat' dir='ltr'>temporibus</span> <span class='ocrx_word' id='word_1_611' title='bbox 2970 3447 3217 3492; x_wconf 83' lang='lat' dir='ltr'>nostram</span> <span class='ocrx_word' id='word_1_612' title='bbox 3253 3456 3493 3511; x_wconf 85' lang='lat' dir='ltr'>quoque</span> <span class='ocrx_word' id='word_1_613' title='bbox 3519 3443 3726 3513; x_wconf 75' lang='lat' dir='ltr'>episto-</span> 
     </span>
     <span class='ocr_line' id='line_1_91' title="bbox 2171 3522 3724 3599; baseline 0.004 -20"><span class='ocrx_word' id='word_1_614' title='bbox 2171 3522 2282 3579; x_wconf 87' lang='lat' dir='ltr'>lam</span> <span class='ocrx_word' id='word_1_615' title='bbox 2327 3524 2704 3599; x_wconf 81' lang='lat' dir='ltr'>assignandam</span> <span class='ocrx_word' id='word_1_616' title='bbox 2745 3542 2858 3579; x_wconf 87' lang='lat' dir='ltr'>esse</span> <span class='ocrx_word' id='word_1_617' title='bbox 2897 3524 3247 3597; x_wconf 79' lang='lat' dir='ltr'>suspicanmr</span> <span class='ocrx_word' id='word_1_618' title='bbox 3290 3527 3402 3580; x_wconf 78' lang='lat' dir='ltr'>viri</span> <span class='ocrx_word' id='word_1_619' title='bbox 3443 3528 3724 3584; x_wconf 61' lang='lat' dir='ltr'>clarissima</span> 
     </span>
     <span class='ocr_line' id='line_1_92' title="bbox 2175 3612 3723 3684; baseline 0.003 -17"><span class='ocrx_word' id='word_1_620' title='bbox 2175 3612 2791 3684; x_wconf 82' lang='lat' dir='ltr'>Letronnius(Recueil</span> <span class='ocrx_word' id='word_1_621' title='bbox 2813 3613 2912 3667; x_wconf 79' lang='lat' dir='ltr'>des</span> <span class='ocrx_word' id='word_1_622' title='bbox 2941 3615 3225 3684; x_wconf 58' lang='lat' dir='ltr'>laser-‚gn</span> <span class='ocrx_word' id='word_1_623' title='bbox 3261 3624 3324 3667; x_wconf 80' lang='lat' dir='ltr'>et</span> <span class='ocrx_word' id='word_1_624' title='bbox 3359 3615 3466 3671; x_wconf 84' lang='lat' dir='ltr'>lat.</span> <span class='ocrx_word' id='word_1_625' title='bbox 3501 3616 3580 3670; x_wconf 78' lang='lat' dir='ltr'>de</span> <span class='ocrx_word' id='word_1_626' title='bbox 3615 3618 3723 3671; x_wconf 70' lang='lat' dir='ltr'>tE-</span> 
     </span>
     <span class='ocr_line' id='line_1_93' title="bbox 2164 3695 3726 3775; baseline 0.003 -22"><span class='ocrx_word' id='word_1_627' title='bbox 2164 3712 2373 3772; x_wconf 76' lang='lat' dir='ltr'>gypte‚</span> <span class='ocrx_word' id='word_1_628' title='bbox 2420 3710 2559 3757; x_wconf 89' lang='lat' dir='ltr'>tom.</span> <span class='ocrx_word' id='word_1_629' title='bbox 2598 3702 2652 3769; x_wconf 92' lang='lat'>1,</span> <span class='ocrx_word' id='word_1_630' title='bbox 2689 3719 2751 3773; x_wconf 87' lang='lat' dir='ltr'>p.</span> <span class='ocrx_word' id='word_1_631' title='bbox 2798 3698 2945 3767; x_wconf 82' lang='lat'>206,</span> <span class='ocrx_word' id='word_1_632' title='bbox 2986 3698 3099 3754; x_wconf 75' lang='lat'>283</span> <span class='ocrx_word' id='word_1_633' title='bbox 3131 3695 3296 3775; x_wconf 83' lang='lat' dir='ltr'>sqq.)</span> <span class='ocrx_word' id='word_1_634' title='bbox 3335 3712 3395 3755; x_wconf 86' lang='lat' dir='ltr'>et</span> <span class='ocrx_word' id='word_1_635' title='bbox 3428 3704 3726 3757; x_wconf 75' lang='lat' dir='ltr'>Boeekhins</span> 
     </span>
     <span class='ocr_line' id='line_1_94' title="bbox 2172 3787 3713 3859; baseline 0.005 -20"><span class='ocrx_word' id='word_1_636' title='bbox 2172 3787 2470 3858; x_wconf 77' lang='lat' dir='ltr'>(Manetho</span> <span class='ocrx_word' id='word_1_637' title='bbox 2490 3807 2544 3841; x_wconf 80' lang='lat' dir='ltr'>u.</span> <span class='ocrx_word' id='word_1_638' title='bbox 2571 3788 2660 3841; x_wconf 79' lang='lat' dir='ltr'>die</span> <span class='ocrx_word' id='word_1_639' title='bbox 2685 3787 3280 3859; x_wconf 64' lang='lat' dir='ltr'>Hundmemperiode,</span> <span class='ocrx_word' id='word_1_640' title='bbox 3316 3789 3516 3843; x_wconf 76' lang='lat' dir='ltr'>Berlin</span> <span class='ocrx_word' id='word_1_641' title='bbox 3549 3792 3713 3854; x_wconf 66' lang='lat'>1845,</span> 
     </span>
     <span class='ocr_line' id='line_1_95' title="bbox 2165 3869 3722 3948; baseline 0.004 -23"><span class='ocrx_word' id='word_1_642' title='bbox 2165 3889 2225 3943; x_wconf 96' lang='lat' dir='ltr'>p.</span> <span class='ocrx_word' id='word_1_643' title='bbox 2280 3869 2410 3948; x_wconf 87' lang='lat'><strong>15).</strong></span> <span class='ocrx_word' id='word_1_644' title='bbox 2507 3875 2776 3928; x_wconf 66' lang='lat' dir='ltr'>Praeterea</span> <span class='ocrx_word' id='word_1_645' title='bbox 2819 3872 3035 3930; x_wconf 86' lang='lat' dir='ltr'>nullam</span> <span class='ocrx_word' id='word_1_646' title='bbox 3085 3873 3363 3946; x_wconf 80' lang='lat' dir='ltr'>AEgyptus</span> <span class='ocrx_word' id='word_1_647' title='bbox 3403 3876 3585 3930; x_wconf 81' lang='lat' dir='ltr'>habet</span> <span class='ocrx_word' id='word_1_648' title='bbox 3631 3877 3722 3948; x_wconf 65' lang='grc' dir='ltr'>γῆν</span> 
     </span>
     <span class='ocr_line' id='line_1_96' title="bbox 2168 3955 3723 4034; baseline 0.003 -20"><span class='ocrx_word' id='word_1_649' title='bbox 2168 3955 2506 4033; x_wconf 82' lang='grc' dir='ltr'>Σηριαδικὴν,</span> <span class='ocrx_word' id='word_1_650' title='bbox 2549 3960 2767 4014; x_wconf 88' lang='lat' dir='ltr'>nullum</span> <span class='ocrx_word' id='word_1_651' title='bbox 2805 3960 2965 4014; x_wconf 88' lang='lat' dir='ltr'>novit</span> <span class='ocrx_word' id='word_1_652' title='bbox 3001 3958 3306 4029; x_wconf 83' lang='lat' dir='ltr'>diluvium,</span> <span class='ocrx_word' id='word_1_653' title='bbox 3346 3979 3540 4034; x_wconf 85' lang='lat' dir='ltr'>neque</span> <span class='ocrx_word' id='word_1_654' title='bbox 3583 3962 3723 4017; x_wconf 72' lang='lat' dir='ltr'>duos</span> 
     </span>
     <span class='ocr_line' id='line_1_97' title="bbox 2165 4044 3722 4123; baseline 0.003 -24"><span class='ocrx_word' id='word_1_655' title='bbox 2165 4047 2455 4100; x_wconf 71' lang='lat' dir='ltr'>Her-metes</span> <span class='ocrx_word' id='word_1_656' title='bbox 2492 4056 2649 4100; x_wconf 83' lang='lat' dir='ltr'>vetus</span> <span class='ocrx_word' id='word_1_657' title='bbox 2694 4044 3085 4120; x_wconf 78' lang='lat' dir='ltr'>AEgyptiorum</span> <span class='ocrx_word' id='word_1_658' title='bbox 3140 4046 3499 4121; x_wconf 79' lang='lat' dir='ltr'>mythologia</span> <span class='ocrx_word' id='word_1_659' title='bbox 3543 4068 3722 4123; x_wconf 75' lang='lat' dir='ltr'>agno—</span> 
     </span>
     <span class='ocr_line' id='line_1_98' title="bbox 2166 4126 3720 4208; baseline 0.005 -26"><span class='ocrx_word' id='word_1_660' title='bbox 2166 4126 2271 4185; x_wconf 85' lang='lat' dir='ltr'>scit</span> <span class='ocrx_word' id='word_1_661' title='bbox 2304 4127 2730 4208; x_wconf 41' lang='lat' dir='ltr'>(*).‚Satis&#39;hine</span> <span class='ocrx_word' id='word_1_662' title='bbox 2765 4133 3098 4207; x_wconf 87' lang='lat' dir='ltr'>intelligitur</span> <span class='ocrx_word' id='word_1_663' title='bbox 3125 4129 3332 4197; x_wconf 74' lang='grc' dir='ltr'>Σώθεος</span> <span class='ocrx_word' id='word_1_664' title='bbox 3370 4134 3624 4205; x_wconf 76' lang='lat' dir='ltr'>librum,</span> <span class='ocrx_word' id='word_1_665' title='bbox 3651 4135 3720 4189; x_wconf 72' lang='lat' dir='ltr'>de</span> 
     </span>
    </p>
   </div>
   <div class='ocr_carea' id='block_1_14' title="bbox 3149 4284 3718 4350">
    <p class='ocr_par' dir='ltr' id='par_1_20' title="bbox 3149 4284 3718 4350">
     <span class='ocr_line' id='line_1_99' title="bbox 3149 4284 3718 4350; baseline 0.004 -3"><span class='ocrx_word' id='word_1_666' title='bbox 3149 4284 3718 4350; x_wconf 64' lang='lat' dir='ltr'>logtamasmffin-</span> 
     </span>
    </p>
   </div>
   <div class='ocr_carea' id='block_1_15' title="bbox 2160 4285 3718 4411">
    <p class='ocr_par' dir='ltr' id='par_1_21' title="bbox 2160 4285 3718 4411">
     <span class='ocr_line' id='line_1_100' title="bbox 2224 4285 3152 4347; baseline -0.001 -13"><span class='ocrx_word' id='word_1_667' title='bbox 2224 4286 2267 4345; x_wconf 83' lang='lat'>(*</span> <span class='ocrx_word' id='word_1_668' title='bbox 2270 4287 2284 4343; x_wconf 82' lang='lat'>)</span> <span class='ocrx_word' id='word_1_669' title='bbox 2314 4285 2485 4334; x_wconf 83' lang='lat' dir='ltr'>Omnia</span> <span class='ocrx_word' id='word_1_670' title='bbox 2509 4286 2614 4335; x_wconf 80' lang='lat' dir='ltr'>haee</span> <span class='ocrx_word' id='word_1_671' title='bbox 2635 4298 2696 4334; x_wconf 78' lang='lat' dir='ltr'>ex</span> <span class='ocrx_word' id='word_1_672' title='bbox 2719 4285 2951 4335; x_wconf 77' lang='lat' dir='ltr'>Asiatiaca</span> <span class='ocrx_word' id='word_1_673' title='bbox 2985 4285 3152 4347; x_wconf 71' lang='lat' dir='ltr'>mytho</span> 
     </span>
     <span class='ocr_line' id='line_1_101' title="bbox 2160 4345 3718 4411; baseline 0.003 -16"><span class='ocrx_word' id='word_1_674' title='bbox 2160 4351 2274 4396; x_wconf 79' lang='lat' dir='ltr'>sunt</span> <span class='ocrx_word' id='word_1_675' title='bbox 2292 4346 2536 4396; x_wconf 82' lang='lat' dir='ltr'>translata.</span> <span class='ocrx_word' id='word_1_676' title='bbox 2599 4345 3014 4403; x_wconf 82' lang='lat' dir='ltr'>Quemadmodum</span> <span class='ocrx_word' id='word_1_677' title='bbox 3031 4346 3158 4407; x_wconf 79' lang='lat' dir='ltr'>apud</span> <span class='ocrx_word' id='word_1_678' title='bbox 3178 4348 3414 4397; x_wconf 68' lang='lat' dir='ltr'>Rostrum</span> <span class='ocrx_word' id='word_1_679' title='bbox 3433 4349 3718 4411; x_wconf 54' lang='lat' dir='ltr'>Agathe&amp;-</span> 
     </span>
    </p>
   </div>
   <div class='ocr_carea' id='block_1_16' title="bbox 2151 4414 3716 5169">
    <p class='ocr_par' dir='ltr' id='par_1_22' title="bbox 2151 4414 3716 5169">
     <span class='ocr_line' id='line_1_102' title="bbox 2160 4414 3714 4480; baseline 0.001 -16"><span class='ocrx_word' id='word_1_680' title='bbox 2160 4430 2274 4465; x_wconf 87' lang='lat' dir='ltr'>mon</span> <span class='ocrx_word' id='word_1_681' title='bbox 2309 4416 2645 4477; x_wconf 69' lang='lat' dir='ltr'>interpretatur</span> <span class='ocrx_word' id='word_1_682' title='bbox 2662 4415 2864 4465; x_wconf 80' lang='lat' dir='ltr'>Thothis</span> <span class='ocrx_word' id='word_1_683' title='bbox 2880 4417 3191 4465; x_wconf 75' lang='lat' dir='ltr'>monumenta</span> <span class='ocrx_word' id='word_1_684' title='bbox 3214 4416 3464 4477; x_wconf 73' lang='lat' dir='ltr'>literaria,</span> <span class='ocrx_word' id='word_1_685' title='bbox 3485 4420 3560 4467; x_wconf 72' lang='lat' dir='ltr'>sie</span> <span class='ocrx_word' id='word_1_686' title='bbox 3589 4414 3714 4480; x_wconf 44' lang='lat' dir='ltr'><em>fi</em></span> 
     </span>
     <span class='ocr_line' id='line_1_103' title="bbox 2159 4482 3716 4544; baseline 0.001 -11"><span class='ocrx_word' id='word_1_687' title='bbox 2159 4487 2386 4534; x_wconf 81' lang='lat' dir='ltr'>Berosum</span> <span class='ocrx_word' id='word_1_688' title='bbox 2429 4482 2710 4532; x_wconf 78' lang='lat' dir='ltr'>Annodotus</span> <span class='ocrx_word' id='word_1_689' title='bbox 2772 4483 3011 4532; x_wconf 75' lang='lat' dir='ltr'>secundus</span> <span class='ocrx_word' id='word_1_690' title='bbox 3056 4483 3265 4544; x_wconf 78' lang='lat' dir='ltr'>explicat</span> <span class='ocrx_word' id='word_1_691' title='bbox 3323 4483 3496 4534; x_wconf 76' lang='lat' dir='ltr'>literas</span> <span class='ocrx_word' id='word_1_692' title='bbox 3527 4496 3716 4543; x_wconf 61' lang='lat' dir='ltr'>aaut.</span> 
     </span>
     <span class='ocr_line' id='line_1_104' title="bbox 2158 4550 3716 4616; baseline 0.002 -14"><span class='ocrx_word' id='word_1_693' title='bbox 2158 4566 2282 4614; x_wconf 81' lang='lat' dir='ltr'>quas</span> <span class='ocrx_word' id='word_1_694' title='bbox 2303 4555 2492 4602; x_wconf 79' lang='lat' dir='ltr'>oannes</span> <span class='ocrx_word' id='word_1_695' title='bbox 2530 4555 2640 4600; x_wconf 86' lang='lat' dir='ltr'>ante</span> <span class='ocrx_word' id='word_1_696' title='bbox 2673 4550 2909 4601; x_wconf 80' lang='lat' dir='ltr'>diluvium</span> <span class='ocrx_word' id='word_1_697' title='bbox 2946 4551 3241 4603; x_wconf 74' lang='lat' dir='ltr'>condiderat.</span> <span class='ocrx_word' id='word_1_698' title='bbox 3323 4554 3556 4604; x_wconf 51' lang='lat' dir='ltr'>Simili&amp;</span> <span class='ocrx_word' id='word_1_699' title='bbox 3585 4552 3716 4616; x_wconf 65' lang='lat' dir='ltr'>apud</span> 
     </span>
     <span class='ocr_line' id='line_1_105' title="bbox 2159 4621 3711 4683; baseline -0.001 -11"><span class='ocrx_word' id='word_1_700' title='bbox 2159 4622 2404 4672; x_wconf 60' lang='lat' dir='ltr'>Phoenices</span> <span class='ocrx_word' id='word_1_701' title='bbox 2436 4621 2753 4670; x_wconf 79' lang='lat' dir='ltr'>Surmubelus</span> <span class='ocrx_word' id='word_1_702' title='bbox 2777 4621 3027 4683; x_wconf 80' lang='lat' dir='ltr'>apparuit,</span> <span class='ocrx_word' id='word_1_703' title='bbox 3054 4624 3109 4669; x_wconf 88' lang='lat' dir='ltr'>ut</span> <span class='ocrx_word' id='word_1_704' title='bbox 3141 4622 3320 4683; x_wconf 77' lang='lat' dir='ltr'>scripta</span> <span class='ocrx_word' id='word_1_705' title='bbox 3349 4624 3538 4681; x_wconf 66' lang='lat' dir='ltr'>Tanti,</span> <span class='ocrx_word' id='word_1_706' title='bbox 3557 4624 3626 4683; x_wconf 76' lang='lat' dir='ltr'>(i.</span> <span class='ocrx_word' id='word_1_707' title='bbox 3661 4634 3711 4683; x_wconf 72' lang='lat' dir='ltr'>q.</span> 
     </span>
     <span class='ocr_line' id='line_1_106' title="bbox 2156 4690 3712 4753; baseline -0.002 -12"><span class='ocrx_word' id='word_1_708' title='bbox 2156 4693 2298 4752; x_wconf 80' lang='grc' dir='ltr'>θώθ)</span> <span class='ocrx_word' id='word_1_709' title='bbox 2323 4693 2597 4752; x_wconf 81' lang='lat' dir='ltr'>exponeret.</span> <span class='ocrx_word' id='word_1_710' title='bbox 2622 4692 2780 4739; x_wconf 81' lang='lat' dir='ltr'>Taaut</span> <span class='ocrx_word' id='word_1_711' title='bbox 2795 4690 2924 4753; x_wconf 80' lang='lat' dir='ltr'>apud</span> <span class='ocrx_word' id='word_1_712' title='bbox 2941 4690 3201 4751; x_wconf 78' lang='lat' dir='ltr'>Joeephum</span> <span class='ocrx_word' id='word_1_713' title='bbox 3224 4692 3313 4751; x_wconf 84' lang='grc' dir='ltr'>(Α.</span> <span class='ocrx_word' id='word_1_714' title='bbox 3339 4694 3387 4740; x_wconf 78' lang='lat' dir='ltr'>J.</span> <span class='ocrx_word' id='word_1_715' title='bbox 3412 4695 3469 4753; x_wconf 85' lang='lat'>1,</span> <span class='ocrx_word' id='word_1_716' title='bbox 3495 4698 3552 4752; x_wconf 81' lang='lat'>2,</span> <span class='ocrx_word' id='word_1_717' title='bbox 3571 4691 3640 4749; x_wconf 71' lang='lat'>8)</span> <span class='ocrx_word' id='word_1_718' title='bbox 3661 4690 3712 4738; x_wconf 70' lang='lat' dir='ltr'>h</span> 
     </span>
     <span class='ocr_line' id='line_1_107' title="bbox 2156 4758 3712 4821; baseline -0.001 -13"><span class='ocrx_word' id='word_1_719' title='bbox 2156 4760 2277 4810; x_wconf 77' lang='lat' dir='ltr'>Seth</span> <span class='ocrx_word' id='word_1_720' title='bbox 2300 4772 2459 4821; x_wconf 79' lang='lat' dir='ltr'>regem</span> <span class='ocrx_word' id='word_1_721' title='bbox 2481 4759 2622 4819; x_wconf 81' lang='lat' dir='ltr'>abiit,</span> <span class='ocrx_word' id='word_1_722' title='bbox 2645 4759 2730 4820; x_wconf 85' lang='lat' dir='ltr'>qui</span> <span class='ocrx_word' id='word_1_723' title='bbox 2755 4772 2818 4808; x_wconf 87' lang='lat' dir='ltr'>ne</span> <span class='ocrx_word' id='word_1_724' title='bbox 2837 4759 2990 4808; x_wconf 74' lang='lat' dir='ltr'>litem</span> <span class='ocrx_word' id='word_1_725' title='bbox 3008 4758 3053 4806; x_wconf 79' lang='lat' dir='ltr'>vi</span> <span class='ocrx_word' id='word_1_726' title='bbox 3070 4770 3307 4820; x_wconf 81' lang='lat' dir='ltr'>aquarum</span> <span class='ocrx_word' id='word_1_727' title='bbox 3325 4759 3712 4816; x_wconf 55' lang='lat' dir='ltr'>dest-rm.</span> 
     </span>
     <span class='ocr_line' id='line_1_108' title="bbox 2154 4827 3706 4891; baseline -0.002 -13"><span class='ocrx_word' id='word_1_728' title='bbox 2154 4830 2295 4878; x_wconf 80' lang='lat' dir='ltr'>stelas</span> <span class='ocrx_word' id='word_1_729' title='bbox 2312 4829 2538 4890; x_wconf 76' lang='lat' dir='ltr'>effigiatas</span> <span class='ocrx_word' id='word_1_730' title='bbox 2562 4827 2720 4891; x_wconf 78' lang='lat' dir='ltr'>posuit</span> <span class='ocrx_word' id='word_1_731' title='bbox 2740 4829 2863 4878; x_wconf 80' lang='grc' dir='ltr'>κατὰ</span> <span class='ocrx_word' id='word_1_732' title='bbox 2878 4834 2964 4890; x_wconf 82' lang='grc' dir='ltr'>γῆν</span> <span class='ocrx_word' id='word_1_733' title='bbox 2997 4828 3081 4885; x_wconf 81' lang='grc' dir='ltr'>τὴν</span> <span class='ocrx_word' id='word_1_734' title='bbox 3117 4828 3305 4889; x_wconf 75' lang='grc' dir='ltr'>Σιριάδα</span> <span class='ocrx_word' id='word_1_735' title='bbox 3336 4829 3447 4887; x_wconf 76' lang='lat' dir='ltr'><strong>(Os.</strong></span> <span class='ocrx_word' id='word_1_736' title='bbox 3485 4827 3706 4877; x_wconf 59' lang='grc' dir='ltr'>ω</span> 
     </span>
     <span class='ocr_line' id='line_1_109' title="bbox 2152 4898 3702 4961; baseline -0.003 -12"><span class='ocrx_word' id='word_1_737' title='bbox 2152 4902 2353 4955; x_wconf 75' lang='lat' dir='ltr'>flexam.</span> <span class='ocrx_word' id='word_1_738' title='bbox 2388 4911 2436 4959; x_wconf 83' lang='lat' dir='ltr'>p.</span> <span class='ocrx_word' id='word_1_739' title='bbox 2469 4900 2579 4960; x_wconf 81' lang='lat'><strong>27).</strong></span> <span class='ocrx_word' id='word_1_740' title='bbox 2607 4923 2670 4934; x_wconf 92' lang='lat'>—</span> <span class='ocrx_word' id='word_1_741' title='bbox 2703 4899 2846 4960; x_wconf 75' lang='lat' dir='ltr'>Signa</span> <span class='ocrx_word' id='word_1_742' title='bbox 2878 4910 3016 4948; x_wconf 74' lang='lat' dir='ltr'>saera</span> <span class='ocrx_word' id='word_1_743' title='bbox 3040 4898 3399 4961; x_wconf 67' lang='grc' dir='ltr'>(ιιρογραφιιιάς</span> <span class='ocrx_word' id='word_1_744' title='bbox 3431 4898 3564 4960; x_wconf 77' lang='lat' dir='ltr'>qnod</span> <span class='ocrx_word' id='word_1_745' title='bbox 3601 4908 3702 4945; x_wconf 65' lang='lat' dir='ltr'>aa</span> 
     </span>
     <span class='ocr_line' id='line_1_110' title="bbox 2152 4966 3698 5030; baseline 0 -15"><span class='ocrx_word' id='word_1_746' title='bbox 2152 4971 2288 5016; x_wconf 88' lang='lat' dir='ltr'>muto</span> <span class='ocrx_word' id='word_1_747' title='bbox 2325 4967 2374 5016; x_wconf 86' lang='lat' dir='ltr'>in</span> <span class='ocrx_word' id='word_1_748' title='bbox 2407 4966 2751 5028; x_wconf 69' lang='grc' dir='ltr'>ιερογλυφιιά),</span> <span class='ocrx_word' id='word_1_749' title='bbox 2775 4980 2886 5030; x_wconf 78' lang='lat' dir='ltr'>quoe</span> <span class='ocrx_word' id='word_1_750' title='bbox 2919 4967 3044 5017; x_wconf 82' lang='lat' dir='ltr'>‘roth</span> <span class='ocrx_word' id='word_1_751' title='bbox 3079 4967 3210 5029; x_wconf 79' lang='lat' dir='ltr'>apud</span> <span class='ocrx_word' id='word_1_752' title='bbox 3245 4968 3698 5017; x_wconf 53' lang='lat' dir='ltr'>Mammam-</span> 
     </span>
     <span class='ocr_line' id='line_1_111' title="bbox 2151 5036 3695 5099; baseline 0 -14"><span class='ocrx_word' id='word_1_753' title='bbox 2151 5036 2209 5085; x_wconf 86' lang='lat' dir='ltr'>lis</span> <span class='ocrx_word' id='word_1_754' title='bbox 2248 5037 2518 5097; x_wconf 77' lang='lat' dir='ltr'>insculpsit,</span> <span class='ocrx_word' id='word_1_755' title='bbox 2559 5038 2790 5098; x_wconf 81' lang='lat' dir='ltr'>tanquam</span> <span class='ocrx_word' id='word_1_756' title='bbox 2832 5038 2990 5099; x_wconf 71' lang='lat' dir='ltr'>ignota</span> <span class='ocrx_word' id='word_1_757' title='bbox 3026 5049 3220 5099; x_wconf 72' lang='lat' dir='ltr'>proram</span> <span class='ocrx_word' id='word_1_758' title='bbox 3255 5037 3485 5099; x_wconf 65' lang='lat' dir='ltr'>AEgyptfn</span> <span class='ocrx_word' id='word_1_759' title='bbox 3516 5038 3695 5085; x_wconf 62' lang='lat' dir='ltr'>nnb-</span> 
     </span>
     <span class='ocr_line' id='line_1_112' title="bbox 2156 5104 3696 5169; baseline -0.001 -15"><span class='ocrx_word' id='word_1_760' title='bbox 2156 5106 2280 5155; x_wconf 84' lang='lat' dir='ltr'>libus</span> <span class='ocrx_word' id='word_1_761' title='bbox 2315 5105 2509 5167; x_wconf 77' lang='lat' dir='ltr'>cogitari</span> <span class='ocrx_word' id='word_1_762' title='bbox 2546 5104 2750 5168; x_wconf 83' lang='lat' dir='ltr'>debent,</span> <span class='ocrx_word' id='word_1_763' title='bbox 2773 5105 2891 5157; x_wconf 79' lang='lat' dir='ltr'>adeo</span> <span class='ocrx_word' id='word_1_764' title='bbox 2922 5108 2977 5155; x_wconf 86' lang='lat' dir='ltr'>ut</span> <span class='ocrx_word' id='word_1_765' title='bbox 3012 5106 3104 5157; x_wconf 81' lang='lat' dir='ltr'>deo</span> <span class='ocrx_word' id='word_1_766' title='bbox 3135 5106 3393 5169; x_wconf 73' lang='lat' dir='ltr'>interprete</span> <span class='ocrx_word' id='word_1_767' title='bbox 3421 5118 3542 5168; x_wconf 71' lang='lat' dir='ltr'>opus</span> <span class='ocrx_word' id='word_1_768' title='bbox 3565 5104 3696 5153; x_wconf 65' lang='lat' dir='ltr'>efflet</span> 
     </span>
    </p>
   </div>
  </div>
 </body>
</html>
