3900 6042
500 423 612 471 463

1800 409 2109 471 DURlDlS
2152 404 2366 469 SAM'u

500 563 566 599 ex
588 554 903 617 temporum
926 543 1126 598 ordine
1148 553 1491 617 postremum
1508 584 1523 611 ‚
1553 544 1793 616 pertinet
1812 543 1883 597 ad
1906 562 2051 598 mor·
2140 544 2312 617 vulgo
2324 543 2526 616 legitur
2541 558 2555 599 :
2573 543 2751 618 Δοῦρις
2766 542 2817 596 ἐν
2841 534 2902 597 δε
2919 563 2952 597 κ
2970 530 3092 617 ditis.
3111 543 3216 598 τῶν
3236 540 3358 619 περὶ
3379 529 3760 618 Ἀγαθοαλῖα,

502 644 612 687 tem
639 632 983 706 Lysimachi,
1033 633 1129 703 qui
1170 632 1373 705 proelio
1411 642 1605 685 contra
1643 632 1934 685 Seleucum
1983 630 2051 685 ad

501 719 883 792 Corupedium
925 720 1218 773 commisso
1256 718 1459 772 cecidit
1496 719 1585 773 Ol.
1642 724 1778 784 124,
1816 726 1867 783 4.
1916 717 2048 774 281.

504 805 673 877 Quod
693 807 959 876 quoniam
998 806 1244 859 ultimum
1264 802 1396 873 ’suit
1428 816 1703 858 certamen
1731 806 2055 859 commilito·

504 912 635 946 num
667 893 980 946 Alexandri
1011 892 1238 965 (Justin.
1280 893 1446 946 XVII
1469 932 1483 959 ,
1522 912 1543 945 1
1576 892 1629 964 ),
1667 891 1834 946 finem
1856 910 2055 964 parra-

502 980 669 1033 tionis
690 981 816 1033 satis
842 990 1031 1051 aptum
1059 979 1310 1051 praebere
1338 979 1525 1051 potuit
1545 1019 1560 1046 ‚
1606 988 1772 1050 atque
1805 989 2057 1051 tempora

501 1068 788 1139 scriptoris
806 1066 1080 1138 impedire
1108 1065 1389 1131 videntur,
1419 1067 1718 1137 quominus
1738 1083 1863 1119 eum
1889 1065 2058 1137 longe

503 1154 647 1206 ultra
664 1153 812 1206 hunc
838 1154 1133 1206 terminum
1155 1170 1507 1224 progressum
1533 1171 1644 1207 esse
1665 1154 2053 1207 existimemus,

502 1240 889 1293 Narrationem
937 1240 1107 1311 igitur
1156 1238 1455 1292 deduxerit
1493 1257 1664 1310 usque
1704 1237 1775 1292 ad
1821 1249 2058 1292 mortem

507 1323 755 1397 Seleuci,
801 1326 898 1396 qui
939 1327 1129 1398 paucis
1173 1336 1302 1396 post
1349 1326 1735 1396 Lysimachum
1780 1324 2060 1379 mensibus

508 1414 655 1467 diem
683 1413 841 1469 obiit.
867 1444 940 1454 —-
963 1414 1211 1467 'situlum
1237 1413 1421 1485 operis
1442 1422 1666 1483 ponunt
1695 1412 1870 1467 modo
1891 1408 2060 1466 Ἱστδ-

507 1496 612 1574 ρίαι
646 1498 741 1572 (fr.
770 1518 816 1552 1.
851 1517 907 1553 2.
946 1499 1036 1555 13.
1071 1518 1165 1568 27.
1196 1507 1290 1552 29.
1327 1497 1419 1554 3ο.
1450 1498 1539 1553 31.
1567 1498 1709 1572 32),
1738 1497 1913 1552 modo
1941 1498 2061 1552 Μα-

504 1582 738 1642 κεδονικά
766 1585 869 1659 (fr.
901 1584 954 1643 8.
988 1605 1075 1639 12.
1114 1585 1203 1641 16.
1233 1586 1305 1639 26
1336 1585 1502 1653 (1128,
1525 1586 1623 1639 ubi
1645 1596 1909 1656 corrupte
1947 1587 2063 1639 Λα-

506 1670 901 1746 κεδαιμονικά),
943 1672 1114 1726 modo
1152 1668 1442 1740 Ἑλληνικά
1479 1672 1757 1747 (Diodor.
1788 1670 1825 1725 Ι.
1870 1672 1909 1726 l.
1948 1670 2064 1726 vid.

506 1760 692 1837 not.).
743 1764 888 1832 Quas
927 1762 1217 1814 titulorum
1246 1760 1451 1813 formas
1492 1758 1631 1813 nihil
1684 1760 1830 1812 inter
1867 1777 1923 1811 se
1960 1777 2067 1831 pu-

506 1865 679 1919 gnare
716 1866 883 1902 nemo
912 1866 1030 1900 non
1063 1848 1218 1900 videt
1255 1864 1505 1918 quaenam
1546 1857 1676 1901 tunc
1717 1846 1885 1900 suerit
1922 1847 2067 1899 ratio

505 1933 749 1989 historiae
795 1934 997 1989 Graecae
1030 1952 1215 1987 secum
1254 1944 1532 2005 reputans
1568 1932 1780 2002 Quodsi
1818 1932 2068 1988 Eudocia

508 2037 568 2091 p.
603 2037 717 2091 229
755 2037 809 2076 v.
843 2019 1010 2093 Δῶρις
1031 2018 1233 2073 Duridi
1269 2029 1462 2073 nostro
1505 2015 1762 2093 Ἱστορίαν
1796 2015 2064 2095 Περσικὴν

510 2105 741 2176 tribuit,
770 2106 1009 2177 spectari
1036 2105 1262 2159 videtur
1298 2123 1363 2160 ea
1384 2106 1741 2159 historiarum
1772 2124 1930 2179 pai-S,
1969 2107 2065 2160 ubi

512 2191 585 2245 de
616 2191 924 2247 Alexandri
954 2191 1406 2264 expeditionibus
1431 2210 1616 2247 sermo
1655 2192 1775 2247 fuit.
1803 2196 1888 2248 De
1917 2212 2067 2248 oeco·

514 2278 703 2332 nomia
738 2279 923 2350 operis
959 2279 1201 2332 certiora
1234 2280 1568 2352 plerumque
1609 2280 1714 2333 dici
1756 2291 2065 2351 nequeunt.

512 2366 647 2436 Quae
675 2366 933 2419 tenuiora
956 2364 1165 2419 indicia
1188 2367 1457 2420 scrutanti
1481 2384 1677 2420 cruere
1713 2384 1840 2419 cum
1883 2366 2067 2439 aliqua

515 2451 928 2526 probabilitatis
953 2453 1138 2525 specie
1167 2453 1325 2521 licet,
1350 2464 1479 2507 sunt
1500 2453 1615 2508 fere
1647 2455 1766 2508 haec
1795 2471 1808 2506 ε
1841 2454 2014 2509 Liber
2041 2455 2066 2506 1

506 2540 782 2613 pertinuit
816 2559 992 2613 usque
1024 2539 1097 2594 ad
1136 2558 1372 2613 regnum
1399 2541 1643 2614 Philippi
1671 2539 1792 2613 (Ol.
1833 2558 1941 2595 102
1961 2580 1979 2610 ,
2009 2539 2064 2594 3.

510 2658 589 2670 -
611 2637 714 2684 104
737 2669 753 2696 ,
821 2635 891 2696 [η
957 2626 1350 2701 370-361);
1407 2647 1538 2683 nam
1608 2628 1757 2682 libro
1822 2627 2069 2682 secundo

513 2713 528 2790 (
552 2714 624 2771 fr.
670 2715 736 2787 2)
776 2715 890 2786 jam
934 2714 1202 2789 agebatur
1250 2716 1321 2769 de
1362 2715 1513 2769 bello
1566 2715 1834 2769 Phocico.
1887 2715 2072 2769 Libris

516 2804 699 2858 11—v
718 2813 914 2857 auctor
929 2800 1173 2875 Philippi
1198 2804 1343 2875 regis
1361 2820 1448 2856 res
1467 2813 1642 2877 gestas
1663 2802 1920 2875 exposuit
1944 2802 2061 2876 (Ol.

521 2887 629 2944 105
653 2929 669 2956 ,
709 2906 964 2956 1—111,
1015 2906 1065 2941 1.
1114 2886 1500 2961 360—336);
1538 2906 1667 2942 nam
1698 2889 1842 2942 libro
1869 2889 2070 2961 quinto

514 2975 699 3030 adhuc
739 2975 812 3029 de
845 2975 1104 3046 Philippo
1145 2974 1360 3028 dictum
1397 2991 1511 3027 esse
1537 2974 1719 3047 arguit
1756 2974 1952 3047 fragm.
1999 2974 2068 3043 8,

517 3080 692 3134 quum
719 3079 786 3114 ex
807 3061 953 3113 libro
980 3062 1217 3131 septimo
1244 3060 1613 3135 fragmentum
1641 3058 1753 3133 (12)
1774 3059 1888 3131 jam
1914 3062 1985 3114 sit
2002 3060 2072 3115 de

516 3147 930 3221 expugnatione
959 3146 1107 3218 Tyri.
1134 3147 1313 3201 Libris
1340 3148 1549 3202 VI——X
1576 3146 1956 3201 tractabantur
1987 3165 2074 3203 res

516 3233 823 3292 Alexandri
845 3233 969 3307 (Ol.
1008 3252 1029 3287 1
1050 3252 1135 3301 11,
1166 3239 1413 3302 1-114,
1436 3252 1491 3288 2.
1526 3228 1893 3307 336-323).
1927 3235 2074 3289 Pen-

519 3323 614 3377 det
635 3323 905 3375 sententia
932 3338 1001 3374 ex
1025 3319 1093 3373 fr.
1126 3339 1191 3373 21
1217 3361 1233 3385 ,
1263 3320 1421 3390 quod
1448 3321 1519 3375 ad
1549 3340 1640 3374 an.
1676 3319 1787 3375 325
1818 3321 2072 3376 reseren-

520 3406 656 3461 dum
672 3425 782 3461 esse
800 3406 1043 3464 videtur.
1064 3406 1503 3462 LibriXI--XV
1523 3417 1744 3462 amorte
1764 3408 2072 3464 Alexandri

519 3512 694 3566 usque
711 3493 782 3549 ad
797 3495 882 3549 Ol.
911 3513 933 3547 1
952 3494 1042 3562 16,
1068 3513 1123 3548 2.
1158 3492 1191 3548 3
1207 3492 1294 3561 15,
1313 3497 1427 3550 sive
1444 3493 1516 3549 ad
1532 3504 1768 3549 mortem
1786 3496 2075 3569 Olympia..

521 3581 606 3635 dis
624 3592 791 3654 atque
809 3580 1268 3635 restaurationem
1288 3581 1628 3649 Thebarum,
1651 3584 1733 3636 uti
1755 3583 1983 3655 colligas
2004 3601 2072 3637 ex

520 3668 717 3741 fragm.
748 3668 843 3736 26,
867 3665 1023 3740 quod
1046 3671 1292 3740 pertinet
1305 3668 1377 3723 ad
1400 3687 1489 3725 an.
1512 3669 1645 3723 315.
1671 3669 1826 3725 Libri
1846 3672 1980 3725 XVI
2000 3701 2075 3712 -

519 3754 692 3812 XXII
712 3756 1073 3810 continebant
1097 3774 1183 3811 res
1201 3767 1377 3830 gestas
1399 3754 1468 3811 ab
1500 3757 1588 3811 Ol.
1630 3776 1651 3811 1
1668 3757 1736 3811 16
1751 3797 1766 3825 ,
1801 3757 1947 3812 3-1
1966 3776 2033 3831 ¹9
2055 3801 2071 3833 ,

522 3845 578 3900 4.
613 3847 724 3907 314
747 3875 824 3884 —
860 3842 964 3897 301
987 3885 1006 3917 ,
1035 3845 1148 3897 sive
1178 3862 1355 3916 usque
1378 3840 1451 3897 ad
1473 3861 1721 3917 pugnam
1748 3845 1820 3899 ad
1849 3847 2070 3917 Ipsum;

521 3950 649 3985 nam
678 3931 875 4005 fragm.
919 3930 991 3984 30
1020 3949 1090 3985 ex
1118 3930 1266 3985 libro
1293 3931 1466 3986 XXII
1494 3930 1851 3985 referendum
1883 3932 1956 3987 ad
1987 3934 2074 3989 Ol.

530 4037 673 4091 119,
709 4017 762 4073 3.
790 4018 960 4089 Quod
993 4037 1061 4073 ex
1098 4018 1246 4072 libro
1282 4019 1478 4072 XXIII
1518 4017 1751 4073 affertur
1796 4016 1898 4091 (fr.
1931 4017 2071 4093 32),

525 4107 794 4178 temporis
814 4104 1201 4160 definitionem
1224 4123 1341 4159 non
1364 4105 1625 4159 admittit.
1657 4107 1780 4159 Jam
1810 4123 1983 4176 quum
2005 4106 2078 4160 ad

524 4204 764 4248 mortem
808 4194 1120 4265 Lysimachi
1157 4193 1431 4265 supersint
1467 4194 1594 4246 anni
1638 4194 1833 4266 viginti
1866 4192 2076 4267 (3001-

528 4279 633 4335 281
662 4278 713 4351 ),
748 4297 872 4351 quae
896 4290 978 4333 est
1011 4281 1069 4334 in
1102 4280 1388 4353 prioribus
1418 4280 1749 4333 narrationis
1787 4281 2079 4351 prolixitas

524 4365 877 4437 probabilem
905 4365 1092 4420 reddit
1123 4364 1509 4436 conjecturam
1544 4366 1862 4420 Hullemani
1898 4377 2077 4420 totum

529 4469 669 4522 opus
697 4459 827 4504 octo
848 4460 901 4504 et
924 4451 1120 4524 viginti
1145 4452 1367 4506 circiter
1390 4452 1545 4505 libris
1568 4452 1895 4507 constitisse.

605 4536 774 4607 Quod
791 4538 1047 4593 orientali
1067 4540 1307 4612 Europa!
1320 4540 1466 4611 parti
1479 4539 1767 4611 Philippus
1777 4551 1833 4594 et
1845 4541 2055 4594 Alexan
2066 4571 2077 4581 ·

529 4624 650 4693 der,
678 4623 829 4679 idem
858 4625 1298 4681 occidentalibus
1327 4627 1649 4700 regionibus
1672 4626 1778 4680 fuit
1818 4629 2080 4701 Agatho-

528 4715 641 4766 cles
664 4710 683 4785 (
703 4732 724 4765 1
743 4711 809 4767 15
825 4754 841 4781 ,
869 4714 1102 4770 4—122
1124 4754 1139 4781 ,
1170 4720 1224 4779 4.
1252 4713 1562 4787 317—289
1582 4710 1620 4787 ).
1641 4713 1770 4784 Ejus
1792 4716 2080 4769 historiam

529 4801 742 4855 Samius
770 4809 1035 4871 tyrannus
1058 4802 1329 4873 peculiari
1357 4818 1528 4875 opere
1558 4802 1854 4867 enarravit,
1880 4803 1935 4855 in
1967 4820 2081 4874 quo

529 4886 918 4959 benigniorem
962 4904 1019 4941 se
1062 4887 1404 4958 Syracusano
1443 4889 1749 4961 praebuerit
1780 4907 1945 4960 quam
1989 4891 2083 4942 Ti-

532 4992 720 5041 maeus,
747 4975 844 5045 qui
868 4974 1056 5047 paullo
1072 4984 1200 5046 post
1220 4975 1491 5031 Duridem
1507 4975 1827 5048 Agathoclis
1847 4994 1934 5030 res
1953 4994 2083 5050 per-

2145 630 2204 684 id
2228 630 2524 684 rectissime
2545 630 2906 684 Hullemanus
2937 629 3278 697 emendavit,
3305 649 3417 703 pro
3449 632 3518 685 ἐν
3543 628 3752 703 δεκάτῃ

2146 734 2422 788 reponens
2446 715 2498 769 ἐν
2528 712 2572 769 δ’
2599 715 2696 788 (cf.
2717 715 2786 771 fr.
2811 715 2940 790 38).
2963 717 3112 770 Num
3136 716 3196 769 in
3219 717 3352 788 ipsis
3381 718 3546 771 locis
3569 718 3754 771 histo-

2146 803 2241 857 riae
2277 804 2568 857 materiam
2617 803 2783 856 Duris
2840 800 3164 876 collegerit,
3207 821 3283 856 an
3331 803 3594 857 fortasse
3630 805 3748 873 jam

2147 907 2276 944 usus
2297 891 2365 943 sit
2386 890 2568 944 Calliae
2590 899 2645 943 et
2672 889 2951 943 Antandri
2978 890 3050 944 de
3073 891 3390 963 Agathocle
3421 909 3746 944 commen—

2149 977 2326 1043 tariis,
2353 974 2650 1045 dijudicari
2671 977 2885 1047 nequit.
2913 977 2999 1030 Ex
3011 976 3342 1049 fragmentis
3357 977 3479 1030 hoc
3505 988 3742 1030 tantum

2151 1063 2383 1136 colligis,
2399 1063 2587 1116 multis
2606 1080 2748 1133 opus
2770 1061 2841 1115 de
2865 1072 3085 1128 natura,
3112 1062 3645 1133 fabulis,nfirandis
3657 1065 3740 1117 si-

2152 1147 2288 1200 ciliae
2304 1188 2320 1219 ,
2354 1149 2523 1201 ltaliae
2539 1188 2553 1215 ,
2605 1149 2790 1219 Libyae
2839 1147 3023 1221 (unde
3064 1149 3273 1219 Libyca
3302 1149 3525 1204 Duridi
3569 1148 3742 1203 affin·

2151 1243 2360 1304 guntur
2381 1234 2448 1290 fr.
2479 1233 2571 1307 35)
2601 1233 2920 1288 distinctum
2945 1234 3107 1289 fuisse
3131 1235 3620 1308 digressionibus.

2230 1320 2552 1392 Sequuntur
2568 1308 2728 1396 ῗΩροι
2754 1319 2991 1393 Σαμίων,
3017 1340 3266 1393 quorum
3286 1322 3572 1377 laudatur
3595 1322 3740 1376 liber

2154 1405 2523 1461 duodecimus
2548 1408 2636 1460 vel
2677 1408 2863 1479 potius
2887 1425 2954 1462 ex
2986 1408 3314 1463 Hullemani
3331 1411 3728 1473 ,cor-rectione

2157 1493 2299 1547 liber
2325 1493 2599 1548 secundus
2621 1491 2704 1568 (v.
2748 1493 2814 1548 fr.
2847 1492 2976 1570 50).
3001 1495 3069 1549 In
3110 1495 3225 1550 boc
3264 1514 3518 1568 quoque
3555 1516 3734 1569 opere

2155 1598 2273 1634 non
2309 1582 2587 1652 acquievit
2633 1582 2800 1637 Duris
2840 1584 3156 1655 argumenti
3201 1585 3484 1638 varietate
3501 1626 3520 1652 ,
3564 1601 3731 1655 quam

2155 1667 2272 1739 ipsa
2293 1668 2470 1721 insula
2489 1668 2638 1721 civili
2659 1668 2918 1739 historia,
2936 1667 3173 1722 deorum
3198 1669 3381 1736 cultu,
3405 1670 3623 1741 literis»,
3645 1689 3730 1723 ar·

2158 1754 2303 1808 tibus
2327 1755 2621 1809 clarissima
2639 1755 2926 1828 praebebat
2944 1795 2963 1827 ,
3005 1754 3105 1808 sed
3123 1755 3289 1809 latius
3310 1774 3464 1828 saepe
3489 1756 3574 1810 ad
3600 1757 3732 1809 alie·

2159 1839 2318 1892 niora
2347 1843 2681 1913 exspatiatus
2704 1850 2801 1898 est.
2823 1842 3103 1912 Tempora
3125 1859 3321 1895 rerum
3352 1842 3730 1897 adornaverit

2165 1926 2472 1980 secundum
2501 1929 2814 2001 catalogum
2840 1927 3196 1982 sacerdotum
3222 1930 3496 1984 sunonis.

2238 2015 2341 2084 Qui
2359 2026 2562 2087 praeter
2579 2017 2774 2070 allatos
2787 2014 2990 2070 Duridi
3009 2015 3140 2069 libri
3153 2016 3516 2086 tribuuntur,
3531 2038 3728 2072 eorum

2162 2112 2279 2156 tam
2304 2114 2495 2158 tenues
2522 2105 2771 2177 reliquiae
2793 2114 2954 2173 sunt,
2979 2116 3042 2157 ut
3064 2122 3234 2159 omne
3253 2105 3553 2175 judicium
3583 2126 3728 2180 prae-

2162 2189 2409 2245 cludant.
2434 2182 2601 2245 Tituli
2625 2190 2916 2245 manifesto
2939 2190 3193 2262 produnt
3215 2192 3522 2245 alumnum
3547 2195 3728 2247 Theo·

2160 2276 2390 2348 phrasti.
2420 2277 2596 2331 Modo
2623 2295 2695 2331 ne
2725 2276 3190 2348 Theophrasteam
3219 2278 3378 2331 istam
3409 2281 3472 2332 in
3505 2276 3730 2333 Duride

2162 2364 2432 2418 orationis
2451 2363 2806 2419 dulcedinem
2826 2366 3243 2436 exspectaveris.
3269 2366 3403 2419 Haec
3429 2368 3600 2420 enim
3615 2367 3726 2421 lans

2161 2451 2391 2522 propria
2416 2460 2497 2504 est
2518 2450 2904 2522 Theophrasti.
2944 2450 3168 2522 Reliqui
3203 2452 3576 2524 peripatetici
3614 2455 3725 2507 fere

2162 2553 2356 2593 omnes
2385 2534 2553 2591 rebus
2583 2537 2753 2610 magis
2776 2555 2943 2608 quam
2974 2536 3160 2591 verbis
3189 2539 3392 2592 intenti
3418 2557 3541 2594 esse
3583 2541 3724 2594 sole·

2161 2624 2331 2693 bant,
2363 2625 2774 2695 adversariique
2799 2624 3138 2696 scriptorum
3174 2624 3594 2698 λογοδαιδᾶλων,
3629 2632 3719 2700 qui

2163 2729 2232 2766 ex
2273 2714 2530 2766 Isocratis
2570 2712 2758 2765 schola
2807 2708 3322 2784 proficiscebantur.
3374 2718 3574 2785 Atque
3611 2718 3724 2788 ipse

2161 2801 2330 2854 Duris
2358 2800 2417 2854 in
2457 2799 2825 2854 Historiarum
2864 2800 3140 2872 prooemio
3171 2798 3270 2870 (fr.
3314 2799 3377 2875 1)
3425 2803 3719 2873 Ephorum

2162 2886 2528 2959 reprehendit
2553 2897 2610 2940 et
2631 2887 3058 2958 Theopompum
3073 2927 3089 2954 ,
3113 2888 3326 2960 quippe
3352 2891 3454 2959 qui
3476 2901 3718 2963 propter

2159 2974 2325 3027 nimis
2346 2975 2566 3028 anxiam
2590 2973 2662 3027 de
2690 2974 2994 3028 verborum
3016 2975 3428 3046 compositione
3450 2975 3717 3033 sedulita-

2165 3070 2278 3115 tem
2298 3059 2456 3115 αὐτοῦ
2478 3062 2571 3115 τοῦ
2588 3056 2802 3137 γράφειν
2825 3056 2976 3134 μόνον
2997 3059 3372 3134 ἐπιμεληθῆναι
3392 3062 3712 3119 videantur.

2164 3150 2309 3204 Hinc
2330 3148 2579 3220 jejunam
2599 3149 2910 3203 orationem
2936 3158 2992 3202 et
3014 3148 3335 3222 languidam
3352 3147 3478 3204 fieri
3497 3150 3714 3221 judica-

2164 3237 2266 3310 vit‚
2294 3255 2467 3308 quum
2486 3232 2703 3310 μίμησιν
2724 3235 2814 3292 καὶ
2828 3231 3012 3304 ἡδονὴν
3029 3236 3237 3291 habere
3250 3236 3481 3304 debeat,
3498 3258 3618 3311 qua
3633 3259 3713 3294 res

2163 3340 2280 3373 non
2308 3331 2416 3375 tam
2441 3332 2740 3376 narrantur
2757 3341 2925 3395 quam
2943 3324 3280 3396 pingunt-ur,
3311 3342 3428 3395 qua
3447 3325 3626 3381 verba
3649 3325 3711 3380 ad

2164 3427 2517 3465 communem
2536 3411 2706 3482 ipsius
2725 3412 2848 3464 vitae
2868 3412 3156 3465 veritatem
3177 3429 3347 3483 quam
3363 3414 3713 3484 proximem>

2165 3497 2403 3565 cedunt,
2424 3508 2592 3569 atque
2616 3499 2694 3552 sic
2717 3516 2860 3569 quos
2891 3516 2978 3552 res
3000 3515 3238 3570 quaeque
3259 3500 3512 3569 postulat
3531 3518 3707 3555 sensns

2164 3583 2225 3637 in
2238 3585 2541 3657 legentium
2555 3586 2751 3639 animis
2765 3586 3094 3640 excitantur.
3111 3585 3266 3640 Istud
3281 3604 3424 3640 vero
3449 3585 3710 3659 μιμήσεως

2162 3671 2429 3739 studium,
2448 3672 2551 3725 nisi
2578 3690 2780 3727 severae
2804 3674 2933 3727 artis
2961 3674 3255 3746 praeceptis
3276 3676 3496 3747 regitur
3509 3686 3564 3729 et
3587 3686 3707 3731 tem-

2163 3770 2411 3830 peratur,
2423 3776 2538 3830 quo
2554 3759 2758 3813 ducere
2767 3761 3134 3827 consueverit,
3149 3778 3319 3814 nemo
3331 3763 3707 3833 naseithare

2166 3845 2403 3899 libenter
2431 3846 2634 3899 Photio
2679 3847 2980 3919 largiemur
3023 3846 3303 3901 Duridem
3351 3849 3410 3901 in
3448 3850 3514 3904 iis
3555 3850 3702 3921 ipsis,

2167 3949 2292 4002 quae
2314 3933 2372 3986 in
2391 3933 2620 4003 Ephoro
2646 3942 2702 3986 et
2723 3932 3088 4005 Theopompo
3105 3930 3524 4002 desideraverit,
3542 3936 3702 3989 multo

2165 4019 2250 4071 his
2293 4019 2618 4073 inferiorem
2648 4018 2808 4073 fuisse
2841 4018 2959 4093 (της
2993 4019 3045 4074 ἐν
3083 4019 3255 4083 αὐτοῖς
3289 4041 3489 4085 του-τοις
3515 4021 3698 4078 οἰκονο-

2169 4105 2290 4178 μίας
2318 4102 2487 4161 πολλὰ
2512 4107 2614 4160 τῶν
2639 4106 2835 4183 ἀνδρῶν
2867 4103 3227 4181 λειπόμενος).
3253 4110 3553 4181 Dionysius
3573 4127 3698 4181 quo·

2169 4212 2277 4264 que
2303 4195 2424 4247 Hal.
2447 4195 2560 4265 (De
2579 4194 2736 4250 ver.b
2768 4213 2954 4267 comp.
2987 4204 3120 4248 tom.
3145 4198 3209 4262 V,
3230 4213 3293 4267 p.
3319 4194 3394 4249 28
3413 4195 3520 4268 11.)
3543 4197 3694 4250 Dun

2169 4278 2297 4333 dem
2327 4282 2471 4334 inter
2498 4298 2592 4334 eos
2614 4293 2883 4349 recenset,
2916 4283 3011 4353 qui
3037 4282 3096 4336 in
3114 4282 3422 4336 verborum
3445 4283 3694 4354 composi·

2167 4368 2366 4421 sitione
2412 4364 2574 4420 valde
2633 4368 2973 4439 negligentes
3019 4386 3077 4423 se
3121 4369 3497 4473 praebuerint,
3547 4380 3692 4439 atque

2168 4451 2408 4517 τοιαύτας
2455 4450 2723 4521 συντάξευς
2766 4450 3071 4527 κατέλιπον,
3116 4450 3230 4517 οἵας
3268 4453 3431 4518 οὐδεὶς
3477 4453 3689 4525 ὑπομένει

2171 4537 2327 4616 μέχρι
2345 4538 2615 4616 κορωνίδος
2636 4540 2867 4599 διελθεῖν.
2888 4542 2971 4598 Cf.
2992 4543 3273 4596 Himerius
3291 4543 3532 4597 Declam.
3552 4541 3684 4604 XIV,

2174 4647 2245 4698 27
2267 4628 2356 4684 ed.
2383 4628 2667 4683 Wernsdf.
2692 4647 2705 4660 ·
2693 4624 2925 4703 ’.Εγωγε
2947 4625 3198 4706 πρότερον
3211 4626 3299 4684 ἐπὶ
3317 4627 3420 4691 τοῖς
3436 4626 3680 4705 Ἡροδότου

2170 4713 2337 4788 λόγοις
2376 4712 2536 4783 ἡδέως
2576 4711 2918 4788 διατιθέμενος
2959 4715 3124 4770 παῖδα
3149 4736 3237 4771 τον
3279 4712 3546 4792 Ἡρόδοτον
3581 4710 3682 4788 πρὸς

2173 4798 2266 4869 τὴν
2294 4797 2474 4858 τούτου
2504 4800 2919 4876 (Hermogenis)
2961 4799 3112 4878 χάριν
3139 4797 3417 4878 ὑπείληφα.
3443 4798 3614 4877 Μαρσὶ
3637 4794 3682 4852 δέ

2176 4912 2263 4962 μοι
2286 4886 2466 4945 λοιπὸν
2488 4886 2791 4949 ‘mmmm'
2813 4911 2868 4944 τε
2898 4887 2989 4944 καὶ
3030 4886 3270 4965 Δούριδες
3289 4931 3304 4961 ,
3330 4886 3407 4944 ἔτι
3428 4886 3513 4943 καὶ
3547 4889 3576 4951 ἧ
3605 4887 3677 4939 τοῦ

2175 4973 2614 5054 Ἁλικαρνασσέως
2660 4973 2864 5043 ποίησις
2900 4973 2990 5031 καὶ
3018 4972 3154 5038 ὅσοις
3197 4972 3334 5051 λόγῳ
3377 4973 3562 5050 γράψαι
3598 4968 3674 5033 vl·

535 5062 920 5115 censuitlibris
932 5063 1213 5134 quinque.
1243 5063 1505 5135 Ejusdem
1522 5063 1639 5118 fere
1662 5064 2086 5120 ambitussuerit
2175 5060 2478 5135 οἰκουμένην
2517 5058 2714 5128 σπουδὴ
2752 5057 2953 5135 ἐγένετο
2993 5059 3120 5137 πρὸς
3163 5059 3359 5123 ἐκείνας
3386 5056 3474 5120 τὰς
3500 5055 3672 5130 luy-rac,

539 5166 679 5221 opus
706 5149 891 5202 Samii.
935 5150 1075 5203 Nam
1113 5149 1312 5221 quod
1298 5170 1355 5203 111
1381 5150 1537 5205 libr-is
1572 5151 1817 5205 Athenaei
1849 5152 1950 5227 (fr,
1991 5154 2082 5227 41)

2185 5139 2263 5214 αἶς
2292 5139 2436 5212 οὗτος
2477 5148 2764 5217 >cutax-qm
2797 5145 2911 5212 τους
2956 5144 3248 5211 ἀκούοντας.
3277 5146 3383 5203 Sed
3426 5142 3670 5199 indulserit
3777 5182 3786 5195 .
