3900 6042
1574 517 2075 578 FRAGMENTA.
2256 472 2264 479 ⁸
3177 576 3188 591 ‚
3350 532 3409 583 u

225 652 294 717 lis,
327 649 423 706 sed
464 669 657 724 nepos
684 661 771 706 est
816 647 1194 723 Thamyridis3
1223 648 1512 704 Diodorus
1532 668 1670 705 vero
1714 651 1759 704 si
1860 654 1928 706 sii
1952 654 2118 708 Samii
2138 649 2267 729 Περὶ
2279 651 2407 707 θεῶν
2424 668 2615 724 opere,
2638 649 3000 724 quod‚Suida
3016 661 3171 719 teste,
3191 655 3415 727 triginta

228 750 505 811 utmnque
534 739 762 806 attulit,
800 738 1033 792 alteram
1059 737 1389 791 sententiam
1429 738 1635 809 procul
1661 737 1773 792 du·-

230 828 304 880 bio
328 826 669 881 memoravit
693 825 844 879 libro
866 833 1044 879 sexto.
1068 853 1148 864 —
1169 824 1441 879 Praeterea
1462 824 1534 879 ad
1550 825 1663 880 boc
1680 843 1772 879 ve·

231 915 305 967 lim
334 912 621 979 attendas,
648 911 813 985 quod
842 909 1132 966 Diodorus
1148 919 1449 983 postquam
1481 911 1582 965 lib.
1606 912 1691 966 111
1717 920 1774 965 et

228 1001 285 1054 lv
304 990 616 1072 praecipuas
642 1000 973 1055 Graecorum
997 995 1209 1051 fabulas
1230 1007 1592 1070 exposuerat,
1623 997 1772 1051 libro

229 1089 466 1141 Vautem
487 1086 697 1140 insulas
729 1100 1036 1156 earumque
1061 1078 1292 1160 ἱστορίας
1315 1080 1532 1148 τοπικάς
1557 1082 1773 1158 (nescio

227 1191 552 1247 anmagnam
566 1182 785 1245 partem
797 1188 906 1226 sec.
918 1165 1152 1246 ἱστορίας
1165 1164 1384 1234 τοπικὰς
1394 1172 1563 1227 Dion.
1578 1168 1771 1246 Samii)

228 1268 590 1331 percurrerat,
612 1255 822 1312 deinde
838 1255 987 1311 libro
1005 1267 1163 1312 sexto
1183 1255 1374 1312 denuo
1387 1257 1460 1312 ad
1473 1258 1775 1330 mythicam

228 1345 501 1400 historiam
520 1343 745 1411 redeat,
770 1361 875 1398 nec
889 1360 1071 1417 pauca
1092 1361 1290 1399 eorum
1302 1385 1319 1413 ,
1345 1344 1595 1417 quaejam
1615 1324 1775 1398 dixe-

230 1443 325 1502 rat,
348 1443 545 1506 tangat
569 1432 800 1485 iterum.
826 1432 960 1486 Haec
985 1449 1198 1486 novum
1220 1432 1510 1504 scriptoris
1526 1441 1773 1504 arguunt

229 1519 544 1584 eonsilium,
575 1534 932 1590 novumque,
971 1514 1128 1587 cujus
1156 1517 1386 1591 vestigia
1416 1517 1645 1590 legerit,
1674 1533 1779 1570 au-

230 1616 430 1660 ctorem
447 1645 463 1672 ,
492 1604 827 1677 Dionysium
852 1603 1062 1657 scilicet
1083 1602 1538 1676 cyclographum.
1652 1592 1659 1597 ’

292 1691 578 1743 Prooemio
598 1689 730 1743 libri
755 1690 834 1743 vl
856 1687 1146 1742 Diodorus
1164 1705 1320 1742 suam
1340 1685 1412 1742 de
1432 1685 1539 1740 diis
1556 1684 1776 1741 doctri-

229 1795 342 1831 nam
360 1777 628 1850 explicat,
650 1794 823 1848 quarn
834 1772 1130 1830 confirmat
1142 1793 1212 1830 ex
1223 1775 1523 1829 Euhemeri
1540 1774 1773 1830 historia

226 1881 394 1932 sacra,
412 1874 472 1919 et
492 1863 839 1937 prodigiosis
856 1863 1089 1917 Homeri
1108 1902 1125 1931 ‚
1154 1861 1417 1929 Hesiodi,
1447 1863 1661 1935 Orphei
1690 1868 1776 1917 la-

226 1951 362 2006 bulis
389 1951 656 2025 opponit.
682 1949 796 2006 Sed
820 1951 925 2004 hos
942 1951 1091 2023 ipsos
1108 1960 1306 2023 poetas
1335 1950 1397 2003 in
1417 1949 1779 2021 sequentibus

227 2037 388 2093 ducoe
412 2057 473 2093 se
496 2039 836 2093 narrationis
855 2048 1177 2092 secuturum
1203 2054 1318 2092 oese
1340 2033 1661 2110 profitetur.
1693 2039 1777 2093 Ita

225 2127 365 2179 enim
391 2126 661 2198 Bxcerpt.
690 2125 790 2179 lib.
814 2126 924 2199 VI,
942 2143 976 2180 a
995 2164 1012 2193 ‚
1044 2144 1068 2179 1
1087 2144 1108 2180 1
1138 2143 1153 2178 ε
1182 2121 1289 2182 Καὶ
1312 2120 1433 2200 περὶ
1457 2120 1554 2197 μὲν
1576 2121 1782 2197 Εὖημὲ·

228 2231 365 2286 ρου...
385 2208 824 2288 ἀρκεσθησόμεθα
843 2209 946 2275 τοῖς
961 2212 1178 2290 ῥηθεῖσι,
1194 2207 1259 2267 τὰ
1275 2208 1331 2266 δὲ
1354 2206 1499 2285 παρὰ
1522 2216 1626 2275 τοῖς
1645 2208 1777 2269 Ἕλ-

223 2297 337 2365 λησι
356 2294 785 2372 μυθολογούμενα
809 2295 929 2372 περὶ
950 2299 1079 2353 θεῶν
1102 2295 1396 2362 ἀκολούθως
1426 2292 1659 2377 Ἡσιόδῳ
1687 2296 1778 2355 καὶ

224 2381 447 2462 Ὁμήρῳ
469 2381 563 2441 καὶ
582 2382 771 2462 Ὀρφεῖ
787 2382 1142 2463 πειρασόμεθα
1166 2381 1431 2460 συντόμως
1453 2384 1775 2462 ἐπιδραμεῖν.

224 2473 317 2525 His
340 2471 631 2541 absolutis,
645 2472 887 2526 heroum
907 2472 1009 2528 Gr.
1029 2471 1314 2525 historiam
1339 2489 1517 2544 usque
1535 2471 1606 2527 ad
1630 2473 1775 2526 Tro·

218 2559 342 2630 jana
380 2571 643 2633 tempora
690 2561 1008 2633 pertexuit,
1053 2557 1115 2614 id
1152 2558 1311 2632 quod
1354 2577 1425 2615 ex
1465 2561 1782 2633 fragmentis

222 2648 457 2720 quisque
492 2645 775 2720 intelligit.
802 2646 983 2719 Igitur
1019 2664 1197 2719 quum
1224 2645 1380 2701 libris
1402 2646 1779 2702 antecedenti·

220 2734 321 2789 bus
350 2735 475 2807 (ΙΙΙ
518 2744 577 2790 et
618 2731 726 2808 lv)
771 2733 1160 2789 celeberrimas
1200 2734 1526 2789 Graecorum
1570 2734 1783 2789 fabulas

222 2822 442 2893 prolixe
477 2820 745 2893 quidem,
782 2819 881 2874 sed
911 2821 1030 2874 sine
1054 2820 1174 2874 ullo
1203 2819 1405 2875 ordine
1443 2822 1781 2894 exposuisset

223 2900 399 2971 (sicuti
412 2899 717 2971 Dionysius
726 2899 883 2971 Mytil
892 2939 905 2951 .
922 2896 1298 2972 peculiaribus
1310 2900 1527 2971 scriptis
1541 2899 1784 2973 singulas

218 2987 431 3042 fabulas
463 2984 861 3060 metaverat),
889 2983 1008 3054 jam
1029 2986 1354 3040 continuam
1375 2985 1658 3058 quandam
1686 2986 1780 3040 hi·-

219 3080 449 3133 noriam
468 3096 543 3132 ex
561 3076 765 3131 ordine
779 3117 795 3145 ‚
821 3092 991 3148 quem
1011 3076 1171 3149 epica
1189 3076 1515 3132 Graecorum
1536 3076 1782 3131 carmina

220 3164 688 3238 suppeditabant,
716 3162 863 3218 duce
888 3164 1077 3219 Samio
1106 3163 1411 3236 Dionysio,
1442 3162 1658 3219 dedisse
1690 3164 1781 3217 vi-

221 3252 406 3307 detur.
423 3253 511 3307 Ex
530 3250 991 3306 antecedentibus
1002 3269 1138 3306 vero
1152 3251 1309 3306 facile
1324 3250 1552 3324 colligas
1563 3250 1784 3323 cyclum

220 3340 368 3395 hunc
412 3341 643 3413 epicum
680 3337 910 3392 minime
947 3337 1111 3392 fuisse
1150 3356 1309 3406 eum,
1348 3354 1519 3410 quem
1554 3339 1783 3411 proprie

216 3427 459 3483 dicimus
478 3426 849 3481 Homericam
860 3464 878 3493 ‚
893 3425 993 3480 sed
1010 3442 1081 3480 ex
1102 3425 1483 3480 diversioeimis
1500 3426 1786 3480 elementis

216 3513 531 3568 conflatum
568 3520 627 3567 et
654 3512 824 3565 variis
848 3510 1297 3565 Euhemeristicae
1323 3512 1602 3584 sapientiae
1624 3509 1787 3566 flori-

217 3601 323 3657 bus
348 3600 701 3657 distinctum.
730 3599 822 3653 Sic
857 3616 948 3671 ap.
974 3595 1295 3654 Diodorum
1316 3599 1424 3665 VI,
1454 3597 1510 3666 3,
1548 3616 1615 3653 ea
1658 3616 1784 3671 quae

217 3688 480 3744 seu-nnun-
491 3686 569 3741 de
587 3687 747 3757 equis
762 3685 989 3745 Achillis
1007 3684 1231 3756 loquela
1249 3684 1496 3756 praeditis
1508 3725 1524 3753 ‚
1541 3685 1675 3740 inde
1689 3704 1786 3741 ex-

217 3775 415 3846 plicari
455 3772 612 3839 vult,
656 3770 819 3843 quod
855 3771 988 3843 equi
1026 3771 1116 3824 isti
1146 3770 1283 3825 olim
1305 3771 1526 3825 Titanes
1554 3771 1781 3826 fuerint.

224 3858 667 3915 Alexandrinam
679 3865 899 3910 aetatem
915 3854 1172 3927 produnt
1189 3873 1312 3928 quae
1329 3855 1445 3930 (vl,
1469 3851 1521 3931 3)
1542 3855 1616 3911 de
1636 3868 1785 3913 serto

223 3946 502 4001 Ariadna
522 3962 596 3999 ex
632 3943 868 4017 gemmis
900 3941 1109 3997 Indicis
1147 3943 1463 4015 composito
1502 3943 1782 4017 leguntur.

224 4034 527 4088 Euhemeri
552 4038 889 4085 sectatorem
912 4029 1164 4101 agnoscis
1189 4030 1252 4082 in
1291 4030 1519 4083 historia
1549 4028 1622 4082 de
1653 4031 1786 4085 Pico

226 4120 514 4193 prestigiis
555 4116 805 4189 mysticis
825 4115 1091 4170 abutente
1126 4114 1201 4170 ad
1239 4115 1572 4188 stuprandas
1599 4115 1791 4170 mulie·

228 4224 345 4273 res,
368 4224 491 4278 quae

1860 750 1972 794 tres
2000 739 2176 793 libros
2202 739 2701 812 complectebatur.

2410 1016 2592 1079 ΠΕΡΙ,
2642 1016 2873 1078 emN.
2949 1044 2956 1051 ·

2599 1194 2688 1230 11.

1942 1322 2164 1379 suidas·
2197 1318 2450 1399 Νύμφαι,
2474 1307 2741 1391 σκώληκες
2760 1323 2809 1379 οἱ
2831 1322 2883 1379 ἐν
2900 1330 3006 1389 τοῖς
3031 1326 3134 1382 τῶν
3159 1324 3420 1400 μελισσῶν

1863 1407 2158 1484 κυττάροις,
2181 1406 2305 1465 ὅταν
2330 1407 2431 1478 ἤδη
2450 1416 2774 1487 πτιροποιεῖν
2795 1406 3069 1489 ἄρξωνται·
3096 1413 3144 1467 οἱ
3169 1412 3215 1467 δ’
3240 1411 3420 1477 ἁπλῶς

1867 1493 1983 1561 τοὺς
2002 1492 2296 1574 πτερωτοὺς
2318 1491 2620 1566 σκώληκας,
2641 1493 2902 1571 Σάμιοι.
2926 1495 3033 1555 Καὶ
3059 1496 3119 1556 τὸ
3138 1495 3238 1555 ἀνὰ
3262 1498 3420 1574 μέσον

1864 1584 1969 1640 τῶν
1996 1580 2299 1659 γυναικείων
2326 1580 2534 1639 αἰδοίων
2560 1579 2767 1662 νύμφην
2793 1584 3029 1642 καλοῦσι.
3061 1584 3171 1645 Καὶ
3198 1587 3303 1643 τῶν
3331 1585 3420 1666 ῥό-

1866 1669 1970 1727 δων
1995 1662 2052 1726 αἱ
2083 1667 2303 1733 κάλυκες
2326 1670 2382 1725 αἱ
2408 1675 2722 1744 μεμυκυῖαι,
2745 1666 2960 1749 νύμφαι.
2990 1670 3099 1730 Καὶ
3125 1673 3178 1728 αῖ
3209 1675 3419 1740 Μοῦσαι

1865 1752 1921 1812 δὲ
1948 1755 2050 1813 ὑπὸ
2079 1755 2262 1814 Λυδῶν
2284 1752 2502 1835 νύμφαι.
2530 1753 2658 1813 Ὅτι
2681 1754 2735 1813 δὲ
2758 1754 2967 1814 πάντων
2992 1760 3094 1815 τῶν
3122 1762 3338 1836 καρπῶν
3362 1762 3417 1817 αἱ

1863 1840 2104 1922 ἐκφύσεις
2123 1839 2280 1910 οὕτω,
2306 1842 2483 1911 δῆλον.
2507 1841 2639 1922 Περὶ
2655 1839 2711 1899 δὲ
2730 1845 2834 1901 τῶν
2854 1845 2979 1901 θεῶν
2998 1845 3252 1924 Διονυσίῳ
3273 1853 3420 1903 πᾶσα

1864 1926 2068 2008 ἱστορία
2092 1932 2344 2000 συνῆκται
2371 1928 2425 1985 ἐν
2452 1928 2726 2007 τριάκοντα
2754 1928 2844 1986 καὶ
2869 1928 3006 2008 τρισὶ
3040 1928 3275 2008 βιὸλίοις.
3306 1935 3421 1988 Το-

1866 2018 2065 2073 tushic
2092 2016 2252 2073 locus
2269 2015 2500 2072 fluxerit
2529 2036 2599 2074 ex
2627 2018 2884 2091 Dionysii
2917 2015 3051 2094 Περὶ
3069 2019 3195 2075 θεῶν
3224 2038 3420 2093 opere,

1866 2105 1927 2160 in
1973 2124 2091 2179 quo
2125 2124 2245 2161 non
2289 2106 2476 2161 minus
2517 2124 2688 2180 quam
2741 2105 3152 2179 Apollodorus,
3195 2107 3256 2160 in
3313 2108 3423 2161 suis

1869 2189 2002 2267 Περὶ
2028 2192 2158 2248 θεῶν
2193 2191 2352 2247 libris
2392 2192 2466 2248 ad
2506 2193 2882 2268 etymologica
2917 2201 3120 2247 auctor
3164 2194 3421 2249 attende—

1867 2282 1962 2335 rit.

1944 2368 2153 2421 Praeter
2183 2365 2302 2421 haec
2327 2364 2403 2421 ad
2435 2365 2766 2438 Dionysium
2804 2365 3051 2420 Samium
3073 2383 3105 2421 a
3139 2366 3424 2420 nonnullis

1866 2454 2257 2509 referebantur
2279 2446 2616 2528 Βασσαρικὰ,
2640 2452 2711 2507 ab
2732 2452 2852 2507 aliis
2868 2453 3139 2525 Dionysio
3166 2452 3301 2507 Afro
3328 2454 3423 2507 tri·

1866 2540 2025 2594 buta.
2057 2539 2305 2595 Eustath.
2330 2538 2405 2594 ad
2426 2539 2660 2610 Dionys.
2691 2539 2909 2611 Perieg.
2934 2556 2995 2611 p.
3026 2537 3092 2591 81
3119 2538 3213 2593 ed.
3244 2540 3422 2593 Bern-

1868 2624 2050 2698 hardy
2077 2643 2091 2678 :
2118 2625 2169 2681 Τ
2173 2620 2207 2678 ὰ
2225 2619 2281 2679 δὲ
2306 2618 2616 2699 Βασσαρικὰ
2644 2617 2731 2676 διὰ
2754 2618 2848 2690 τὴν
2873 2619 3176 2699 τραχύτητα
3196 2623 3288 2680 οὐκ
3303 2621 3423 2690 ἄξια

1867 2708 2051 2768 τούτου
2071 2705 2367 2785 (Διονυσίου
2385 2703 2576 2771 Alfium:
2589 2705 2631 2783 ),
2647 2707 2720 2771 εἰς
2734 2703 2821 2763 τὸν
2842 2706 3045 2781 Σάμιον
3061 2706 3420 2784 ἀνηνέχθησαν

1869 2795 2155 2856 Διονύσιον.
2186 2795 2270 2853 Cf.
2301 2794 2630 2868 Bernhardy
2652 2793 2726 2849 ad
2759 2796 2931 2850 Dion.
2959 2814 3019 2868 p.
3051 2801 3162 2870 49²
3189 2807 3244 2852 et
3278 2795 3421 2866 515,

1868 2886 1970 2940 ubi
1996 2887 2302 2959 fragmenta
2325 2883 2736 2938 Bassaricorum
2754 2901 2824 2938 ex
2838 2883 3122 2955 Stephano
3145 2885 3273 2957 Byz.
3296 2886 3422 2939 col-

1870 2974 2013 3028 lecta
2051 2972 2221 3027 habes
2272 2967 2443 3043 (coll.
2484 2968 2759 3025 Schirlitz.
2814 2971 2874 3024 in
2909 2970 3182 3025 Scebodes
3221 2971 3426 3027 Archiv

1878 3058 2047 3126 1830,
2081 3060 2170 3126 11,
2194 3076 2255 3131 p.
2295 3062 2368 3122 4²
2385 3053 2425 3130 ).
2461 3054 2620 3110 Idem
2641 3055 2971 3129 Bernhardy
2995 3055 3067 3112 ad
3095 3058 3324 3113 Suidam
3363 3079 3420 3114 ν.

1869 3148 2011 3206 Διον.
2034 3141 2338 3204 Μουσωνίου
2358 3143 2650 3199 Rhodium
2662 3154 2914 3199 nostrum
2927 3143 3073 3199 Solis
3089 3147 3424 3203 sacerdotem

1871 3235 2114 3290 eundem
2133 3250 2246 3289 esse
2267 3232 2578 3303 suspicatur
2604 3249 2730 3285 cum
2755 3232 3118 3304 Heliopolim,
3147 3250 3317 3305 quem
3338 3233 3424 3289 di.

1871 3323 1948 3376 cit
1966 3318 2310 3377 Artemidor.
2338 3319 2398 3372 in
2419 3318 2726 3373 Onirocrit.
2751 3318 2838 3387 11,
2865 3317 2963 3386 66,
2993 3337 3054 3391 p.
3084 3318 3196 3385 243
3217 3319 3381 3376 Reiss.
3406 3340 3422 3374 ε

1873 3405 2024 3468 Φασὶ
2060 3402 2162 3484 γὰρ
2188 3402 2249 3461 τὸ
2288 3405 2417 3480 ζῷον
2452 3401 2778 3479 (χελιδόνα),
2809 3400 3028 3460 θάνατόν
3068 3425 3126 3460 τε
3153 3403 3426 3478 σημαίνειν

1873 3491 2058 3571 ἀώρων
2085 3489 2366 3567 σωμάτων,
2393 3487 2483 3547 καὶ
2510 3486 2689 3554 πένθος
2711 3487 2802 3546 καὶ
2823 3488 3057 3566 μεγάλην
3093 3489 3210 3547 τινὰ
3237 3488 3425 3561 λύπην·

1872 3580 1978 3641 ἀπὸ
2018 3576 2264 3637 τοιούτων
2308 3577 2409 3653 γὰρ
2437 3577 2612 3633 κακῶν
2642 3574 2731 3632 καὶ
2766 3574 2860 3644 τὴν
2887 3573 3024 3654 ὄρνιν
3049 3574 3244 3645 ταύτην
3279 3576 3428 3654 λόγος

1874 3666 1985 3746 ἔχει
2003 3663 2258 3744 γενέσθαι.
2285 3662 2435 3732 Φησὶ
2462 3660 2561 3741 γὰρ
2583 3659 2673 3718 καὶ
2691 3658 3297 3741 ἈλέξανδροςδΜύνδιος
3324 3664 3428 3720 δεῖν

1872 3758 1989 3821 ταῖς
2021 3750 2268 3831 ἱστορίαις
2302 3748 2592 3820 πείθεσθαι,
2621 3747 2711 3806 καὶ
2740 3747 3001 3814 Διονύσιος
3032 3751 3061 3805 ὁ
3093 3748 3427 3809 Ἡλιουπολί-

1872 3864 1966 3914 της
1984 3864 2035 3900 κ.
2052 3864 2101 3899 τ.
2125 3841 2177 3900 λ.
2206 3840 2318 3917 (Cf.
2343 3839 2667 3896 Tertullian.
2691 3839 2775 3892 De
2810 3839 2979 3893 anim.
3011 3857 3063 3893 c.
3089 3837 3216 3914 46.)
3243 3840 3431 3909 Quare

1874 3929 2027 4004 apud
2065 3931 2307 4003 Diogen.
2336 3930 2402 3984 L.
2435 3929 2494 3995 1,
2527 3924 2603 3982 38
2641 3922 2911 4001 (γεγόνασι
2939 3920 3027 3979 καὶ
3062 3921 3213 3981 ἄλλοι
3249 3926 3430 3983 Θαλαῖ

1875 4013 2088 4075 πέντε...
2116 4012 2385 4089 πέμπτος,
2409 4010 2679 4089 νεώτερος,
2708 4006 2909 4079 ἄδοξος,
2931 3999 2990 4067 οὗ
3015 4007 3278 4085 μέμνηται
3306 4014 3429 4069 Διο-

1874 4098 2047 4167 νύσιος
2077 4100 2129 4157 ἐν
2160 4098 2449 4178 Κριτικοῖς)
2479 4098 2778 4174 legendum
2805 4106 2968 4171 putat
3008 4099 3072 4155 Δ.
3116 4096 3170 4152 ἐν
3201 4095 3427 4173 Ὀνειρο·

519 4204 654 4259 ideo
682 4221 753 4258 ex
782 4201 890 4255 diis
914 4200 1173 4274 gravidas
1210 4220 1268 4257 se
1294 4201 1417 4257 fieri
1448 4212 1670 4276 putant.
1709 4227 1788 4237 -—
1877 4193 2141 4265 κριτικοῖς.
2180 4187 2470 4243 Reinesius
2494 4186 2675 4239 voluit
2702 4183 2753 4239 ἐν
2791 4182 3088 4261 Κρητικοῖς.
3139 4183 3429 4257 vulgatam

230 4286 483 4339 Ceterum
507 4301 634 4355 quae
658 4280 734 4335 de
757 4279 865 4334 diis
880 4279 1168 4335 Diodorus
1187 4282 1474 4353 praemisit,
1491 4300 1557 4335 ea
1580 4299 1698 4335 non
1718 4296 1788 4333 ex
1877 4276 1950 4332 ad
1990 4276 2318 4348 Dionysium
2363 4274 2892 4328 Halicarnassensem
2936 4270 3285 4326 referendam
3316 4288 3432 4326 csse

232 4372 397 4442 Cyclo
412 4369 736 4444 sumpserit,
752 4365 852 4422 sed
866 4384 940 4423 ex
958 4366 1227 4438 ejusdem,
1246 4369 1349 4423 nisi
1362 4368 1550 4437 fallor,
1572 4369 1791 4440 Diony-

1878 4365 2141 4439 opinatus
2161 4372 2242 4418 est
2263 4358 2571 4417 Fabricius.
