3900 6042
509 509 613 559 1⁴14

1567 488 2057 554 ARISTOTELIS
2111 490 2605 556 FRAGMENTA.

494 633 566 685 ita
582 629 771 684 scribit
790 611 841 681 c.
868 625 924 695 5,
946 633 975 691 l.
999 623 1148 683 :0132
1167 621 1379 695 ὤκνησα
1402 621 1492 681 καὶ
1514 621 1681 699 λέγειν
1696 622 1786 681 καὶ
1803 622 2036 702 γράφειν,
2127 626 2367 683 rondam
2385 628 2721 705 discipulum
2740 629 2925 684 finisse.
2949 631 3065 685 Lex
3090 629 3347 703 qua-dam
3369 634 3676 687 Locrorum

491 715 571 772 ὅτι
600 713 692 783 τὴν
720 710 804 768 ὑπ’
824 709 1201 788 Ἀριστοτέλους
1217 708 1639 786 παραδιδομένην
1666 709 1901 789 ἱστορίαν
1918 707 2039 785 περὶ

491 805 584 871 τῆς
624 797 865 863 ἀποικίας
901 795 1282 875 ἀληθινωτέραν
1310 788 1443 854 εἶναι
1488 795 1768 872 συμὸαίνει
1805 799 1900 867 τῆς
1939 793 2041 853 ὑπὸ

492 886 722 961 Τιμαίου
750 882 1048 961 λεγομένης.
1085 881 1309 942 Σῦνοιδα
1335 880 1437 961 γὰρ
1464 886 1572 949 τοῖς
1599 876 1886 961 ἀνθρώποις
1907 884 2039 957 ὁμο-

489 975 725 1046 λογοῦσιν
760 969 839 1028 ὅτι
864 968 1220 1047 παραδόσιμος
1247 971 1420 1037 αὐτοῖς
1452 969 1587 1027 ἐστὶν
1629 968 1765 1039 αὕτη
1800 966 1921 1046 περὶ
1946 970 2042 1038 τῆς

493 1059 735 1123 ἀποικίας
755 1061 790 1127 ἡ
818 1055 967 1137 φήμη
986 1055 1134 1135 παρὰ
1154 1054 1415 1136 πατέρων,
1435 1054 1501 1126 ἣν
1523 1052 1878 1134 Ἀριστοτέλης
1903 1050 2040 1131 εἶρη·

490 1169 596 1215 κεν,
619 1147 678 1202 οὗ
703 1145 950 1220 Τίμαιος.
978 1141 1091 1203 Καὶ
1119 1143 1317 1202 τούτων
1348 1166 1409 1221 γε
1434 1140 1676 1208 τοιαύτας
1697 1140 1875 1220 ἔφερον
1893 1142 2041 1198 ἄπο·-

490 1230 666 1298 δείξεις
690 1254 746 1291 κ.
799 1253 854 1290 τ.
883 1231 935 1290 λ.
969 1250 1093 1305 quae
1137 1230 1291 1306 apud
1330 1231 1513 1304 ipsum
1545 1229 1844 1303 Polybium
1871 1229 2038 1302 legas.

490 1323 575 1375 De
593 1339 654 1376 re
673 1320 744 1377 cf.
762 1320 984 1377 Miiller.
1006 1321 1143 1378 Dor.
1178 1319 1256 1387 ΙΙ,
1281 1335 1394 1389 227
1422 1335 1506 1391 sq.

1198 1418 1335 1479 230.

569 1525 824 1582 Clemens
844 1526 1006 1582 Alex.
1035 1525 1241 1581 Strom.
1276 1522 1406 1597 I,p.
1438 1519 1552 1577 352
1595 1520 1744 1594 Syll).
1782 1539 1795 1574 ι
1823 1518 2040 1593 Χαμαι-

491 1607 623 1667 λέων
649 1612 678 1667 ὀ
704 1607 1080 1688 Ἡρακλεώτης
1110 1608 1163 1665 ἐν
1198 1609 1275 1686 τῷ
1316 1605 1448 1686 Περὶ
1486 1604 1646 1680 μέθης
1675 1604 1766 1663 καὶ
1798 1603 2033 1684 Ἀριστο-

491 1695 641 1768 τέλης
680 1697 733 1754 ἐν
779 1699 844 1774 τῇ
891 1698 1108 1772 Λοκρῶν
1152 1695 1389 1775 πολιτείᾳ
1434 1692 1698 1755 Ζάλευκον
1725 1692 1812 1752 τὸν
1839 1691 2042 1771 Λοκρὸν

434 1836 445 1845 ,
492 1781 636 1860 παρὰ
684 1786 778 1854 τῆς
818 1782 1036 1855 Ἀθηνᾶς
1081 1778 1201 1847 τοὺς
1248 1780 1433 1859 νόμους
1475 1777 1763 1856 λαμόάνειν
1796 1781 2040 1856 ἀπομνη-

495 1892 786 1944 μονευουσι.

569 1959 757 2017 Schol.
778 1957 1009 2016 Pindar.
1058 1959 1151 2017 Ol.
1183 1958 1293 2026 XI,
1338 1970 1431 2032 17,
1458 1955 1531 2013 de
1558 1959 1878 2013 Locrorum
1905 1954 2040 2009 civi·

492 2054 605 2099 tate
627 2063 640 2097 :
669 2042 876 2122 Καίπερ
890 2042 1109 2121 τραχεῖα
1128 2032 1256 2101 οὖσα
1272 2041 1582 2117 εὐνομεῖται.
1598 2039 1702 2101 Διὰ
1713 2038 1764 2097 τί
1789 2037 1863 2110 δὲ,
1884 2036 2039 2118 φησὶν

492 2126 862 2205 Ἀριστοτέλης.
892 2126 1114 2198 Ἐπειδὴ
1150 2126 1252 2207 γὰρ
1285 2129 1512 2207 ἐχρῶντο
1556 2129 1632 2207 τῷ
1663 2128 1788 2205 θεῷ,
1825 2126 1936 2190 πῶς
1977 2122 2040 2181 ἂν

490 2214 687 2282 πολλῆς
701 2217 937 2293 ταραχῆς
960 2215 1326 2292 ἀπαλλαγεῖεν,
1349 2212 1579 2281 ἐξέπεσεν
1601 2215 1771 2278 αὐτοῖς
1783 2208 2040 2291 χρησμὸς,

492 2303 690 2366 ἑαυτοῖς
730 2298 918 2376 νόμους
957 2300 1222 2379 τίθεσθαι,
1261 2299 1345 2359 ὅτε
1386 2299 1477 2358 καί
1516 2323 1592 2366 τις
1629 2298 1843 2375 ποιμὴν,
1878 2297 2039 2373 ὄνομα

491 2385 536 2443 δ’
555 2377 620 2457 ἦν
639 2386 927 2460 Ζάλευκος,
956 2386 1178 2453 πόλλους
1204 2386 1391 2463 νόμους
1412 2386 1648 2460 δυνηθείη
1675 2393 1781 2451 τοῖς
1806 2384 2041 2451 πολίταις

489 2475 796 2553 εἰσενεγκεῖν
820 2473 1088 2549 δοκίμους·
1107 2473 1351 2553 γνωσθεὶς
1366 2473 1420 2532 δὲ
1443 2473 1533 2532 καὶ
1557 2472 1859 2555 ἐρωτηθεὶς,
1883 2470 2038 2529 πόθεν

488 2558 626 2639 εὕροι
639 2604 656 2633 ,
670 2558 859 2641 ἔφησεν
881 2558 1115 2620 ἐνύπνιον
1145 2563 1285 2641 αὐτῷ
1301 2559 1397 2631 τὴν
1414 2560 1629 2632 Ἀθηνᾶν
1652 2557 2035 2639 παρίστασθαι·

490 2647 569 2705 διὸ
592 2647 743 2714 αὐτός
769 2670 827 2706 τε
859 2646 1209 2729 ἠλευθέρωται
1243 2647 1336 2707 καὶ
1373 2645 1646 2723 νομοθέτης
1673 2645 1921 2716 κατέστη.
1949 2646 2035 2702 Cf.

488 2737 772 2792 Plutarch.
824 2739 974 2792 Mor.
1017 2756 1078 2810 p.
1110 2736 1256 2808 543,
1289 2740 1339 2792 A
1384 2734 1482 2814 (p.
1525 2735 1642 2791 656
1688 2733 1924 2808 Didot).
1956 2733 2041 2789 De

487 2824 753 2879 Minervae
796 2824 951 2878 cultu
996 2825 1263 2880 Locrensi
1302 2842 1334 2879 a
1361 2823 1663 2880 Corinthiis
1687 2818 2042 2894 Syracusanis

488 2909 799 2967 derivando
836 2929 894 2966 v.
921 2911 1144 2968 Miiller.
1172 2911 1212 2965 1.
1253 2912 1292 2965 l.
1320 2929 1380 2983 p.
1411 2909 1525 2964 228
1545 2949 1561 2977 ,
1595 2928 1645 2967 1.
1672 2910 1757 2963 De
1793 2907 2032 2962 Zaleuco

488 3000 618 3056 vide
640 2998 885 3054 eundem
907 3009 967 3054 et
1003 3017 1146 3072 quos
1172 2998 1364 3053 laudat
1389 3000 1694 3053 Hermann.
1724 2995 1764 3054 1.
1793 2995 1852 3065 1.,
1880 2994 1914 3069 §
1941 2993 2039 3070 89.

1179 3098 1360 3177 [απ]

569 3207 593 3283 [
619 3208 847 3264 Aristot.
879 3207 1002 3261 Pol.
1034 3207 1124 3275 11,
1158 3225 1231 3281 9,
1262 3205 1295 3262 5
1336 3225 1351 3260 τ
1386 3202 1679 3280 Νομοθέται
1698 3203 1743 3261 δ’
1772 3199 2037 3279 ἐγίνοντο,

490 3292 748 3358 Ζάλευκος
777 3294 996 3370 Λοκροῖς
1028 3299 1134 3358 τοῖς
1159 3290 1560 3371 Ἐπιζεφυρίοις.

566 3378 717 3438 Ibid.
756 3381 833 3434 ait
860 3381 1162 3435 nonnullos
1202 3389 1412 3436 temere
1450 3397 1680 3435 narrare
1716 3380 2038 3453 Lycurgum

488 3475 544 3521 et
592 3468 920 3535 Zaleucum,
961 3466 1203 3522 Thaletis
1243 3466 1574 3540 discipulos,
1620 3466 1843 3521 Zaleuci
1894 3465 2041 3521 cha-

548 3629 673 3678 Nihil
698 3642 806 3677 sum
828 3631 1082 3678 cunctatus
1099 3633 1149 3679 et
1170 3630 1329 3680 dicere
1341 3632 1390 3680 et
1406 3630 1613 3681 seribere
1628 3628 1953 3678 narrationem
1974 3627 2037 3676 ab

489 3705 742 3754 Aristotele
760 3705 999 3767 proditam
1014 3707 1256 3756 memoriae
1265 3719 1409 3768 super
1425 3706 1712 3756 deductione
1723 3704 1829 3766 eius
1836 3704 2039 3754 coloniae

489 3782 724 3831 veriorem
745 3794 847 3830 esse
867 3794 925 3831 ea
948 3795 1098 3844 quam
1119 3783 1260 3832 at't'ert
1285 3784 1512 3832 Timoeus.
1540 3784 1856 3844 compertum
1889 3793 2032 3830 uam-

487 3871 584 3921 que
592 3858 789 3907 mihiaet
802 3857 926 3919 ipsos
941 3860 1199 3908 Locrenses
1209 3858 1345 3907 fateri
1359 3870 1527 3908 eamae
1543 3872 1573 3907 a
1584 3858 1802 3920 patribus
1811 3856 2039 3908 traditam

488 3935 725 3996 accepisse
750 3934 932 3983 samam
955 3933 1018 3983 de
1046 3947 1135 3984 sua
1159 3934 1373 3996 colonia,
1393 3946 1542 3996 quam
1568 3933 1714 3984 habet
1731 3933 2037 3995 Aristoteles,

488 4024 585 4060 uon
603 4024 749 4073 quam
771 4010 917 4061 habet
937 4011 1164 4060 Timoeus.

547 4177 853 4226 Chamaeleon
868 4175 1150 4226 Heracbota
1166 4176 1216 4224 in
1230 4175 1353 4224 libro
1367 4176 1438 4225 De
1450 4174 1679 4225 ebrietate
1695 4175 1745 4224 et
1768 4173 2042 4224 Aristoteles

489 4255 537 4303 in
565 4257 829 4304 Locrorum
850 4266 950 4314 rep.
973 4252 1232 4302 Zaleucum
1251 4254 1457 4302 Locrum
1487 4264 1519 4301 a
1536 4252 1750 4302 Minerva
1777 4250 1903 4313 leges
1928 4262 2042 4300 suas

485 4331 720 4393 accepisse
744 4329 1029 4379 memorant.

554 4410 817 4457 Locrorum
852 4406 1022 4455 civitas
1057 4407 1146 4456 etsi
1184 4417 1353 4469 aspera
1385 4403 1567 4467 optime
1599 4403 2038 4454 administrabatur.

488 4486 696 4533 Causam
720 4483 790 4533 rei
805 4482 951 4532 tradit
967 4482 1259 4533 Aristotelea.
1287 4482 1481 4532 Etenim
1500 4494 1653 4544 quum
1673 4481 1819 4531 derim
1838 4479 2042 4530 interro·

488 4563 702 4621 cassem,
718 4558 961 4621 quomodo
977 4559 1163 4622 magnis
1174 4558 1328 4609 turbis
1348 4557 1538 4607 liberari
1557 4559 1767 4619 possent,
1782 4556 1968 4606 editum
1985 4556 2044 4606 iia

488 4638 739 4686 oraculum
763 4637 837 4685 est
851 4635 1026 4697 jubens
1045 4639 1101 4685 ut
1122 4635 1210 4697 ipsi
1235 4635 1325 4684 sibi
1339 4634 1465 4696 leges
1482 4635 1687 4694 ferrent,
1723 4646 1874 4696 quum
1892 4635 1941 4683 et
1963 4646 2043 4695 pa-

489 4719 592 4762 stor
602 4712 799 4775 quidam
816 4749 831 4773 ,
849 4711 1083 4762 Zaleucus
1100 4711 1295 4760 nomine
1306 4746 1322 4772 ,
1343 4711 1521 4760 multas
1542 4711 1668 4771 leges
1684 4712 1841 4772 posset
1857 4709 2045 4758 civibus

492 4793 616 4839 terre
636 4789 956 4851 optimaeque.
988 4788 1219 4850 cognitus
1244 4800 1360 4836 vero
1387 4790 1537 4849 atque
1566 4786 1885 4847 interrogatus
1913 4784 2044 4834 unde

488 4867 723 4916 inveniret
752 4866 905 4927 leges,
932 4864 1058 4914 dixit
1097 4877 1182 4926 per
1206 4864 1418 4925 quietem
1456 4863 1543 4925 ipsi
1571 4862 1832 4912 Minervam
1867 4865 2041 4911 astare.

488 4948 650 5004 Quare
665 4943 936 4995 libertatem
955 4943 1000 4992 ei
1019 4941 1257 4992 dederunt
1273 4943 1323 4989 et
1335 4929 1653 5002 legislatorem
1674 4940 2041 4989 constituerunt.

550 5105 567 5168 [
584 5108 759 5166 Legum
778 5103 900 5153 lator
914 5102 1005 5152 suit
1022 5103 1255 5152 Zaleucus
1279 5102 1438 5152 [ocris
1454 5099 1797 5163 Epizephyrii&

554 5185 814 5230 Locrorum
834 5179 1003 5229 civitas
1022 5178 1198 5228 interiit
1216 5192 1279 5228 ex
1301 5178 1531 5227 affinitate
1555 5189 1668 5226 cum
1693 5177 1918 5238 Dionysio
1936 5190 2043 5228 con·

490 5260 655 5307 tracta.
680 5255 698 5318 ]

2169 756 2186 773 .
2215 715 2284 773 fr.
2315 735 2338 769 ι
2429 758 2446 775 .

2130 733 2165 768 v
2211 715 2425 873 Pol.2V3,
2451 803 2507 871 6,
2537 823 2568 875 7
2594 800 2699 861 :‘H
2721 804 2938 881 Λοκρῶν
2957 801 3107 869 πόλις
3125 802 3539 874 ἀπώλετοέκτῆς
3555 804 3688 881 πρὸς

2130 885 2395 946 Διονύσιον
2421 888 2650 959 κηδείας.
2675 889 2698 967 ]

2644 1016 3165 1084 ΤΑΡΑΝΤΙΝΩΝ.

2838 1162 2974 1218 232.

2212 1282 2413 1337 Pollux
2435 1281 2555 1351 IX,
2576 1280 2652 1336 80
2676 1294 2692 1338 2
2727 1277 2835 1338 Καὶ
2859 1277 3216 1359 Ἀριστοτέλης
3245 1281 3300 1339 ἐν
3329 1283 3397 1356 τῇ
3423 1280 3687 1361 Ταραντί-

2134 1389 2235 1425 νων
2281 1367 2519 1445 πολιτείᾳ
2569 1365 2841 1424 καλεῖσθαί
2882 1388 3009 1446 φησι
3054 1366 3289 1443 νόμισμα
3335 1367 3467 1446 παρ’
3516 1370 3694 1434 αὐτοῖς

2133 1458 2388 1529 νοῦμμον,
2430 1455 2509 1533 ἐφ’
2540 1444 2599 1511 οὗ
2622 1453 3005 1512 ἐντετυπῶσθαι
3022 1452 3276 1535 Τάραντα
3297 1453 3391 1513 τὸν
3416 1457 3688 1515 Ποσειδῶ-

2131 1562 2240 1611 νος,
2260 1541 2456 1620 δελφῖνι
2475 1540 2843 1618 ἑποχοῦμενον.
2864 1544 3131 1616 Sequitur
3156 1542 3230 1602 fr.
3269 1561 3303 1598 2
3316 1563 3338 1599 1
3355 1563 3378 1598 1
3392 1585 3408 1598 .

2210 1629 2451 1700 Reliqua
2479 1646 2710 1700 quoque
2738 1646 2862 1701 quae
2881 1628 2955 1684 de
2972 1629 3170 1685 Siculis
3191 1641 3250 1685 et
3271 1631 3481 1685 Italicis
3505 1632 3692 1685 numis

2132 1714 2335 1770 Pollux
2382 1713 2579 1783 affert,
2625 1714 2780 1771 haud
2821 1715 2997 1771 dubie
3040 1733 3111 1771 ex
3153 1715 3363 1773 eodem
3399 1714 3692 1773 fluxerunt

2133 1802 2451 1859 Aristotele.

2806 1894 2995 1975 [απ]

2213 2019 2467 2098 [Aristot.
2499 2020 2621 2076 Pol.
2649 2016 2750 2095 w,
2783 2026 2839 2089 4,
2875 2038 2899 2075 ι
2934 2040 2948 2076 :
2981 2016 3078 2078 Ἐν
3104 2016 3343 2099 Τάραντι
3368 2017 3463 2078 καὶ
3486 2021 3694 2088 Βυζαν-

2133 2105 2230 2186 τίῳ
2255 2104 2347 2183 (τὸ
2377 2103 2668 2163 ἁλιευτικὸν
2688 2104 2980 2184 πολύσχλόν
3001 2106 3143 2164 ἐστιν
3163 2106 3207 2182 ).

2209 2197 2276 2263 V,
2305 2212 2366 2269 α,
2392 2193 2429 2248 8
2465 2213 2480 2250 2
2505 2191 2599 2252 Ἐν
2622 2189 2859 2271 Τάραντι
2884 2190 3212 2263 ἡττηθέντων
3235 2191 3328 2250 καὶ
3347 2192 3695 2269 ἀπολομένων

2130 2281 2341 2338 πολλῶν
2369 2277 2643 2358 γνωρίμων
2671 2278 2913 2340 &abactio
2939 2278 3202 2358 Ἰαπύγων
3245 2279 3436 2360 μικρὸν
3468 2279 3684 2359 ὕστερον

2131 2369 2235 2425 τῶν
2263 2367 2517 2437 Μηδικῶν
2538 2364 2867 2445 δημοκρατία
2896 2365 3100 2444 ἐγένετο
3117 2369 3178 2425 ἐκ
3203 2367 3488 2433 πολιτείας.

2209 2456 2307 2525 vl,
2339 2454 2479 2525 3,5:
2504 2453 2698 2520 Καλῶς
2716 2452 2762 2511 δ’
2788 2452 2899 2533 ἔχει
2925 2457 3198 2531 μιμεῖσθαι
3225 2452 3396 2511 καὶτὰ
3416 2454 3693 2533 Ταραντί-

2128 2563 2230 2599 νων
2246 2563 2261 2577 ·
2280 2542 2464 2599 ἐκεῖνοι
2481 2538 2584 2620 γὰρ
2609 2538 2760 2600 κοινὰ
2775 2544 3040 2607 ποιοῦντες
3064 2539 3132 2598 τὰ
3149 2539 3399 2617 κτήματα
3423 2550 3534 2608 τοῖς
3557 2543 3693 2601 ἀπό-

2132 2649 2236 2707 ροις
2268 2626 2357 2685 ἐπὶ
2380 2626 2478 2697 τὴν
2502 2631 2693 2707 χρῆσιν
2712 2625 2888 2686 εὔνουν
2908 2627 3365 2706 παρασκευάζωσι
3391 2627 3453 2687 τὸ
3480 2631 3692 2701 πλῆθος.

2130 2713 2256 2775 Ἔτι
2285 2714 2340 2774 δὲ
2388 2714 2480 2773 καὶ
2516 2719 2610 2781 τὰς
2637 2713 2804 2794 ἀρχὰς
2846 2714 3023 2781 πάσας
3049 2714 3303 2787 ἐποίησαν
3351 2715 3558 2788 διττὰς,
3600 2718 3694 2783 τὰς

2132 2801 2227 2879 μὲν
2276 2800 2522 2882 αἱρετὰς,
2570 2800 2664 2869 τὰς
2702 2801 2759 2860 δὲ
2783 2800 3093 2882 κληρωτὰς,
3119 2801 3217 2869 τὰς
3266 2802 3364 2879 μὲν
3415 2803 3695 2882 κληρωτὰς

2131 2888 2271 2956 ὅπως
2299 2894 2328 2947 δ
2355 2892 2516 2965 δῆμος
2546 2891 2718 2948 αὖτῶν
2750 2890 2976 2970 μετέχῃ,
3005 2889 3099 2957 τὰς
3126 2888 3173 2949 δ’
3199 2889 3410 2971 αἱρετὰς
3435 2887 3527 2950 ἵνα
3541 2894 3692 2950 πολι·

2130 2977 2383 3035 τεύωνται
2414 2974 2637 3056 βέλτιον.
2661 2976 2686 3054 ]

2623 3104 2957 3165 ΚΡΟἸὨΝῙ
2966 3103 3218 3180 ΑἸὩΝ.)

2806 3238 2920 3295 233
2950 3259 3004 3298 a.

2208 3376 2508 3432 Athena-us
2522 3375 2667 3445 ΧΠ,
2686 3393 2746 3449 p.
2770 3372 2913 3445 520,
2931 3377 2974 3432 C
3000 3395 3015 3430 ε
3045 3373 3140 3440 Εἷς
3152 3375 3460 3446 τηλικοῦτον
3488 3376 3535 3433 δ’
3554 3365 3692 3447 ἦσαν

2130 3463 2321 3540 τρυφῆς
2354 3458 2663 3530 ἐληλακότες
2694 3461 2802 3536 (sc.
2839 3462 2889 3518 οἱ
2917 3457 3280 3540 Συὸαρῖται),
3324 3467 3399 3527 ὡς
3423 3463 3516 3521 καὶ
3541 3462 3690 3540 παρὰ

2591 3640 3221 3703 TARENTINORUM.

2835 3767 2958 3817 232.

2187 3871 2466 3922 Aristotelea
2495 3871 2544 3920 in
2564 3872 2932 3921 Tarentinorum
2953 3885 3056 3935 rep.
3079 3876 3327 3923 monetam
3352 3875 3488 3936 apud
3505 3890 3588 3925 eoa
3601 3890 3690 3940 ap-

2126 3949 2292 4013 pellari
2320 3960 2597 4008 nummum,
2619 3947 2668 3997 in
2694 3961 2792 4011 quo
2807 3961 3014 4000 excums
3043 3952 3276 4000 est'raras
3299 3953 3515 4014 Neptuni
3532 3952 3692 4015 tilius,

2126 4025 2338 4088 delphini
2355 4024 2579 4085 insidens.

2812 4103 2937 4169 [233
2961 4105 2983 4171 ]

2187 4196 2207 4261 [
2227 4199 2401 4259 Magna
2421 4196 2566 4248 turba
2582 4196 2873 4259 piscatorum
2894 4201 2968 4246 est
2988 4198 3184 4248 Tarenti
3204 4200 3508 4261 etnynnffi.

2187 4275 2380 4325 Tarenti
2400 4286 2554 4337 quum
2570 4274 2757 4324 nobile·
2769 4274 2914 4323 multi
2937 4274 3000 4324 ab
3019 4275 3279 4338 iapygibus
3303 4277 3422 4329 victi
3441 4278 3696 4340 periissent

2125 4352 2289 4415 paullo
2306 4354 2415 4415 poet
2435 4350 2647 4413 Medica,
2667 4363 2697 4400 e
2713 4351 2882 4413 politia
2900 4351 3024 4401 facta
3045 4354 3118 4403 eat
3130 4351 3446 4403 democratia.

2186 4431 2338 4479 Juvat
2375 4428 2521 4477 etiam
2548 4427 2831 4477 Tarentinos
2853 4428 3058 4488 imitari,
3088 4429 3174 4491 qui
3207 4430 3567 4491 possesionem
3596 4443 3691 4480 ιιειι

2126 4518 2240 4555 eum
2262 4505 2511 4568 egentibus
2542 4505 2902 4554 communicato
2935 4505 3265 4555 multitudiuis
3297 4506 3690 4557 benevolentiam

2055 4624 2062 4627 .
2124 4582 2216 4632 sibi
2241 4583 2535 4643 comparant.
2575 4583 2819 4631 Praeterea
2842 4581 3212 4643 magistratuum
3233 4586 3456 4634 omnium
3483 4583 3583 4634 duo
3604 4598 3692 4647 ge-

2126 4673 2243 4710 nera
2256 4662 2472 4710 feceruut
2482 4696 2497 4721 ,
2513 4660 2571 4707 ut
2585 4659 2666 4708 alii
2678 4659 2922 4722 suffragio,
2940 4661 3022 4710 alii
3035 4661 3291 4712 sortitione
3307 4662 3656 4713 mandarentur
3674 4684 3687 4714 ι

2126 4738 2403 4798 sortitione,
2425 4739 2481 4785 ut
2506 4735 2642 4797 plebs
2676 4748 2844 4785 eorum
2865 4740 2989 4787 esset
3007 4737 3276 4801 particeps3
3307 4740 3568 4804 sum-agio,
3589 4754 3691 4802 quo

2128 4817 2300 4867 meiius
2317 4815 2584 4878 respublica
2597 4813 3024 4867 administraretur.
3039 4816 3059 4882 ]

2534 4935 3234 5012 (CROTONIATARUM.
3255 4938 3273 5014 )

2811 5066 2914 5117 233
2934 5044 2987 5117 a.

2191 5178 2423 5240 sybarim
2457 5191 2515 5227 eo
2545 5178 2778 5240 progressi
2802 5180 2915 5227 sunt
2934 5178 3140 5228 luxurioe
3156 5214 3171 5239 ,
3189 5180 3246 5228 ut
3264 5192 3418 5242 equos
3434 5180 3583 5230 etiam
3601 5182 3687 5230 ad-

2128 5255 2411 5304 suefeceriut
2442 5254 2566 5304 iuter
2602 5254 2813 5316 ipsorum
2838 5255 2979 5317 epula
3005 5256 3180 5305 saltare
3210 5256 3271 5305 ad
3309 5256 3442 5305 tibtae
3467 5262 3687 5308 cautum.
