3900 6042
503 451 575 500 30
1592 431 1992 492 nunonem
2038 433 2604 494 HERACLEENSIS

497 568 813 643 inspexerit.
841 569 964 622 Jam
986 568 1031 622 si
1058 564 1312 621 conferas
1344 564 1513 619 verba
1544 562 1883 637 Apollodori
1906 565 1947 618 l.
1980 565 2019 618 1.
2037 604 2053 631 ‚

498 656 597 711 ubi
630 673 644 710 ε
670 657 1089 731 τετραπηχυαῖον
1120 648 1214 727 μὲν
1242 647 1344 728 γὰρ
1372 639 1479 726 εἶχε
1509 647 1568 704 τὸ
1597 651 1780 723 σῶμα,
1806 648 1968 726 πυρὸς
1999 645 2054 705 δὲ

499 738 552 807 ἐξ
585 738 838 816 ὀμμάτων
862 737 1094 814 ἔλαμπεν
1117 734 1330 813 αἴγλην,
1358 747 1541 791 10111111
1565 737 1755 791 10011111
1778 754 1845 791 ex
1872 737 2052 791 schol.

505 827 753 897 Pindari,
770 829 963 882 Tvetze
991 835 1049 881 et
1089 823 1444 900 Apollodoro
1464 822 1820 877 turbulenter
1842 821 2060 879 confla-

495 928 623 973 tum
650 933 783 983 esse,
796 913 936 986 ‘jure
959 924 1058 968 tuo
1087 912 1312 968 dixeris.
1339 912 1436 967 Sin
1459 920 1657 965 eontra
1673 910 1795 965 veri
1816 913 2058 984 speciem

424 1032 433 1039 -
502 1002 708 1058 Natalis
733 1019 805 1056 ex
830 1000 1081 1081 fontibus
1104 1000 1320 1066 hausit,
1349 999 1449 1070 qui
1478 1015 1583 1051 nos
1602 995 1719 1067 jam
1740 997 1942 1065 latent,
1962 1016 2054 1070 ap.

513 1089 692 1145 schol.
724 1087 887 1143 Pind.
918 1105 1027 1161 pro
1052 1084 1175 1164 Ἤρ.
1204 1089 1329 1159 γοῦν
1357 1085 1411 1140 ἐν
1442 1082 1684 1141 Οἰδίποδι
1701 1084 2061 1140 scribendum

504 1187 668 1250 putes
693 1173 811 1250 Ἤρ.
840 1195 895 1229 κ.
927 1169 1049 1231 Ἴων
1083 1173 1138 1228 ἐν
1167 1168 1420 1249 Ὀμφάλῃ
1460 1181 1519 1229 et
1541 1171 1796 1225 similiter
1820 1189 1910 1243 ap.
1942 1173 2060 1226 Na-

506 1265 695 1318 talem.
732 1263 875 1318 Nam
896 1263 957 1316 in
983 1261 1254 1334 Omphale
1282 1259 1471 1318 fabula
1496 1258 1731 1331 satyrica
1758 1259 2062 1313 Herculem

507 1351 926 1405 voracissimum
960 1349 1141 1404 tribus
1186 1347 1442 1402 dentium
1469 1345 1766 1400 ordinibus
1803 1344 1875 1399 ab
1917 1347 2058 1401 Ione

511 1437 839 1492 instructum
860 1435 1022 1491 fuisse
1054 1452 1213 1509 paene
1241 1444 1457 1489 certium
1482 1442 1581 1488 est.
1609 1432 1778 1504 Quod
1803 1433 2062 1488 scenico-

508 1538 637 1577 rum
668 1532 1047 1582 commentum
1068 1538 1387 1575 memorare
1418 1528 1478 1575 et
1514 1519 1837 1592 improbare
1875 1521 2062 1574 Hero-

509 1608 685 1664 dorus
721 1610 928 1682 potuit.
956 1608 1068 1665 Sed
1112 1609 1229 1663 11εο
1254 1608 1558 1663 mittamus.
1592 1637 1665 1650 —-
1695 1608 1945 1679 Heynius
1986 1606 2059 1661 ad

510 1696 929 1770 Apollodorum
950 1696 990 1754 1.
1013 1697 1053 1750 l.
1099 1694 1463 1751 Herodorum
1485 1694 1745 1750 Herculis
1764 1693 1932 1748 rebus
1954 1692 2063 1753 for-

511 1795 649 1839 tasse
674 1784 807 1840 alias
828 1783 1041 1842 fabulas
1072 1783 1363 1838 Thebanus
1394 1783 1688 1837 attexuisse
1716 1790 1939 1857 censet.
1967 1781 2060 1835 Si-

510 1872 719 1930 militer
739 1871 928 1928 statuit
962 1870 1272 1925 Weichert.
1298 1867 1464 1942 (Ueb.
1494 1868 1555 1922 d.
1588 1867 1722 1924 Leb.
1751 1886 1806 1921 u.
1838 1868 1977 1924 Ged.
2002 1868 2060 1925 d.

511 1958 703 2030 Apoll.
728 1956 836 2014 Rh.
860 1974 918 2030 p.
951 1953 1122 2030 161),
1153 1956 1250 2027 qni
1278 1973 1409 2010 eum
1436 1954 1675 2022 librum,
1706 1955 1803 2026 qui
1826 1953 1901 2008 de
1918 1955 2064 2008 Her-

510 2044 638 2106 cule
654 2044 858 2098 Thebis
875 2026 1268 2098 commorante
1280 2044 1414 2116 egit,
1431 2038 1702 2111 Οἰδίπους,
1726 2041 1884 2097 illum
1899 2059 2058 2111 vero,

513 2132 573 2185 in
600 2148 715 2203 quo
744 2129 817 2185 de
857 2130 1116 2185 Herculis
1158 2130 1328 2185 rebus
1366 2130 1427 2183 in
1466 2130 1856 2203 Peloponneso
1902 2131 2067 2203 gestis

512 2234 698 2272 sermo
721 2226 873 2284 erat,
900 2210 1166 2272 Πελοπεία
1189 2215 1519 2287 inscriptum
1550 2232 1664 2270 esse
1688 2223 1869 2288 putat.
1896 2216 2066 2270 Scili-

514 2313 605 2359 cet
628 2320 719 2376 ap.
756 2302 1001 2361 eundem
1038 2302 1215 2357 schol.
1257 2301 1489 2357 Pindari
1530 2302 1603 2357 ad
1629 2302 1793 2375 Pyth.
1833 2303 1945 2372 XI,
1993 2302 2065 2358 25

517 2386 620 2460 (fr.
650 2385 756 2461 61)
800 2389 873 2444 de
917 2388 1125 2445 Orestis
1160 2399 1321 2445 aetate
1348 2389 1612 2444 laudatur
1639 2382 1973 2444 He'rodorus
2013 2387 2067 2443 ἐν

513 2472 778 2554 Πελοπεία
828 2476 909 2551 (ἐν
937 2472 1141 2533 Πέλοπι
1184 2475 1314 2532 cod.
1352 2472 1660 2551 Gotting.).
1694 2475 1808 2531 Sed
1843 2477 1964 2531 haec
1996 2476 2069 2531 ad

513 2563 905 2637 inscriptiones
929 2563 1209 2617 librorum
1237 2563 1520 2618 Heracleae
1544 2562 1745 2618 referri
1771 2562 2066 2635 quomodo

512 2650 756 2723 possint,
777 2668 897 2704 non
914 2649 1102 2706 video.
1126 2651 1238 2705 Res
1259 2650 1331 2704 ab
1355 2650 1585 2723 antiquo
1603 2650 1876 2723 scriptore
1895 2668 2068 2724 pror-

518 2755 610 2793 sus
638 2739 839 2794 aliena.

595 2825 858 2881 Ceterum
874 2823 1241 2880 Herodorum
1263 2825 1361 2897 qui
1380 2824 1636 2897 Pelopeae
1656 2824 1837 2898 gentis
1860 2823 2074 2879 fabulas

514 2913 761 2968 narravit
784 2912 1202 2965 Heracleensem
1231 2928 1347 2966 esse
1372 2912 1551 2982 liquet
1580 2928 1650 2966 ex
1678 2912 1947 2966 Athenaeo
1977 2912 2063 2983 (v.

516 2998 588 3054 fr.
622 2997 748 3071 61).
790 2996 1005 3067 Quidni
1031 2996 1182 3051 idem
1223 2998 1521 3069 separatim
1549 2996 1761 3051 fabulas
1785 2995 2074 3051 Thebanas

518 3085 835 3139 tractaverit
873 3083 1023 3138 libro
1060 3078 1308 3144 Οἰδίπους
1348 3081 1658 3156 inscripto?
1694 3084 1835 3137 Rem
1871 3100 2075 3156 quam-

516 3171 757 3227 maxime
799 3168 995 3223 suadet
1040 3167 1422 3242 Apollodorus
1459 3170 1573 3237 111,
1618 3166 1684 3236 5,
1716 3167 1784 3236 6,
1816 3186 1882 3235 α,
1920 3169 2022 3222 ubi
2054 3188 2068 3222 :

518 3254 809 3334 Ἡρόδωρος
848 3254 956 3330 (5ἰο
985 3256 1206 3330 AEgius3
1238 3255 1415 3310 nostri
1438 3254 1569 3310 libri
1592 3251 1895 3328 Ἡρόδοτος)
1934 3252 1991 3310 δὲ
2021 3252 2067 3311 δ’

520 3343 626 3424 (sic
652 3342 1007 3400 scribendum
1030 3362 1140 3417 pro
1162 3343 1317 3417 vulg.
1342 3337 1449 3415 δύο)
1479 3337 1571 3416 μὲν
1597 3339 1832 3419 ἄρρενας,
1860 3347 1996 3419 τρεῖς
2018 3339 2074 3399 δὲ

518 3427 728 3502 θηλείας
760 3450 838 3486 50.
870 3431 1066 3488 Niobae
1089 3430 1297 3485 liberos
1324 3428 1487 3485 fuisse
1525 3429 1681 3485 dicit.
1716 3429 1927 3491 Eadem
1955 3431 2070 3488 sch.

520 3520 656 3576 Eur.
683 3518 879 3573 Phoen.
910 3515 1047 3583 628,
1080 3516 1183 3570 ubi
1208 3533 1263 3573 v.
1290 3514 1482 3572 Valck.
1509 3518 1623 3571 Aut
1648 3516 1819 3590 igitur
1840 3527 2076 3589 praeter-

521 3607 639 3661 iens
665 3602 998 3659 Herodorus
1014 3602 1076 3655 in
1113 3600 1343 3674 OEdipo
1372 3600 1444 3656 de
1464 3601 1708 3657 Hercule
1730 3603 1952 3656 locutus
1969 3613 2072 3676 ὥς

522 3703 620 3747 11111
642 3691 815 3746 verba
841 3688 893 3745 ἐν
920 3682 1164 3747 Οἰδίποδι
1195 3697 1462 3760 corrupta
1507 3698 1637 3744 sunt
1667 3706 1737 3744 ex
1765 3685 1840 3743 ἑνὶ
1880 3685 2004 3744 ποδί
2043 3707 2077 3745 a

520 3778 846 3846 scholiasta,
877 3777 967 3830 eui
990 3775 1133 3830 liber
1160 3775 1445 3830 Herodori
1474 3774 1547 3830 de
1579 3776 1857 3831 Tbebanis
1874 3775 2077 3831 fabulis

520 3865 759 3937 scriptus
776 3861 1205 3918 obversabamr.·

602 3950 956 4018 Herodotus,
1001 3966 1173 4021 quen
1211 3948 1286 4005 de
1326 3950 1520 4006 Leone
1559 3948 1832 4005 Sardense
1871 3950 2076 4004 excitat

524 4040 770 4107 Tzetzes,
800 4038 1292 4093 Halicarnassensis
1317 4046 1397 4091 est
1423 4037 1757 4110 Kiesslingio
1775 4079 1791 4107 ‚
1818 4039 1907 4091 cui
1933 4039 2075 4091 Tze-

525 4136 636 4180 tzes
660 4142 725 4180 ea
748 4121 1076 4198 significasse
1098 4122 1343 4189 videtur,
1381 4141 1505 4195 quae
1531 4123 1797 4196 leg-untur
1824 4142 1916 4196 ap.
1950 4124 2072 4178 He-

524 4212 717 4271 rodot.
739 4213 792 4280 Ι,
819 4210 891 4276 84
913 4220 969 4265 01
984 4210 1097 4278 IX,
1118 4208 1215 4265 83.
1234 4209 1405 4281 Quod
1418 4210 1712 4282 quomodo
1730 4207 1853 4265 fieri
1874 4221 2075 4283 potue·

523 4300 619 4367 rit,
633 4297 788 4353 haud
806 4297 1082 4371 percipio.
1099 4298 1224 4352 Imo
1242 4298 1421 4352 serior
1437 4296 1668 4369 quidam
1684 4298 2076 4371 grammaticus

480 4430 487 4437 .
524 4385 614 4442 rel
641 4403 831 4440 rerum
870 4385 1331 4441 miraculosarum
1357 4385 1602 4457 scriptor
1626 4383 1793 4439 fuisse
1814 4383 2070 4452 videtum

523 4471 675 4530 idem
688 4473 891 4545 procul
912 4472 1090 4528 dubio
1108 4512 1124 4541 ,
1151 4490 1320 4545 quem
1347 4471 1511 4527 affert
1528 4471 1839 4544 Stephanus
1864 4490 1919 4524 v.
1948 4467 2075 4527 Ἀν-

524 4556 677 4614 auca
724 4575 741 4618 ε
779 4559 977 4616 Τοῦτον
1023 4558 1131 4634 (sc.
1180 4560 1594 4615 Aristomenem
1638 4556 1995 4631 Messeniam)
2027 4557 2074 4613 oi

528 4642 927 4719 Λακεδαιμόνιοι
954 4643 1203 4709 πολλάκις
1231 4642 1413 4710 αὐτοὺς
1438 4642 1727 4714 νικήσαντα
1755 4640 2074 4718 Θαυμάσαν-

526 4895 782 5033 g‘msegtem
799 4892 967 4945 diebus
989 4893 1219 4945 Hercules
1235 4812 1417 4945 Thestii
1435 4893 1558 4946 silias
1568 4894 1913 4956 quinquaginta
1928 4892 2080 4942 devir-

1268 5053 1325 5101 8.

590 5133 670 5183 nis
690 5132 879 5183 insaniit
906 5134 1148 5183 Hercules.

2150 586 2261 635 τες,
2286 567 2357 630 ὥς
2389 564 2535 641 μόλις
2565 562 2859 644 ἐκράτησαν
2887 563 2940 620 ἐν
2969 563 3072 629 τοῖς
3110 565 3526 637 Μεσσηνιακοῖς,
3571 569 3704 623 ἀνα·

2148 650 2389 725 τεμόντες
2414 650 2664 710 ἐσκόπουν
2700 652 2746 708 εἰ
2767 648 2912 731 παρὰ
2949 650 3067 716 τοὺς
3109 650 3320 718 λοιποὺς
3352 654 3463 710 ἐστί
3501 676 3587 725 τι,
3611 654 3705 712 καὶ

2150 729 2299 814 εὗρον
2327 736 2626 817 σπλάγχνον
2656 735 3035 814 ἐξηλλαγμένον
3080 737 3170 796 καὶ
3197 738 3293 809 τὴν
3330 738 3548 817 καρδίαν
3592 742 3704 798 δα-

2148 831 2324 896 σεῖαν,
2353 817 2423 889 ὧς
2451 823 2798 902 Ἡρόδοτος
2833 824 2926 883 καὶ
2968 824 3309 905 Πλούταρχος
3347 826 3437 885 καὶ
3465 826 3700 894 Ῥιανός.

2154 915 2404 987 (Miilleri
2428 916 2698 970 sententia
2729 916 2863 970 Dor.
2900 915 2958 982 1,
3005 926 3113 971 142
3149 925 3296 971 stare
3331 918 3427 971 vix
3455 915 3706 992 potest.)

2147 998 2360 1054 Eadem
2383 1010 2575 1054 narrat
2594 1001 2847 1055 Valerius
2865 1003 3142 1057 Maximus
3159 1004 3186 1056 I
3200 1043 3216 1070 ‚
3242 1001 3276 1058 8
3307 1002 3508 1058 eodem
3530 1003 3668 1059 1000
3685 1043 3703 1071 ,

2152 1102 2267 1156 quo
2308 1084 2379 1139 de
2424 1084 2684 1140 dentibus
2723 1087 2928 1141 Prusiae
2964 1085 3067 1142 filii
3109 1089 3169 1143 in
3208 1107 3388 1144 unum
3422 1092 3708 1147 concretis

2154 1168 2329 1244 (quos
2354 1173 2572 1227 Tzetzes
2600 1188 2828 1245 quoque
2856 1173 2894 1229 l.
2925 1174 2965 1227 l.
2997 1173 3307 1250 memorat)
3339 1176 3512 1230 verba
3543 1176 3704 1231 facit.

2227 1259 2573 1313 Memoratur
2600 1278 2632 1314 a
2654 1261 2848 1333 Steph.
2877 1261 3004 1333 Byz.
3047 1273 3106 1317 et
3143 1262 3316 1318 Suida
3347 1261 3433 1337 (v,
3477 1260 3708 1341 Ὀλοφῦ·

2151 1341 2283 1421 ξιος)
2313 1345 2638 1401 Herodotus
2665 1345 2925 1419 quidam,
2952 1348 3049 1420 qui
3077 1344 3197 1427 περὶ
3217 1349 3430 1426 νυμφῶν
3456 1346 3550 1405 καὶ
3574 1351 3707 1405 θεῶν

2150 1431 2340 1508 [ἱερῶν
2368 1430 2563 1508 Suid.]
2587 1434 2863 1508 scripsisse
2891 1435 3118 1490 dicitur.

2901 1591 2958 1643 7.

2227 1711 2524 1768 Athenaeus
2546 1712 2722 1780 XIII,
2768 1730 2829 1785 p.
2864 1710 3002 1785 556,
3027 1714 3071 1767 F
3113 1731 3126 1766 :
3173 1709 3265 1769 Ἐν
3308 1710 3441 1768 ἑπτὰ
3484 1711 3710 1790 ἡμέραις

2149 1795 2470 1866 πεντήκοντα
2490 1795 2883 1877 διεπαρθένευσε
2911 1796 3138 1856 Θεστίου
3160 1797 3346 1878 κόρας,
3373 1801 3444 1864 ὥς
3467 1797 3709 1893 “11de-

2153 1886 2644 2050 ροςέίᾞὲἶδςίιιω
2668 1973 2871 2029 diebus
2907 1991 3019 2030 sec.
3052 1973 3472 2049 Apollodorum
3496 1977 3588 2045 11,
3637 1983 3670 2042 4
3692 2017 3709 2045 ,

2156 2066 2220 2129 4,
2259 2080 2348 2116 10.

2905 2153 3002 2233 s..

2233 2295 2421 2351 Schol.
2450 2293 2614 2350 Pind.
2643 2296 2801 2349 Nem.
2831 2295 2947 2362 111,
2986 2300 3092 2359 104
3141 2315 3155 2348 :
3201 2290 3496 2372 Ἡρόδωρος
3530 2293 3591 2352 δὲ
3624 2294 3713 2353 καὶ

2157 2380 2231 2446 δίς
2257 2402 2384 2459 φησι
2413 2382 2641 2456 μανῆναι
2668 2378 2757 2436 τὸν
2801 2377 3070 2457 Ἡρακλέα
3107 2380 3215 2455 (50.
3247 2393 3374 2456 post
3399 2383 3713 2439 010110111ῐί-

2153 2470 2423 2525 berorum
2445 2479 2503 2523 et
2523 2468 2730 2523 deinde
2751 2477 2878 2542 post
2909 2467 3119 2524 caedem
3138 2467 3369 2542 Iphiti).

2898 2625 2958 2681 9.

2236 2747 2501 2806 Tatianus
2533 2767 2625 2821 ap.
2647 2747 2849 2801 Justin.
2880 2746 3114 2817 Martyr.
3151 2764 3213 2819 p.
3253 2746 3363 2816 267
3404 2767 3418 2801 ε
3462 2748 3592 2811 Πῶς
3625 2749 3718 2806 οὐκ

2159 2826 2223 2884 ἂν
2249 2825 2446 2897 ἠλίθιον
2476 2826 2738 2885 πείθεσθαι
2760 2829 2865 2895 τοῖς
2883 2826 3191 2907 Ἧροδώρου
3227 2830 3384 2905 (libri
3406 2829 3714 2911 Ἡροδότου)

2163 2913 2377 2993 βιὸλίοις
2399 2913 2518 2992 περὶ
2544 2920 2633 2971 τοῦ
2669 2917 2784 2974 καθ’
2813 2914 3084 2995 Ἡρακλέα
3110 2915 3287 2995 λόγου,
3342 2921 3441 2994 γῆν
3479 2920 3591 2977 ἅνω
3615 2944 3715 2993 κη-

2162 3001 2426 3080 ρύττουσιν
2444 3047 2460 3074 ,
2506 3001 2912 3070 κατεληλυθέναι
2957 3025 3016 3061 τε
3058 3005 3152 3061 ἀπ’
3203 3005 3363 3076 αὐτῆς
3399 3004 3584 3064 λέοντα
3631 3008 3720 3067 τὸν

2160 3091 2228 3170 ὑφ
2254 3084 2576 3168 Ἡρακλέους
2601 3088 2930 3171 φονευθέντας

2238 3179 2444 3233 Nemea
2469 3178 2697 3253 insignis
2717 3178 2823 3234 fuit
2845 3180 3000 3234 cultu
3019 3180 3260 3235 Iunonis
3283 3176 3540 3258 (Mfiller.
3569 3185 3715 3240 Dor.

2160 3267 2245 3333 Π,
2273 3284 2336 3339 p.
2365 3266 2544 3339 442),
2575 3285 2698 3339 quae
2722 3267 2784 3321 h.
2815 3267 2856 3321 l.
2886 3268 3026 3321 nihil
3053 3266 3244 3323 differt
3268 3286 3300 3322 a
3321 3259 3499 3325 Lun'a.
3525 3271 3720 3342 Quare

2160 3353 2279 3424 ipsa
2300 3354 2508 3407 Nemea
2531 3351 2737 3407 dicitur
2757 3355 2929 3417 Lunae
2950 3351 3062 3409 filia
3087 3366 3142 3409 et
3166 3356 3323 3409 Iovis
3345 3352 3549 3429 (schol.
3581 3357 3716 3413 Pin·

2162 3438 2284 3494 dar.
2312 3457 2529 3512 argum.
2554 3440 2715 3494 Nem.
2741 3458 2801 3513 p.
2833 3437 2945 3505 425
2966 3439 3254 3517 Boeckh.).
3276 3443 3363 3496 De
3382 3442 3548 3497 leone
3571 3446 3719 3520 Epi—

2161 3523 2411 3580 menides
2432 3543 2523 3598 ap.
2561 3524 2766 3579 AElian.
2795 3526 2866 3580 N.
2899 3528 2969 3581 A.
3012 3525 3164 3594 XII,
3200 3546 3231 3598 7
3267 3546 3280 3582 ι
3323 3523 3560 3597 Σελήνης
3591 3527 3716 3588 «Ἢ

2163 3608 2324 3667 δεινὸν
2372 3608 2575 3688 φρίξασ’
2627 3608 2941 3668 ἀπεσείσατο
2985 3614 3118 3687 θῆρα
3165 3610 3349 3669 λέοντα
3388 3610 3483 3671 Ἐν
3531 3614 3719 3695 Νεμέα

2163 3687 2404 3763 nivei-(oud
2427 3689 2579 3745 αὐτον
2600 3686 2685 3745 διὰ
2708 3687 2921 3745 ποτνίαν
2937 3687 3113 3769 Ἥραν
3130 3716 3154 3740 ι»
3172 3692 3363 3747 Schol.
3379 3695 3571 3768 Apoll.
3597 3697 3716 3751 Rh.

2161 3779 2217 3845 Ι,
2254 3776 2365 3851 498
2395 3797 2409 3831 2
2440 3772 2556 3844 Τὴν
2581 3772 2635 3831 δὲ
2655 3775 2879 3846 σελήνην
2908 3774 3334 3855 Ἀναξαγόρας
3359 3776 3539 3855 χώραν
3568 3782 3718 3838 πλα-

2161 3862 2302 3919 τεῖαν
2327 3861 2599 3941 ἀποφαίνει
2615 3905 2634 3935 ,
2664 3861 2717 3929 ἐξ
2742 3853 2804 3931 ἧς
2829 3862 2972 3919 δοκεῖ
2998 3865 3026 3920 ὁ
3052 3865 3309 3939 Νεμεαῗος
3329 3865 3463 3923 λέων
3495 3888 3720 3926 πεπτω-

2161 3948 2325 4005 κέναι.
2364 3950 2700 4023 Euphorion
2768 3968 2862 4023 ap.
2907 3946 3190 4007 Plutarch.
3260 3954 3454 4028 Symp.
3494 3958 3573 4025 V,
3645 3956 3679 4012 3
3698 4000 3716 4024 ,

2161 4055 2222 4110 p.
2248 4036 2384 4106 677,
2411 4039 2460 4091 A
2477 4035 2572 4111 (fr.
2601 4042 2672 4106 47
2700 4036 2976 4111 Meinek.)
2999 4039 3222 4094 leonem
3241 4040 3405 4094 istum
3426 4041 3567 4097 dicit
3589 4040 3722 4110 Μή-

2162 4144 2250 4191 νης
2278 4121 2442 4177 παῖδα
2481 4120 2698 4200 χάρωνα
2729 4120 2961 4199 (Χάρων
2989 4125 3018 4179 ὁ
3060 4120 3193 4180 λέων
3231 4122 3368 4181 κατὰ
3408 4127 3718 4193 Μακεδόνας

2159 4211 2274 4265 5011.
2316 4209 2389 4264 ad
2410 4210 2697 4284 Lycophr.
2731 4208 2901 4285 455).
2924 4210 3009 4267 Cf.
3047 4212 3254 4286 Hygin.
3298 4211 3410 4267 fab.
3445 4211 3549 4284 303
3577 4217 3718 4271 Plu-

2164 4297 2340 4351 tarch.
2356 4298 2442 4351 De
2466 4297 2737 4351 sacielun.
2757 4315 2808 4351 c.
2835 4302 2906 4362 24
2926 4318 2943 4366 ;
2965 4296 3044 4352 id.
3066 4299 3152 4353 De
3170 4296 3306 4353 fluv.
3338 4298 3716 4367 18;1.actam.

2162 4383 2234 4439 ad
2257 4384 2416 4439 Statii
2439 4383 2616 4438 Theb.
2647 4384 2733 4451 11,
2764 4381 2871 4452 683
2906 4384 3127 4438 Servius
3153 4384 3227 4441 ad
3258 4386 3456 4459 virgil.
3497 4386 3713 4463 Georg.

2163 4472 2280 4538 111,
2309 4467 2445 4543 5913
2474 4468 2730 4543 Nigidius
2752 4487 2844 4541 ap.
2874 4468 3051 4524 schol.
3084 4471 3348 4528 German.
3370 4489 3431 4544 p.
3465 4469 3571 4540 523
3599 4474 3720 4528 Ste-

2159 4557 2333 4631 phan.
2377 4558 2507 4628 Byz.
2550 4574 2607 4610 v.
2640 4552 2877 4627 Ἀπέσας·
2926 4551 3041 4632 ὄρος
3081 4559 3175 4626 τῆς
3208 4554 3449 4632 Νεμέας,
3476 4558 3546 4621 ὣς
3581 4556 3719 4617 Πίν·

2163 4643 2314 4720 δαρος
2340 4640 2431 4699 καὶ
2459 4640 2804 4719 Καλλίμαχος
2829 4644 2882 4699 ἐν
2896 4639 3056 4720 τρίτῳ
3072 4685 3089 4713 ,
3105 4642 3207 4700 ἀπὶ
3223 4640 3533 4709 Ἀπέσαντος
3545 4643 3719 4724 ἥρωος

2378 4753 2488 4770 —

2899 4809 2936 4861 9

2228 4891 2483 4953 Quomodo
2506 4904 2603 4941 11011
2622 4894 2824 4942 stultum
2848 4847 2972 4941 soret
2994 4892 3227 4943 Hei-odori
3244 4892 3306 4943 de
3333 4895 3552 4945 Herculis
3569 4894 3718 4944 histo·

2168 4971 2240 5019 ria
2259 4970 2398 5019 libris
2418 4969 2613 5019 credere
2631 4972 2806 5019 terram
2825 4969 3117 5032 superiorem
3141 4969 3513 5032 praedicantibus
3525 4984 3584 5021 ac
3607 4970 3720 5021 inde

2162 5048 2412 5111 delapsum
2433 5049 2620 5097 leonem
2634 5084 2650 5109 ,
2666 5061 2813 5111 quem
2848 5049 3075 5097 Hercules
3091 5046 3281 5097 occidit.
