3900 6042
1223 422 2264 560 MAEANDRIUS
2352 425 3189 597 MILESIUS.-

1701 647 2179 739 (LEANDER
2231 647 2649 716 MnAEsms
2669 646 2714 733 ).

691 1023 853 1093 Clyto
883 1021 1098 1074 Milesio
1112 1019 1282 1072 alium
1310 1018 1697 1089 subjungimus
1717 1019 1988 1073 Milesium
2006 1020 2163 1071 item-

2392 844 2430 851 -φ

2257 1036 2323 1071 ex
2357 1019 2655 1085 Clearcho,
2684 1020 2762 1071 uti
2806 1017 3058 1086 videtur,
3096 1029 3447 1071 memoratur
3492 1016 3731 1094 Μαιανδρίου

613 1128 724 1179 que
759 1126 944 1161 rerum
983 1108 1317 1160 Milesiarum
1360 1107 1722 1177 scriptorem,
1765 1104 2164 1171 Maeandrium,
2254 1104 2344 1158 τοῦ
2374 1099 2711 1180 συγγραφέως
2739 1103 2881 1157 liber
2906 1101 3279 1181 Παράγγελμα
3311 1105 3604 1177 inscriptus,
3626 1106 3735 1173 cuim

614 1195 688 1247 ad
709 1213 874 1266 quem
891 1196 933 1247 si
954 1212 1070 1246 non
1095 1194 1304 1257 omnia,
1327 1204 1476 1245 certe
1499 1193 1663 1264 longe
1683 1192 1922 1263 plurima
1948 1208 2164 1258 eorum,
2256 1192 2677 1263 grammaticum
2716 1200 3107 1264 argumentum
3149 1191 3344 1243 fuerit.
3384 1190 3606 1261 Reliquis
3640 1192 3733 1245 loeis

614 1300 737 1352 quae
791 1283 849 1333 in
900 1278 1201 1333 duodecim
1248 1280 1450 1332 nostris
1504 1278 1826 1349 fragmentis
1880 1277 2163 1349 leguntur,
2258 1277 2519 1331 omnibus
2564 1297 2771 1331 nomen
2812 1279 3101 1349 scriptoris
3146 1287 3233 1331 est
3280 1273 3564 1350 Λεάνδριος,
3608 1280 3732 1331 rarius

615 1367 903 1421 referenda
934 1384 1046 1420 esse
1082 1383 1302 1423 cense0.
1329 1365 1632 1420 Librorum
1657 1364 1886 1435 quidem
1916 1364 2168 1416 auctori-

615 1468 780 1509 tatem
805 1456 848 1508 si
869 1472 1215 1526 premamus»,
1240 1452 1357 1507 duo
1378 1454 1568 1525 potius
1591 1453 1784 1505 Milesii
1817 1450 2166 1516 Μιλησιακῶν

613 1554 896 1610 auctoreS,
941 1543 1081 1595 alter
1121 1540 1489 1605 MaeandriuS,
1533 1539 1672 1593 alter
1705 1537 2017 1592 Leandrius
2055 1537 2168 1589 sive

617 1629 892 1694 Leander,
934 1628 1310 1701 distinguendi
1353 1627 1566 1693 sorent3
1601 1643 1798 1679 verum
1838 1642 2011 1696 quum
2052 1623 2168 1675 duo

616 1720 715 1770 ista
755 1716 983 1770 nomina
1021 1716 1096 1767 ob
1128 1712 1550 1767 similitudinem
1592 1711 1861 1765 confundi
1909 1710 2169 1763 facillime

613 1812 871 1873 possent,
909 1799 1115 1854 deinde
1143 1818 1280 1853 vero
1310 1799 1490 1853 forma
1526 1795 1833 1871 Λεάνδριος,
1867 1814 1990 1867 quae
2034 1796 2170 1848 locis

612 1890 868 1961 plurimis
895 1887 1145 1951 obtinet,
1179 1895 1462 1955 tamquam
1491 1901 1699 1936 nomen
1717 1884 2013 1954 proprium
2034 1900 2169 1934 nus-

613 1994 813 2047 quam,
848 1984 1123 2044 quatenus
1165 1971 1428 2042 equidem
1456 1971 1601 2041 scio,
1631 1980 1890 2022 occurrat
1928 1986 1942 2024 z
1978 1970 2171 2021 verisi-

613 2062 908 2113 millimum
948 2060 1076 2111 sanc
1121 2068 1200 2110 est
1247 2056 1315 2129 (⁴¹)
1367 2056 1672 2127 fragmenta
1717 2074 1839 2126 quae
1886 2054 1959 2108 de
2004 2054 2173 2107 rebus

615 2149 663 2199 M
675 2146 787 2197 ilcti
801 2145 1031 2213 aliisque
1047 2143 1186 2195 Asiae
1199 2142 1431 2194 minoris
1443 2140 1762 2212 regionibus
1783 2159 1848 2193 ex
1867 2138 2170 2209 Maeandrio

617 2232 701 2284 iel
730 2230 1008 2286 Leandrio
1039 2228 1125 2281 vel
1155 2228 1417 2283 Leandro
1448 2229 1718 2295 citantur,
1749 2229 1845 2281 uni
1876 2225 2172 2298 eidemque

619 2319 836 2372 auctori
883 2335 996 2371 esse
1029 2315 1403 2387 vindicanda;
1452 2315 1745 2367 nominum
1789 2332 1925 2368 vero
1974 2313 2169 2366 confu-

614 2409 834 2461 sionem
863 2404 996 2458 inde
1038 2402 1457 2477 explicandam,
1500 2401 1657 2474 quod
1685 2401 1929 2456 Leandri
1964 2419 2173 2454 nomen

615 2495 791 2547 inulto
814 2493 1002 2546 notius
1025 2500 1191 2558 esset,
1218 2502 1273 2544 et
1294 2490 1524 2544 fortasse
1554 2507 1747 2543 revera
1773 2486 2032 2543 Leander
2055 2488 2171 2559 qui·

614 2582 744 2635 dam
773 2581 1017 2652 scriptor
1055 2578 1178 2649 (cui
1207 2576 1481 2631 vindicari
1508 2577 1720 2649 possint
1752 2574 1822 2627 sr.
1865 2594 1931 2627 10
1973 2584 2027 2626 et
2064 2591 2123 2626 11
2153 2573 2169 2646 )

613 2690 644 2723 a
696 2678 890 2722 nostro
939 2663 1153 2719 Milesio
1213 2661 1625 2735 dignoscendus
1677 2662 1764 2718 sit.
1820 2692 1898 2701 —
1953 2661 2173 2714 Nomen

617 2752 935 2829 Μαιάνδριος
964 2753 1108 2805 nosti
1135 2769 1203 2804 ex
1231 2749 1527 2804 Herodoto
1559 2750 1675 2821 111,
1710 2746 1816 2801 123
1840 2788 1855 2813 ‚
1897 2752 2169 2818 142sqq„

614 2843 712 2895 ubi
734 2842 804 2895 de
820 2838 1125 2895 Maeandrio
1143 2838 1446 2908 Polycratis
1467 2838 1636 2890 Samii
1650 2835 1832 2889 scriba
1850 2852 2032 2888 sermo
2055 2842 2162 2900 est3

615 2940 731 2981 tum
761 2946 899 2981 vero
950 2925 1200 2977 occurrit
1241 2925 1296 2977 in
1334 2942 1507 2976 numo
1555 2923 1732 2976 Mileti
1762 2939 1853 2992 ap.
1894 2921 2167 2977 Mionnet.

615 3016 806 3067 Descr.
856 3013 973 3078 111,
1025 3029 1084 3082 p.
1144 3008 1250 3072 164
1303 3028 1360 3062 n.
1416 3008 1550 3078 737,
1603 3019 1659 3061 et
1701 3009 1757 3060 in
1811 3007 2172 3078 inscriptione

615 3104 804 3171 Nysaea
831 3099 923 3171 (C.
953 3098 999 3153 1.
1030 3115 1088 3149 n.
1119 3090 1322 3169 2943),
1352 3104 1408 3148 et
1434 3095 1564 3164 'I'eja
1591 3091 1688 3169 (n.
1726 3092 1940 3165 2078),
1967 3093 2171 3148 deinde

583 3198 801 3240 ‘autem
831 3186 888 3238 in
919 3183 1083 3236 titulo
1123 3182 1506 3235 Prienensium
1539 3186 1630 3251 (n.
1672 3178 1822 3251 2905
1845 3179 1860 3251 )
1883 3220 1898 3245 ,
1929 3179 2027 3231 ubi
2051 3180 2172 3232 lau—

614 3274 823 3327 dantur
871 3266 938 3325 τὰ
970 3269 1022 3324 ἐν
1059 3267 1172 3330 ταῖς
1223 3263 1668 3344 συγγραφομέναις
1715 3260 2036 3341 Μαιανδρίου
2081 3268 2170 3321 τοῦ

620 3354 878 3426 Μιλησίου
913 3354 1161 3434 ἱστορίαις
1183 3351 1684 3430 κατακεχωρισμένα
1709 3355 1789 3425 (v.
1824 3353 1893 3410 fr.
1920 3373 1948 3423 7
1976 3354 2014 3427 ).
2036 3355 2170 3423 Quae

613 3446 697 3501 ibi
751 3445 1084 3511 afferuntur,
1144 3445 1242 3498 etsi
1298 3462 1416 3497 non
1469 3443 1729 3515 proxime
1785 3440 1856 3494 ad
1915 3441 2169 3494 Miletum

613 3541 891 3603 spectant,
916 3542 1041 3602 apte
1069 3541 1254 3584 tamen
1295 3530 1594 3583 memorari
1618 3539 1928 3600 potuerunt
1956 3528 2014 3580 in
2057 3530 2167 3580 Mi-

617 3619 877 3670 lesiorum
899 3618 1130 3670 historia
1154 3656 1171 3683 ,
1199 3616 1400 3669 totilla
1427 3615 1752 3669 nominibus
1779 3633 1904 3668 cum
1946 3614 2168 3668 Samio-

615 3722 740 3757 rum
757 3715 810 3756 et
827 3704 1204 3757 Prienensium
1220 3703 1387 3757 rebus
1401 3701 1719 3773 conjuncta.
1747 3703 2017 3754 Praeterea
2042 3702 2166 3754 Ma-

618 3790 841 3844 crobius
871 3790 978 3865 (fr.
1007 3786 1081 3865 6)
1109 3789 1180 3843 de
1213 3790 1491 3861 Apollinis
1529 3785 1702 3843 οὗλίου
1739 3788 1890 3859 apud
1926 3788 2169 3840 Milesios

616 3877 773 3928 cultu
817 3875 1006 3930 laudat
1061 3876 1421 3930 Moecmdrum
1466 3873 1633 3952 (sic).
1682 3874 1882 3929 Strabo
1924 3872 2168 3944 denique

617 3965 974 4017 Moeandrum
1007 3963 1112 4037 (fr.
1149 3964 1221 4038 9)
1263 3965 1394 4017 citat
1423 3963 1494 4017 de
1524 3962 1777 4028 llenetiS,
1817 3961 1956 4014 Asiae
1984 3960 2165 4012 mino·

619 4052 690 4102 ris
725 4052 978 4122 popu10,
1015 4068 1326 4121 eorumque
1369 4048 1814 4121 migrationibus.
1849 4048 1983 4116 Quae
2029 4064 2163 4098 num

615 4156 644 4187 e
684 4137 1091 4190 lllilesiaeorum
1122 4136 1285 4199 loct),
1317 4135 1415 4188 ubi
1450 4134 1522 4188 de
1564 4134 1799 4187 coloniis
1832 4132 2061 4186 Milesiis
2088 4132 2160 4185 ad

619 4225 854 4275 Pontum
884 4224 997 4276 sitis
1023 4241 1205 4275 sermo
1234 4231 1353 4276 erat
1372 4261 1386 4287 ,
1409 4238 1480 4274 au
1499 4239 1566 4275 ex
1591 4221 1701 4273 alio
1723 4236 1895 4291 opere
1923 4235 2159 4291 geogra-

615 4309 792 4379 phico
812 4311 896 4363 vel
929 4304 1192 4365 historico
1225 4310 1335 4362 sint
1369 4309 1570 4379 petita,
1608 4306 1904 4379 dijudicari
1922 4302 2037 4375 jam
2072 4322 2166 4357 ne-

615 4397 754 4465 quit.
783 4397 881 4449 His
909 4395 1201 4450 addendus
1222 4406 1303 4450 est
1327 4396 1483 4448 locus
1507 4395 1757 4448 Athenaei
1786 4391 1887 4465 (fr.
1924 4390 2046 4464 12),
2068 4390 2167 4444 ubi

678 4520 741 4579 (Ἴ
777 4519 984 4568 Eandem
1012 4520 1296 4568 sententiam
1318 4530 1420 4567 esse
1442 4516 1581 4567 Keilii
1600 4517 1650 4565 in
1683 4514 1919 4565 Vindicii-5
1950 4524 2161 4561 ortamo-

619 4590 704 4636 lol.
732 4602 779 4651 p.
803 4594 833 4638 9
862 4603 958 4650 sq„
983 4589 1277 4651 approbante
1296 4591 1692 4648 westermnnno,
1714 4585 1845 4634 disco
1863 4598 1921 4632 ex
1954 4581 2166 4644 Pauly’s

623 4660 931 4720 Realencycl.
966 4671 1013 4708 v,
1045 4658 1380 4709 blaaudi-ius.

2261 1360 2539 1441 Λέανδρος.
2577 1366 2734 1438 Opus
2774 1363 2846 1417 de
2870 1365 3037 1418 rebus
3062 1366 3249 1419 Mileti
3278 1381 3522 1434 expresse
3546 1364 3733 1418 laudatur

2255 1454 2423 1506 semel
2452 1452 2552 1523 (fr.
2590 1472 2611 1506 1
2642 1454 2683 1524 ),
2709 1452 2828 1505 aliis
2856 1451 2992 1504 locis
3010 1461 3352 1525 argumento
3381 1446 3731 1523 fragmentomm

2261 1539 2540 1593 indicatur
2574 1536 2591 1616 (
2638 1539 2716 1619 fr..
2741 1557 2773 1593 2
2805 1568 2881 1581 —
2906 1534 3005 1611 6).
3040 1540 3380 1611 Fragmenta
3416 1555 3480 1590 10
3518 1549 3565 1590 et
3604 1556 3649 1590 11
3687 1555 3731 1589 ex

2260 1626 2370 1677 alio
2432 1643 2606 1698 opere
2621 1666 2647 1699 ‚-
2687 1624 2842 1696 cujus
2894 1625 3119 1678 titulum
3168 1625 3515 1696 ignoramus,
3558 1624 3725 1695 repetita

2258 1722 2417 1779 sunt,
2445 1714 2486 1765 si
2534 1713 2765 1784 quidem
2810 1712 3043 1765 omnino
3085 1710 3163 1765 ad
3212 1711 3480 1764 Milesium
3520 1721 3730 1769 nostrum,

2260 1816 2444 1870 neque
2482 1799 2555 1852 ad
2578 1798 2897 1855 Leandrum
2928 1797 3219 1869 quendam
3250 1798 3535 1869 pertinent.
3572 1795 3640 1849 Ad
3662 1794 3729 1848 Mi·

2262 1885 2455 1938 lesium
2510 1885 2697 1938 resero
2758 1902 2879 1955 quae
2940 1884 3215 1955 leguntur
3274 1883 3424 1955 apud
3469 1883 3729 1936 Clementem

2262 1970 2701 2025 Alexandrinum
2723 1970 2928 2024 Strom.
2954 1972 3031 2023 VI
3047 2012 3063 2037 ‚
3095 1989 3129 2024 2
3148 2011 3165 2037 ,
3190 1989 3248 2043 p.
3284 1971 3416 2038 267,
3446 1986 3477 2021 2
3499 1967 3642 2038 Sylla„
3666 1966 3729 2018 ubi

2262 2058 2407 2112 inter
2428 2076 2523 2112 eos
2545 2059 2643 2130 qui
2668 2059 3020 2130 Melesagorae
3038 2060 3251 2131 scripta
3266 2057 3597 2130 expilaret-int
3615 2055 3729 2107 etiam

2262 2145 2571 2198 Leandrius
2611 2155 2933 2198 recensetur
2974 2164 2988 2198 ι
3032 2142 3418 2219 Μελησαγόρου
3455 2138 3543 2218 γὰρ
3570 2137 3729 2213 &slav

2263 2228 2484 2307 Γοργίας
2515 2232 2544 2285 ὁ
2574 2229 2840 2294 Λεοντῖνος
2866 2227 2956 2287 καὶ
2995 2228 3244 2305 Εὔδημος
3277 2234 3305 2287 ὁ
3338 2228 3568 2295 Νάξιος...
3597 2224 3725 2301 Ἀρρί-

2262 2316 2413 2394 λοχός
2458 2339 2513 2373 τε
2543 2315 2633 2373 καὶ
2661 2315 2994 2393 Ἀριστοκλῆς
3026 2316 3119 2373 καὶ
3149 2318 3427 2394 Λεάνδριος
3457 2314 3537 2371 καὶ
3558 2310 3727 2370 ‘maiit-

2262 2425 2348 2467 κος
2385 2403 2474 2460 καὶ
2504 2401 2802 2481 Ἀνδροτίων
2845 2404 2961 2461 κτλ.
2995 2438 3071 2446 —-
3101 2404 3277 2477 Quod
3306 2416 3503 2459 aetatem
3518 2400 3726 2471 scriptoris

2261 2493 2458 2546 attinet
2475 2534 2491 2561 ,
2510 2510 2579 2547 ex
2608 2492 2807 2565 fragm.
2835 2491 2866 2545 3
2888 2501 3038 2564 patet
3068 2511 3201 2547 eum
3221 2490 3559 2556 Callimacho,
3579 2488 3726 2558 quippe

2263 2579 2359 2650 qui
2380 2598 2508 2633 usus
2523 2597 2590 2633 eo
2611 2580 2706 2647 sit,
2726 2580 2815 2633 vel
2833 2580 3103 2651 aequalem
3124 2581 3213 2633 vel
3241 2578 3579 2650 antiquiorem
3596 2573 3721 2625 fuisse.

2262 2665 2357 2718 Sin
2383 2676 2531 2718 rccte
2561 2664 2776 2735 conjeci
2800 2666 3125 2719 Athenaeum
3160 2666 3178 2740 (
3206 2667 3277 2720 fr.
3315 2684 3379 2719 ια
3402 2664 3420 2738 )
3447 2678 3531 2715 sua
3555 2658 3725 2713 hausisse
3786 2722 3787 2725 Ἴ

2263 2771 2330 2805 ex
2361 2751 2659 2819 Clearcho,
2685 2751 3022 2806 Maeandrius
3060 2754 3185 2826 ipso
3221 2750 3479 2808 Clearcho
3517 2743 3724 2814 antiquior
3786 2760 3787 2821 ᾗ

2263 2841 2345 2892 vel
2363 2856 2571 2911 suppar
2588 2848 2746 2895 aetate
2760 2857 2871 2894 esse
2897 2838 3111 2894 debuit.
3134 2842 3221 2895 Ne
3239 2839 3413 2893 multo
3435 2831 3721 2903 antiquiorem
3786 2828 3787 2869 l

2265 2923 2425 2979 fuisse
2450 2936 2743 2999 putemus,
2782 2937 3180 2997 argumentum
3223 2921 3499 2998 fragmenti
3538 2936 3613 2986 12,
3642 2932 3719 2984 qun

2262 3013 2759 3083 Peripateticorum
2795 3011 3063 3067 industria
3085 3014 3431 3090 indignatur,
3452 3005 3634 3059 videtur
3651 3002 3718 3052 im·

2261 3097 2471 3168 pedire.
2512 3099 2771 3152 Ceterum
2804 3098 2921 3152 haec
2951 3100 3165 3153 incerta
3206 3109 3352 3154 sunt.
3393 3092 3557 3150 Nihilo
3592 3100 3718 3140 tamen

2262 3186 2467 3238 certior
2487 3197 2567 3239 est
2593 3185 2855 3239 Meinekii
2879 3185 3205 3256 conjectura
3229 3228 3244 3253 ‚
3277 3185 3370 3257 qui
3402 3180 3419 3254 (
3441 3180 3510 3233 uti
3534 3176 3652 3230 disco
3670 3187 3713 3221 ex

2263 3273 2667 3326 Westermanni
2696 3273 2876 3349 Βιογρ.
2911 3292 2971 3345 p.
3012 3272 3127 3347 60)
3171 3270 3517 3328 Maeandrium
3556 3258 3716 3315 histori·

2261 3377 2388 3412 eum
2419 3370 2671 3413 nostrum
2706 3358 3099 3430 reponendum
3124 3369 3288 3432 putat
3317 3360 3369 3411 in
3398 3355 3504 3409 vita
3527 3345 3643 3404 Arati
3668 3342 3713 3392 ll'

2259 3464 2349 3517 ap.
2378 3448 2700 3511 lVesterm„
2724 3445 2819 3498 ubi
2838 3444 2954 3498 haec
2979 3464 2993 3497 :
3022 3444 3344 3519 Συνήκμασε
3366 3441 3408 3495 δ’
3436 3439 3516 3511 (sc.
3542 3428 3713 3507 Ἄρκτος)

2260 3529 2571 3608 ,Αλεξάνδρῳ
2585 3533 2659 3607 τῷ
2672 3530 2891 3605 Αἰτωλῷ
2904 3528 2993 3585 καὶ
3011 3529 3344 3607 Καλλιμάχῳ
3354 3524 3434 3583 καὶ
3448 3524 3495 3580 Μ
3503 3542 3553 3576 εν
3565 3512 3648 3571 civi
3657 3531 3713 3586 pq·

2259 3622 2273 3689 ζ
2294 3615 2613 3694 Μελαγχιρίῳ
2641 3617 2770 3671 cod.
2806 3618 3012 3672 Matrit.
3037 3617 3053 3691 )
3089 3618 3180 3673 καὶ
3208 3616 3431 3689 Φιλήτς.

2808 3749 3253 3808 munzun.

3006 3881 3054 3919 1.

2675 3984 2717 4036 F.
2759 3983 2983 4037 LIBRO
3024 3981 3375 4038 SECUNDO.

2336 4110 2523 4165 schol.
2560 4112 2841 4184 Aristoph.
2868 4114 2997 4166 Pac.
3035 4112 3149 4167 36¹3
3174 4113 3248 4167 ad
3272 4108 3430 4163 verba
3450 4094 3569 4157 οὐδὲν
3590 4106 3698 4149 Μ

2260 4197 2362 4274 ρὸν,
2391 4195 2507 4254 ἀλλ’
2535 4194 2663 4272 ὅπερ
2694 4196 2783 4253 καὶ
2814 4197 3075 4256 Κιλλικῶν
3107 4193 3128 4274 j
3161 4219 3176 4252 :
3211 4181 3324 4256 01’21
3349 4180 3433 4248 οἷδ’
3457 4184 3572 4243 ὅπως
3595 4191 3700 4271 ΠΜΪ

2261 4283 2405 4342 οὐδὲν
2436 4282 2655 4361 πονηρὸν
2694 4284 2859 4341 ποιεῖν
2896 4288 3062 4341 ταῦτα
3101 4283 3347 4361 πράττειν
3382 4267 3493 4334 εἶναι
3520 4266 3619 4337 ὅπερ
3642 4276 3699 4357 ῑξῑ

2264 4372 2548 4430 Κιλλικῶν·
2578 4374 2605 4427 ὁ
2642 4369 2743 4448 γάρ
2770 4392 2848 4428 τοι
2885 4371 3145 4429 Κιλλικῶν
3173 4371 3258 4427 ἐπὶ
3285 4360 3482 4439 πονηρία,
3503 4347 3699 4413 δῑαὸσητκ

2256 4459 2388 4515 ἐστι.
2416 4456 2566 4515 Φασὶ
2619 4455 2720 4535 γὰρ
2749 4455 2902 4513 αὐτὸν
2931 4458 2977 4513 οἱ
3006 4456 3101 4531 μὲν
3130 4456 3312 4532 Σάμον
3337 4448 3368 4519 ἢ
3397 4443 3588 4508 Manto*
3610 4448 3697 4505 sti*

2257 4545 2430 4601 δοῦναι
2469 4544 2776 4622 Πριηνεῦσι.
2819 4541 3137 4616 Θεόπομπος
3180 4539 3383 4619 (codd.
3413 4514 3692 4603 915??³⁶²'⁰‘l

2257 4631 2312 4688 δὲ
2337 4634 2389 4688 ἐν
2425 4631 2498 4706 τῷ
2533 4628 2597 4705 ιγ’
2632 4633 2733 4687 τῶν
2751 4627 3019 4708 Ἱστοριῶν
3066 4632 3167 4687 τῶν
3207 4629 3381 4688 ἑαυτοῦ
3423 4614 3561 4691 Σῦρῠ*
3590 4595 3695 4683 wil*

631 4713 3675 4770 ————-———---————--aes

1023 4811 1068 4867 E
1109 4811 1178 4868 Ll
1191 4809 1338 4868 BRO
1380 4808 1749 4867 SECUNDO.

1389 4940 1437 4988 1.

680 5051 845 5099 Nescio
859 5051 1098 5111 quomodo
1113 5050 1445 5112 Aristophanes
1453 5049 1580 5099 dicat
1596 5049 1730 5098 nihil
1743 5050 1869 5098 mali
1876 5048 2060 5108 facere
2073 5050 2166 5098 hoc
2250 5042 2361 5091 dam
2379 5078 2395 5103 ‚
2410 5042 2637 5104 quidnam
2661 5045 2785 5091 esset
2802 5043 3030 5101 incultus,
3045 5042 3330 5104 respondisse

2256 4804 2514 4867 prodidisse
2537 4803 2865 4853 Prienensibus
2879 4803 3062 4853 dicunt.
3078 4804 3401 4866 Theopompus
3421 4802 3516 4840 vero
3534 4770 3690 4832 W

2255 4895 2362 4931 rum
2383 4894 2576 4930 suarum
2603 4881 2724 4929 libro
2745 4880 2932 4930 decimo
2946 4881 3088 4929 tertio
3101 4880 3247 4929 tradit
3262 4889 3365 4929 eum
3385 4876 3529 4930 Syrum
3550 4850 3690 4905 W

2257 4961 2426 5011 Samiis
2445 4958 2721 5022 prodidisse.
2733 4959 3070 5016 Quaerentibus
3085 4961 3247 5009 autem
3264 4972 3319 5007 ex
3334 4928 3685 5074 eosoegffim‘lffi

3344 5041 3444 5083 omn

617 5142 718 5173 mse
743 5128 911 5180 facere
935 5127 1068 5174 idem
1103 5128 1241 5188 qnod
1282 5127 1494 5175 &Ilieon
1532 5126 1680 5187 fecit.
1725 5128 1843 5175 Nam
1878 5126 2078 5174 Cillicon
2101 5125 2163 5174 ob
2251 5124 2328 5169 tur
2356 5119 2513 5181 (apud
2529 5120 2885 5181 Aristophanem
2907 5123 3160 5180 Trygoeus)
3180 5120 3343 5167 omnia
3363 5111 3472 5159 0⁰⁸⁰
3486 5078 3681 5159 sm&-

618 5203 901 5264 pravitatem
927 5203 1111 5249 infamis
1134 5206 1251 5262 erat,
1272 5203 1444 5264 quippe
1461 5215 1605 5262 quem
1625 5204 1819 5250 Samum
1848 5204 1920 5249 vel
1945 5202 2162 5251 Miletum
2249 5198 2315 5246 cit
2333 5196 2499 5245 eudem
2530 5209 2668 5245 sensu
2693 5210 2790 5257 quo
2822 5197 3023 5246 Cillicon
3055 5196 3191 5245 dixit.
3235 5195 3433 5244 celerum

3466 5161 3682 5225 cillioeulffss

3785 2880 3787 2967 l
