3900 6042
649 442 763 495 250

647 561 928 640 Ναυσικάα
966 560 1295 634 ἀνατίθησιν,
1341 565 1411 628 ὡς
1451 561 1673 621 πολίτιδι
1720 564 2035 643 χαριζομένη
2056 588 2068 600 ·
2104 570 2194 624 Δι-

647 648 897 726 καίαρχος
937 647 992 706 δὲ
1026 646 1344 714 Σικυωνίοις·
1386 647 1647 717 Ἵππασος
1675 648 1729 710 δὲ
1766 651 2198 729 Λακεδαιμονίοις

647 734 839 805 ταύτην
859 757 916 792 τε
945 732 1035 791 καὶ
1062 732 1129 791 τὰ
1159 734 1423 812 γυμνάσια
1450 733 1691 814 πρώτοις.

1373 882 1469 950 49.

723 1011 1051 1067 Plutarchus
1077 1012 1318 1067 Theseus
1345 1030 1394 1068 c.
1445 1031 1510 1067 αι
1564 1032 1577 1066 :
1624 1011 1721 1069 Ἐκ
1757 1012 1814 1070 δὲ
1850 1016 1944 1083 τῆς
1984 1013 2196 1093 Κρήτης

646 1094 928 1163 ἀποπλέων
963 1097 1032 1160 είς
1058 1096 1229 1166 Δῆλον
1274 1097 1527 1175 κατέσχε,
1563 1097 1653 1156 καὶ
1677 1102 1754 1178 τῷ
1791 1102 1889 1178 θεῷ
1919 1099 2080 1165 θύσας
2104 1101 2194 1158 καὶ

648 1181 853 1247 ἀναθεὶς
880 1181 940 1238 τὸ
975 1181 1312 1262 Ἀφροδίσιον,
1342 1182 1372 1241 ὃ
1402 1183 1550 1265 παρὰ
1577 1188 1672 1257 τῆς
1698 1185 1966 1267 Ἀριάδνης
1989 1184 2192 1258 ἔλαθεν,

641 1268 886 1347 ἐχόρευσε
919 1267 1055 1343 μετὰ
1086 1272 1190 1327 τῶν
1217 1270 1407 1341 ἠϊθέων
1438 1271 1674 1351 χορείαν,
1696 1272 1762 1342 ἢν
1789 1272 1866 1331 ἔτι
1898 1278 1986 1330 νῦν
2017 1275 2191 1331 ἐπιτε-

642 1358 751 1412 λεῖν
779 1354 1001 1425 Δηλίους
1025 1355 1262 1432 λέγουσι,
1297 1357 1513 1435 μίμημα
1541 1362 1646 1415 τῶν
1687 1360 1739 1415 ἐν
1776 1362 1853 1439 τῷ
1883 1357 2196 1438 Λαὸυρίνθῳ

645 1441 899 1521 περιόδων
926 1441 1017 1501 καὶ
1041 1442 1295 1515 διεξόδων,
1326 1444 1378 1502 ἔν
1412 1467 1512 1501 τινι
1543 1448 1722 1526 ῥυθμῷ
1757 1444 2061 1526 περιελίξεις
2093 1446 2182 1502 καὶ

645 1528 888 1596 ἀνελίξεις
934 1528 1104 1608 ἔχοντι
1141 1529 1463 1607 γιγνομένην.
1523 1531 1778 1589 Καλεῑται
1826 1530 1882 1589 δὲ
1933 1531 1995 1589 τὸ
2039 1528 2187 1608 γένος

641 1619 794 1672 τοῦτο
835 1619 929 1686 τῆς
958 1615 1170 1694 χορείας
1211 1615 1561 1688 ὑπὸιΔηλίων
1605 1617 1847 1697 γέρανος,
1889 1621 1961 1684 ὥς
1998 1619 2195 1697 ἱστορεῖ

643 1703 981 1782 Δικαίαρχος.
1022 1701 1308 1782 Ἔχόρευσι
1336 1703 1390 1761 δὲ
1414 1705 1532 1782 περὶ
1554 1703 1639 1762 τὸν
1671 1708 1980 1783 Κερατῶνα,
2015 1706 2191 1784 βωμὸν

642 1791 703 1847 ἐκ
730 1791 962 1868 κεράτων
992 1790 1415 1870 συνηρμοσμένον
1440 1792 1717 1868 εὐωνύμων
1746 1792 2016 1852 ἁπάντων.

1363 1922 1460 1979 50.

722 2069 1003 2123 Zenobius
1031 2069 1086 2121 11
1108 2108 1124 2136 ,
1164 2066 1232 2121 15
1270 2062 1521 2124 εἌειδε
1550 2063 1625 2122 τὰ
1648 2064 2017 2133 Τέλληνος·
2042 2057 2188 2131 οὗτος

641 2154 672 2209 ὃ
704 2149 912 2220 Τέλλην
956 2149 1155 2228 ἐγένετο
1198 2148 1425 2221 αὐλητὴς
1466 2151 1555 2208 καὶ
1595 2152 1768 2226 μελῶν
1816 2150 2191 2208 ἀνυποτάκτων

642 2236 879 2309 ποιητής.
927 2236 1205 2313 Μέμνηται
1247 2238 1405 2294 αὐτοῦ
1450 2236 1768 2317 Δικαίαρχος
1807 2240 1835 2295 ὁ
1875 2236 2188 2308 Μεσσήνιος.

641 2325 728 2381 cf.
756 2326 1014 2398 Apostol.
1042 2327 1097 2395 I,
1130 2324 1231 2393 343
1252 2326 1522 2380 Libanius
1547 2328 1651 2399 Ep.
1687 2325 1800 2392 548
1834 2344 1849 2383 z
1882 2324 2020 2384 Οὐδὲ
2050 2326 2095 2381 εἰ
2121 2322 2189 2382 τὰ

639 2408 902 2483 Τέλληνος
928 2409 1042 2491 ᾄδοι
1065 2433 1168 2482 τις,
1197 2400 1300 2477 οἶός
1326 2433 1382 2468 τε
1411 2409 1558 2469 ἔσται
1575 2410 1722 2490 ,πρὸς
1750 2411 1904 2470 αὑτόν
1933 2434 1993 2470 σε
2028 2434 2189 2487 μετα-

641 2501 850 2568 στῆσαι.
877 2500 1161 2557 Plutarch.
1184 2500 1602 2575 Apophthegm.
1632 2519 1694 2574 p.
1730 2500 1858 2575 193,
1883 2502 1924 2557 F
1959 2520 1973 2555 z
2003 2489 2108 2557 Ἦν
2138 2498 2192 2556 δὲ

644 2582 874 2655 αὐλητὴς
897 2583 926 2640 δ’
950 2582 1042 2660 μὲν
1069 2584 1255 2651 Τέλλις
1277 2583 1548 2659 κάκιστος,
1577 2589 1606 2642 ὁ
1629 2586 1675 2642 δ’
1697 2583 2035 2663 Ἀντιγενίδης
2060 2586 2192 2642 κάλ·

640 2674 829 2738 λιστος.
860 2675 1067 2729 Contra
1101 2675 1313 2729 Zenob.
1354 2678 1408 2743 Ι,
1442 2674 1516 2741 45
1546 2694 1560 2733 :
1589 2671 1800 2732 Ἄειδε
1833 2671 1910 2730 τὰ
1945 2671 2195 2744 Τέλλη-

641 2780 745 2825 νος
763 2780 776 2793 ·
810 2759 897 2816 ἐπὶ
923 2762 1026 2817 τῶν
1052 2762 1361 2817 σκωπτικῶν
1398 2759 1594 2818 τίθεται
1616 2763 1650 2831 ἡ
1679 2759 1961 2840 παροιμία.
1984 2760 2191 2831 Τέλλην

644 2844 744 2922 γὰρ
778 2844 1005 2916 αὐλητὴς
1037 2843 1237 2921 ἐγένετο
1274 2845 1364 2904 καὶ
1394 2849 1566 2923 μελῶν
1593 2846 1837 2919 ποιητὴς,
1876 2845 2097 2924 παίγνιά
2135 2868 2193 2904 τι

641 2932 917 2990 κατέλιπεν
950 2933 1306 3010 εὐρυθμότατα
1331 2933 1421 2990 καὶ
1442 2933 1596 3013 χάριν
1618 2932 1804 3013 ἔχοντα
1827 2933 2079 3004 πλείστην
2101 2932 2193 2991 καὶ

640 3016 939 3093 σκώμματα
964 3017 1302 3097 κομψότατα.
1343 3022 1473 3080 vid.
1497 3021 1762 3077 Leutsch.
1783 3022 1822 3075 l.
1850 3022 1891 3078 1.
1909 3041 1968 3095 p.
1995 3021 2091 3077 35.
2114 3052 2194 3064 —-

640 3106 928 3180 Subjungo
978 3106 1132 3160 aliud
1166 3107 1562 3179 proverbium,
1616 3107 1771 3178 cujus
1813 3108 2045 3163 ubinam
2090 3110 2192 3164 Di·

640 3193 918 3247 caearchus
945 3193 1263 3248 meminerit
1295 3193 1449 3248 haud
1478 3194 1673 3267 liquet.

1371 3346 1464 3402 51.

719 3502 997 3557 zenobius
1024 3503 1138 3570 111,
1174 3500 1249 3557 65
1287 3498 1429 3558 :'Ev
1457 3498 1628 3579 πίθῳ
1667 3500 1784 3573 τὴν
1823 3500 2192 3579 κιραμείαν

643 3587 977 3664 μανθάνω·
1024 3586 1281 3666 παροιμία
1318 3587 1404 3647 ἐπὶ
1436 3590 1540 3645 τῶν
1583 3586 1679 3653 τὰς
1699 3586 1912 3667 πρώτας
1942 3589 2193 3661 μαθήσεις

640 3672 1091 3753 ὑπερὸαινόντων,
1139 3672 1448 3749 ἁπτομένων
1486 3673 1542 3732 δὲ
1570 3673 1753 3739 εὐθέως
1783 3676 1887 3732 τῶν
1927 3675 2191 3750 μειζόνων,

639 3766 709 3827 ὡς
737 3758 881 3825 εἴτις
919 3761 1194 3833 μανθάνων
1237 3758 1561 3841 κεραμεύειν,
1596 3761 1715 3840 πρὶν
1741 3763 1928 3839 μαθεῖν
1969 3762 2192 3828 πίνακας

638 3847 674 3918 ἢ
699 3846 827 3905 ἄλλο
854 3868 904 3904 τι
933 3850 1035 3903 τῶν
1074 3849 1269 3925 μικρῶν
1305 3845 1571 3919 πλάττειν,
1596 3848 1731 3927 πίθῳ
1763 3848 2050 3927 ἐγχειροίη.
2096 3854 2188 3908 Az-

641 3934 890 4012 καίαρχος
931 3932 986 3990 δε’
1016 3954 1171 4013 φησιν
1210 3931 1383 4013 ἔτερόν
1428 3957 1479 3991 τι
1509 3935 1697 4006 δηλοῦν
1743 3933 1839 4004 τὴν
1874 3935 2185 4015 παροιμίαν,

640 4021 794 4080 οἱονεὶ
813 4018 908 4091 τὴν
937 4018 1157 4096 μελέτην
1177 4022 1231 4078 ἐν
1254 4024 1359 4087 τοῖς
1379 4020 1571 4098 ὁμοίοις
1597 4023 1672 4099 (1.
1698 4021 1900 4088 οἰκείοις
1926 4043 1994 4079 ex
2016 4027 2184 4098 Hesy-

1831 435 2264 499 mCAEARcffl
2309 436 2655 498 MESSENn

2288 568 2456 645 chio)
2500 571 2787 638 ποιεῖσθαι,
2826 570 2894 632 ὣς
2944 567 3273 648 κυὸερνήτης
3327 568 3412 625 ἐπὶ
3450 572 3532 640 τ’ἥς
3575 570 3670 643 νηὸς
3696 574 3757 629 καὶ

2286 654 2495 733 ἡνίοχος
2523 653 2609 712 ἐπὶ
2631 657 2733 711 τῶν
2757 651 2952 713 ἵππων.
2974 655 3357 712 proverbium
3375 661 3633 732 permultis
3646 680 3758 716 usur-

2287 755 2507 817 patum.
2538 747 2606 799 V.
2638 743 3049 798 Schneidewin.
3085 745 3163 799 ad
3196 745 3261 801 h.
3291 746 3331 801 l.

2764 889 2912 947 ΓΗΣ
2954 889 3371 948 ΠΕΡΙΟΔΟΣ.

2364 1013 2709 1083 Argumenta
2737 1029 2935 1065 eorum
2950 1052 2966 1079 ,
2995 1030 3124 1083 quae
3144 1029 3217 1065 ex
3233 1011 3469 1066 Periodo
3488 1011 3618 1067 orbis
3638 1023 3757 1068 terta·

2285 1115 2411 1151 rum
2424 1098 2597 1170 petita
2615 1108 2745 1151 sunt
2755 1138 2772 1166 ,
2787 1097 3028 1153 Fuhrius
3040 1099 3242 1171 paucis
3254 1099 3643 1171 comprehendit
3654 1100 3755 1153 hunc

2285 1185 2347 1237 in
2383 1183 2617 1238 modum
2651 1203 2665 1237 τ
2714 1207 2740 1234 ι
2774 1184 3137 1239 Dicaearchus
3164 1194 3373 1239 terram
3402 1185 3653 1257 globosam
3679 1203 3755 1239 esse

2283 1272 2473 1325 statuit
2520 1269 2632 1343 (fr.
2690 1268 2830 1344 53).
2882 1299 2962 1313 --
2998 1272 3180 1325 Terra
3235 1270 3538 1325 habitabilis
3583 1271 3755 1324 dimidio

2284 1357 2511 1431 longior
2557 1374 2725 1429 quam
2767 1357 2936 1411 latior
2975 1366 3056 1410 est
3116 1354 3231 1433 (fr.
3276 1355 3413 1429 54).
3459 1358 3651 1410 Terram
3684 1375 3756 1428 per

2284 1445 2487 1499 lineam
2528 1462 2657 1498 cum
2704 1455 2990 1516 aequatore
3037 1443 3100 1499 ἐκ
3144 1441 3480 1519 παραλλήλου
3516 1453 3756 1497 cuneatur

2285 1541 2521 1595 eamque
2540 1540 2646 1595 per
2674 1523 2931 1577 Herculis
2971 1523 3295 1591 columnas,
3326 1520 3637 1587 Sardiniam,
3658 1521 3756 1575 siei-

2284 1609 2444 1678 linm,
2471 1610 2949 1682 Peloponnesum,
2980 1604 3239 1677 Cariam,
3270 1610 3517 1681 Lyciam,
3552 1607 3755 1679 Painphy·

2283 1696 2443 1764 liam,
2470 1696 2722 1751 Ciliciam
2740 1736 2756 1762 ,
2786 1713 2953 1768 super
2974 1698 3232 1751 Taurum
3262 1695 3336 1750 ad
3376 1697 3571 1750 Imaum
3604 1694 3757 1747 ducen-

2284 1793 2398 1837 tem
2427 1784 2489 1837 in
2528 1782 2667 1838 duas
2692 1782 2953 1837 dimidias
2990 1795 3187 1855 partes
3213 1783 3420 1837 divisit.
3456 1782 3537 1837 Ab
3558 1781 3644 1835 hac
3664 1779 3756 1832 inde

2283 1870 2431 1926 linea
2456 1874 2513 1925 et
2537 1888 2569 1923 a
2607 1871 2743 1925 locis
2778 1870 2857 1924 ibi
2883 1871 3080 1942 positis
3112 1872 3283 1925 sitnm
3310 1871 3627 1941 reliquorum
3647 1868 3755 1920 loco·

2284 1955 2662 2012 rumdefinire
2684 1957 2773 2011 vel
2806 1958 2971 2011 etiam
2990 1997 3006 2023 ,
3036 1959 3082 2012 si
3112 1957 3318 2012 Ukerti
3338 1958 3649 2026 aliorumque
3663 1971 3755 2006 con·

2277 2042 2555 2113 jecturam
2575 2044 2731 2115 sequi
2760 2043 2927 2111 libet,
2952 2063 3050 2100 eos
3079 2046 3267 2114 locos,
3302 2043 3645 2098 distantiarum
3665 2040 3755 2091 via-

2284 2147 2523 2200 rumque
2550 2128 2874 2184 directionis
2901 2132 2961 2183 in
2998 2132 3301 2185 itineribus
3334 2129 3569 2184 iudicatae
3596 2126 3753 2179 ratione

2283 2216 2472 2270 habita
2490 2255 2506 2282 ,
2534 2216 2596 2268 in
2616 2233 2741 2270 suas
2758 2215 2976 2271 tabulas
2990 2217 3212 2272 referre
3232 2226 3458 2271 conatus
3471 2231 3570 2269 esse
3592 2210 3754 2265 videtur

2287 2300 2401 2377 (fr.
2435 2300 2507 2359 55
2530 2302 2571 2376 ).
2609 2334 2688 2344 —
2730 2302 3063 2361 Distantiam
3109 2306 3264 2358 inter
3301 2303 3694 2374 Peloponnesum
3718 2306 3754 2348 et

2284 2388 2586 2444 Columnas
2625 2387 2811 2443 decies
2836 2390 2988 2444 mille
3022 2391 3343 2446 stadiorum
3376 2406 3484 2444 esse
3516 2384 3749 2458 judie-viu

2287 2493 2457 2547 quam
2485 2476 2562 2529 ob
2603 2476 3022 2532 aestimationem
3052 2496 3084 2532 a
3116 2478 3388 2551 Polybio,
3417 2476 3507 2548 qui
3527 2490 3627 2528 eam
3647 2469 3751 2540 iusto

2284 2564 2565 2618 minorem
2610 2565 2852 2631 censuit,
2889 2564 3270 2637 reprehensus
3303 2573 3399 2619 est.
3443 2564 3597 2632 Quem
3620 2567 3750 2610 tamen

2286 2650 2492 2705 Strabo
2522 2651 2582 2704 in
2607 2652 2946 2706 contrariam
2971 2662 3196 2725 partem
3218 2651 3516 2725 peccavisse
3537 2656 3584 2701 et
3602 2644 3751 2699 disun-

2287 2739 2419 2793 tiam
2449 2738 2599 2793 illam
2624 2739 2854 2793 nimiam
2891 2741 3145 2796 statuisse
3186 2736 3480 2795 arbitratus
3498 2746 3581 2791 est.
3604 2734 3672 2786 De
3690 2746 3750 2780 re·
3806 2792 3807 2803 ¹

2286 2824 2548 2898 gionibus
2596 2827 2839 2898 Europae
2896 2826 3257 2882 occidentem
3302 2837 3357 2880 et
3400 2819 3748 2896 septentrionem
3806 2842 3807 2881 l

2284 2909 2680 2982 spectantibus,
2704 2930 2735 2966 e
2751 2911 2968 2982 judicio
2988 2914 3228 2985 quidem
3250 2911 3537 2977 Strabonis,
3557 2918 3747 2976 magum

2285 3014 2401 3069 prae
2427 3013 2485 3051 se
2514 2996 2641 3051 tulit
2659 2997 3056 3071 ignorantiam,
3079 3018 3254 3073 quam
3282 3010 3454 3055 tamen
3476 2988 3749 3068 geogffil’bus

2287 3101 2356 3137 eo
2384 3085 2694 3151 excusavit,
2719 3084 3011 3156 quodillas
3029 3087 3150 3159 ipse
3178 3105 3299 3142 non
3315 3084 3535 3139 vidisset.
3557 3081 3748 3134 Ceterum

2287 3188 2410 3242 quae
2438 3170 2673 3242 Pytheas
2706 3170 2779 3226 de
2810 3173 2918 3226 illis
2952 3175 3225 3230 tractibus
3252 3172 3530 3241 retulerat,
3552 3166 3606 3219 iis
3624 3159 3745 3215 fidem

2284 3256 2496 3310 habere
2536 3256 2815 3312 dubitavit
2859 3256 2965 3328 (fr.
3018 3257 3092 3314 56
3113 3260 3159 3335 ).
3205 3293 3275 3305 -
3323 3258 3611 3315 Colmnms,
3648 3246 3748 3299 siem

2287 3342 2677 3397 Eratosthenes
2699 3362 2930 3416 quoque
2952 3357 3145 3418 postea
3166 3359 3225 3403 et
3244 3344 3520 3416 Polybius,
3539 3338 3655 3391 circi
3668 3329 3744 3421 fre:

2288 3438 2411 3481 tum
2436 3429 2625 3500 posuit
2648 3427 2665 3501 (
2686 3428 2755 3486 fr.
2789 3427 2859 3499 57
2883 3429 2924 3502 ).
2958 3454 2981 3480 υ
3014 3460 3082 3468 —-
3109 3434 3269 3488 Nilus
3296 3449 3363 3486 ex
3384 3424 3625 3483 Atlantico
3646 3431 3743 3469 man

2286 3512 2529 3571 refluens
2554 3514 2803 3570 exundat
2833 3517 2850 3587 (
2873 3517 2942 3571 fr.
2978 3514 3048 3581 54
3079 3516 3122 3592 ).

2362 3600 2600 3654 Tabulas
2631 3603 3030 3675 geographicas
3072 3623 3103 3659 a
3146 3601 3461 3661 Dicaearcho
3507 3595 3743 3651 elaboratas

2285 3702 2529 3757 esseper
2568 3704 2626 3740 se
2662 3686 2969 3741 admodum
3008 3692 3311 3745 verisimile
3350 3698 3449 3754 est,
3484 3688 3741 3755 quamqssffl

2282 3771 2489 3826 diserto
2512 3783 2766 3827 veterum
2789 3776 3107 3831 testimonio
3144 3797 3234 3833 res
3264 3769 3554 3832 confimari
3577 3759 3737 3832 nequit.

2281 3857 2590 3933 Significat-i
2617 3880 2758 3917 vero
2796 3863 3010 3917 tabulas
3036 3865 3347 3920 Dicaearchi
3373 3858 3517 3915 multi
3543 3852 3741 3938 putarunt

2281 3947 2409 4000 loco
2443 3949 2709 4021 Diogenis
2735 3951 2941 4004 Laertii
2964 3953 3039 4019 V,
3071 3949 3138 4006 51
3161 3994 3178 4022 ,
3208 3951 3307 4006 ubi
3327 3942 3671 4016 Theophrastus
3698 3944 3735 3979 ¹¹¹

2285 4044 2610 4089 testamento
2624 4035 2843 4105 jussisse
2859 4048 3120 4092 narratur
3141 4040 3201 4093 in
3222 4037 3437 4111 porticu
3455 4025 3641 4103 publice
3658 4013 3739 4068 col-

637 4125 3722 4165 ———----—-—-—--—-———-—.....---—--

639 4198 777 4253 tura;
799 4195 1102 4244 Dicoearcbus
1118 4208 1234 4244 vero
1253 4195 1515 4256 Sicyoniis3
1541 4197 1777 4258 Hippasus
1793 4199 1954 4245 autem
1982 4199 2031 4244 et
2049 4196 2192 4257 liujus

642 4274 695 4321 et
724 4271 1079 4334 gymnasiorum
1111 4271 1291 4333 primos
1311 4275 1533 4321 auctores
1549 4273 1934 4322 Lacedaemonios
1958 4272 2188 4335 perhibet.

700 4436 902 4485 solvens
941 4448 1005 4484 ex
1057 4436 1199 4484 Creta
1240 4435 1413 4483 Delum
1454 4434 1665 4496 appulit,
1707 4435 1791 4484 ubi
1832 4448 1931 4484 rem
1979 4435 2191 4485 divinam

641 4514 751 4562 fecit
771 4512 1001 4574 Apollini,
1015 4512 1327 4574 dedicatoque
1354 4513 1553 4561 Veneris
1568 4513 1730 4575 signo,
1749 4512 1880 4574 quod
1903 4513 1965 4561 ab
1988 4514 2193 4564 Ariadna

639 4591 912 4651 acceperat,
934 4587 1198 4649 tripudium
1224 4589 1417 4638 saltavit
1436 4602 1547 4637 cum
1577 4588 1929 4651 impuberibus,
1946 4589 2076 4651 quod
2103 4590 2194 4639 hac

641 4670 786 4719 etiam
806 4667 1036 4716 memoria
1054 4667 1212 4717 serunt
1229 4666 1388 4716 Delios
1404 4680 1621 4728 servare3
1646 4667 1780 4728 quod
1801 4667 1851 4715 in
1878 4668 2191 4717 imitationem

639 4747 946 4796 anfractuum
981 4744 1261 4805 Labyrinthi
1290 4748 1341 4793 et
1373 4745 1647 4806 ambagium
1677 4744 1737 4793 ad
1763 4744 1930 4794 modos
1958 4748 2191 4808 quosdam

641 4824 848 4873 musicos
886 4821 1146 4883 peragitur,
1174 4821 1255 4883 qui
1293 4820 1638 4882 implicationes
1667 4824 1714 4870 et
1732 4822 2027 4872 evolutiones
2066 4825 2189 4873 rese-

641 4903 770 4951 runt.
801 4903 903 4949 Hoc
933 4913 1081 4961 genus
1100 4899 1361 4948 saltationis
1397 4902 1529 4948 Grus
1560 4899 1734 4948 dicitur
1763 4913 1792 4948 a
1824 4900 1996 4962 Deliis,
2020 4902 2074 4950 ut
2098 4915 2192 4950 mc·

643 4978 808 5027 morioe
834 4975 1041 5040 prodidit
1071 4975 1392 5026 Dicoearclms.
1430 4976 1631 5025 saltavit
1661 4979 1825 5025 autem
1854 4978 2037 5026 circum
2055 4991 2186 5027 aram

642 5059 925 5106 cen-atonem
940 5090 953 5114 ‚
973 5067 1083 5116 quae
1101 5068 1158 5104 ex
1179 5054 1403 5104 cornibus
1425 5057 1548 5114 erat,
1569 5054 1768 5105 sinistris
1789 5055 2041 5117 omnibus,
2058 5071 2191 5106 rom·

643 5136 797 5195 pacta.

3013 4207 3102 4256 50.

2347 4304 2484 4351 Cane
2508 4314 2570 4351 ea
2594 4314 2711 4366 φησι
2739 4304 2926 4353 Tenen.
2954 4306 3118 4355 Tenen
3143 4307 3223 4356 hic
3253 4304 3419 4354 tibicen
3435 4298 3524 4347 erat
3541 4292 3581 4339 et
3609 4278 3733 4333 unni·

2279 4390 2393 4426 num
2416 4379 2807 4428 inconcinnarum
2830 4382 2986 4442 poeta.
3016 4384 3234 4433 Meminit
3258 4381 3357 4441 ejus
3374 4366 3632 4426 Dicaearchus
3645 4358 3730 4405 M&

2277 4457 2449 4506 senius.

2339 4628 2401 4674 In
2423 4625 2843 4688 doliostqulinam
2865 4629 3020 4678 diseo.
3053 4630 3361 4681 proverbium
3380 4619 3535 4671 dicitur
3547 4610 3596 4657 de
3610 4606 3653 4652 5⁸⁵
3667 4608 3726 4658 ‘lu'

2279 4702 2430 4765 prima
2453 4706 2568 4753 artis
2586 4705 2854 4755 rudimenta
2876 4710 3316 4768 praetermittentes,
3346 4704 3509 4759 11me
3532 4683 3658 4738 ⁸¹⁸⁰¹¹¹
3674 4685 3729 4731 'g'

2278 4780 2558 4840 gradiuntur
2583 4785 2677 4831 :ut
2706 4784 2745 4831 si
2770 4784 2880 4845 quis
2902 4784 3145 4845 figulinam
3175 4786 3375 4838 discens,
3400 4773 3514 4838 prins
3536 4770 3648 4845 ΦΨ
3671 4763 3726 4795 ¹¹“

2281 4868 2391 4905 ceos
2410 4856 2674 4919 similiaque
2701 4861 2892 4908 vascula
2918 4861 3093 4922 tingat,
3118 4863 3246 4911 dolia
3277 4850 3553 4919 aggrediatur.
3572 4837 3727 4886 „wanr-

2280 4933 2528 4982 cllus·vero
2545 4934 2692 4983 alium
2712 4936 2965 4997 proverbio
2981 4949 3174 4987 sensum
3202 4934 3385 4989 tribuit,
3404 4921 3591 4975 nimirum
3606 4911 3723 4977 curm!

2281 5009 2424 5058 robus
2450 5010 2824 5074 uniuscujusque
2844 5013 3252 5063 accommodatam
3269 4994 3610 5071 impendendam
3632 4975 3725 5030 '‘d''

2280 5099 2421 5134 causa
2436 5086 2687 5136 nauclerus
2709 5101 2877 5137 navem
2903 5089 3162 5149 gubernet.
3182 5094 3231 5140 et
3251 5097 3388 5150 equos
3401 5074 3553 5133 auriga·
