3900 6042
552 493 626 544 oo
741 447 754 468 ‘
1966 477 2277 540 Dinonis

546 632 737 671 carere
759 621 992 678 statuat,
1017 606 1494 683 quemadmodum
1527 607 1792 666 feminam
1810 607 2098 681 juniorem
2136 638 2149 700 1
2187 628 2328 664 mar.
2361 610 2419 662 in
2449 610 2620 664 Dion.
2664 610 2808 667 Cass.
2837 619 2975 665 tom.
3006 611 3090 679 11,
3122 629 3183 683 p.
3225 609 3386 666 1521.
3428 612 3743 668 Ruhnken.

544 703 606 756 in
655 700 836 755 insula
892 701 1149 753 Sumatra
1204 698 1321 752 sine
1376 715 1558 751 cornu
1610 693 1754 750 vidit
1801 698 2094 752 Marsden.

543 806 603 861 p.
628 788 736 844 135
751 804 893 840 vers,
915 802 1092 859 germ.
1121 807 1145 832 υ
1167 771 1555 859 -ὗςτετρακ.]
1573 805 1598 830 α
1613 783 1779 838 Suem
1797 783 2100 856 Barbyrus·

542 893 658 928 sam
682 875 1082 944 interpretatur
1103 869 1411 936 Era-leben,
1444 885 1774 941 comparans
1793 871 1938 924 Plin.
1969 872 2097 938 vn,

547 958 619 1016 52
636 1000 653 1029 ,
682 978 724 1014 s.
753 958 848 1028 78.
877 960 1061 1031 Apros
1085 967 1355 1011 cornutos
1377 957 1437 1009 in
1460 956 1624 1012 Circo
1657 957 1802 1012 visos
1825 969 2100 1012 memorat

543 1048 812 1119 Calpurn.
855 1045 973 1100 Ecl.
1004 1045 1140 1111 Vll,
1173 1041 1267 1099 58.
1299 1045 1517 1115 Aprum
1542 1044 1926 1117 AEthiopicum
1954 1043 2094 1099 den-

543 1132 692 1186 tibus
711 1141 980 1204 quattuor
999 1131 1229 1184 exsertis
1246 1139 1520 1184 armatum
1545 1131 1943 1204 interpretatur
1965 1132 2101 1186 Pal-

544 1219 631 1270 las
675 1216 891 1271 Praesat.
935 1214 1008 1270 ad
1050 1215 1281 1272 Miscell.
1334 1216 1493 1272 Zool.
1549 1215 1567 1291 (
1590 1216 1853 1290 Lugdun.
1903 1218 2098 1272 Batav.

549 1301 756 1377 1778),
779 1320 946 1375 quem
964 1301 1215 1373 sequitur
1233 1300 1494 1374 Camper.
1522 1325 1548 1351 ν
1562 1301 1940 1362 δαΗΝΒΙΒΕΒ.
1961 1327 1986 1352 κ
2010 1303 2092 1360 Cs.

546 1388 899 1447 Ctearhmar
912 1390 1075 1442 Atlas
1093 1407 1157 1442 zu
1173 1389 1408 1441 Eduard
1423 1390 1668 1462 Riae'ppels·
1687 1391 1884 1445 Reisen
1902 1409 1963 1463 p.
1997 1390 2093 1462 66,
2135 1436 2145 1447 .

545 1477 642 1548 qui
684 1493 884 1548 aprum
918 1476 1124 1530 AEliani
1162 1493 1279 1529 non
1315 1474 1538 1531 dubitat
1577 1495 1692 1533 esse
1732 1495 1894 1546 eum,
1928 1495 2099 1549 quem

546 1562 736 1618 Guoier
756 1559 1140 1617 Phacochoere
1164 1550 1516 1635 d'Ethiopie,
1539 1564 1658 1635 ipse
1684 1563 2101 1618 Phacochoeoes

542 1650 761 1703 AEle‘ani
777 1649 1137 1720 nuncupavit.
1156 1647 1322 1702 Idem
1340 1665 1452 1703 esse
1477 1661 1662 1705 censet
1681 1651 1941 1705 Buceron
1965 1668 2099 1705 cor-

542 1737 853 1790 niculatum
884 1753 977 1807 ap.
1008 1738 1052 1791 V
1054 1735 1266 1789 aillant.
1295 1758 1320 1783 ι
1339 1735 1585 1792 JACOBs.
1611 1768 1691 1779 —
1711 1738 1798 1792 De
1821 1736 2021 1791 ovibus
2038 1755 2094 1790 v.

542 1822 783 1878 Diodor.
811 1824 915 1889 111,
936 1821 991 1890 8,
1013 1822 1205 1893 ibique
1224 1823 1554 1896 Wesseling.
1585 1825 1720 1878 Eam
1750 1842 1915 1879 ovem
1939 1825 2101 1878 Cret-

541 1909 759 1985 schmar
781 1909 820 1961 l.
860 1908 897 1963 1.
929 1909 1331 1979 interpretatur
1356 1925 1520 1964 ovem
1558 1909 1946 1982 tragelaphum
1980 1911 2093 1965 Go-

541 1992 759 2062 dosredi
787 1988 1268 2068 (deS.·He'lait-e).

1286 2121 1320 2177 3

623 2252 833 2307 Plinius
851 2253 924 2307 H.
954 2253 1024 2308 N.
1050 2252 1138 2320 X,
1161 2269 1236 2322 70
1262 2271 1276 2307 z
1308 2253 1428 2308 Nec
1445 2252 1666 2308 Sirenes
1686 2258 2102 2328 impetraverint

470 2365 478 2374 ⁴
527 2339 711 2411 fidem
730 2379 749 2410 ,
771 2339 898 2393 licet
919 2336 1173 2409 affirmet
1185 2340 1353 2406 Dino,
1384 2339 1664 2395 -Clitarclu'
1696 2342 1958 2397 celebrate·
1989 2360 2097 2396 au-

541 2430 710 2480 ccoris
719 2436 898 2497 pater,
933 2431 991 2479 in
1012 2426 1184 2479 India
1200 2444 1338 2495 esse,
1355 2428 1687 2500 mulcerique
1699 2446 1888 2482 earum
1906 2440 2086 2495 cantu,

2185 715 2245 750 m
2272 696 2569 751 Adversar.
2615 695 2687 752 ad
2730 696 2908 751 schol.
2949 698 3167 752 Platon.
3209 698 3395 753 Phaed.
3427 718 3488 772 p.
3535 699 3647 771 89,
3672 702 3745 768 C,

2184 782 2415 837 Duridis
2451 801 2660 839 nomen
2698 784 2871 840 latere
2901 786 3128 840 censuit.
3160 783 3483 841 Hullmann.
3519 785 3596 842 ad
3626 789 3749 840 Du-

2185 869 2295 924 rid.
2328 870 2396 925 l‘r.
2426 888 2487 944 p.
2522 870 2629 925 188
2659 872 2925 944 cogitavit
2943 870 3014 926 de
3039 871 3224 927 Dione
3247 872 3324 949 τῷ
3343 869 3430 927 ἐπὶ
3459 871 3746 950 φιλοσοφία

2185 953 2447 1035 διαὸοήτῳ
2472 958 2700 1032 (Suidas
2722 977 2775 1012 v,
2793 954 2874 1015 To
2891 953 3086 1022 Δίωνος
3098 957 3245 1036 γρῦ).
3259 963 3468 1015 Verum
3484 962 3553 1013 in
3574 979 3747 1031 quem

2185 1043 2466 1116 quadrent
2509 1047 2611 1100 ista
2649 1045 2703 1100 ἐν
2748 1041 2969 1122 δευτέρῳ
3010 1066 3061 1103 τ.
3101 1045 3149 1104 δ.
3201 1042 3409 1112 συντάξ.
3454 1048 3747 1101 neminem

2183 1131 2317 1184 novi
2337 1142 2542 1203 praeter
2558 1134 2862 1188 Dinonem.
2884 1132 3006 1202 Qua
3025 1133 3316 1188 occasione
3338 1133 3385 1186 is
3406 1134 3464 1186 in
3492 1151 3589 1187 res
3608 1135 3749 1187 Her·

2184 1217 2321 1272 culis
2339 1219 2653 1273 excurrerit
2668 1219 2890 1285 nesci03
2926 1215 3063 1272 num'
3094 1219 3153 1273 in
3180 1218 3480 1274 Medorum
3510 1219 3747 1274 historia

2184 1301 2256 1356 de
2315 1304 2533 1378 origine
2574 1303 2867 1376 Lydorum
2926 1304 3353 1359 Heraclidarum
3409 1307 3749 1377 exponens?

2182 1388 2521 1444 Fabulamm
2549 1401 2881 1445 novatorem
2908 1392 3093 1464 arguit
3118 1391 3387 1445 Hercules
3418 1390 3608 1445 Idaeus
3630 1393 3749 1446 Da-

2185 1475 2363 1548 ctylus
2411 1495 2519 1549 pro
2568 1477 2838 1532 Thebano
2884 1480 3120 1550 positus.
3166 1480 3252 1533 De
3300 1478 3543 1549 Dactylo
3590 1477 3743 1532 Idaeo

2186 1562 2575 1635 Olympiorum
2616 1565 2935 1619 institutore
2977 1584 3030 1618 ν.
3069 1564 3273 1619 Euseb.
3308 1568 3467 1618 Arm.
3518 1583 3582 1636 p.
3638 1563 3742 1626 135.

2183 1647 2275 1703 ed.
2337 1646 2469 1704 Mai.
2525 1653 2593 1705 In
2645 1652 2967 1705 universum
3026 1669 3080 1705 ν.
3138 1649 3391 1705 Lobeck.
3452 1651 3737 1723 Aglaoph.

2182 1753 2241 1808 p.
2266 1755 2288 1790 1
2304 1736 2412 1792 168
2430 1755 2556 1811 sqq.
2580 1740 2663 1793 De
2680 1737 2991 1810 proverbio
3007 1737 3079 1792 cs.
3109 1736 3395 1792 Herodoti
3414 1737 3625 1811 fragm.
3656 1756 3676 1790 1
3691 1742 3741 1800 4.

2932 1874 2984 1931 5.

2636 2032 2682 2085 Ε
2721 2031 2941 2134 Lmao
2978 2032 3275 2103 QmNTo.
3412 2080 3455 2126 ι

2261 2167 2539 2241 Diogenes
2557 2168 2743 2222 Laert.
2775 2168 2830 2236 1,
2854 2165 2913 2232 8,
2938 2165 3010 2222 de
3030 2168 3241 2240 Magis:
3272 2163 3387 2235 Τὴν
3410 2163 3468 2222 δὲ
3486 2164 3739 2243 γοητικὴν

2184 2250 2432 2326 μαντείαν
2464 2250 2573 2309 οὐδ’
2600 2249 2861 2328 ἔγνωσαν,
2888 2254 2958 2317 ὡς
2992 2251 3147 2331 φησὶν
3177 2250 3535 2331 Ἀριστοτέλης
3569 2255 3623 2309 ἐν
3664 2255 3739 2331 τῷ

2186 2341 2411 2419 Μαγικῷ
2432 2339 2521 2397 καὶ
2548 2337 2740 2400 Δείνων
2767 2341 2820 2397 ἐν
2838 2343 2906 2419 τῇ
2929 2338 3147 2420 πέμπτῃ
3177 2343 3279 2397 τῶν
3300 2338 3743 2420 ἱστοριῶν,δςκαὶ

2184 2425 2692 2505 μεθερμηνευόμενόν
2737 2448 2866 2506 φησι
2904 2428 2991 2484 τὸν
3028 2425 3374 2508 Ζωροάστρην
3419 2427 3739 2508 ἀστροθύτην

544 2531 676 2584 quos
693 2521 950 2584 gravatos
969 2531 1158 2568 somno
1188 2515 1450 2571 lacerent.
1474 2515 1609 2585 Quae
1628 2513 1837 2570 fuerint
1863 2516 1978 2570 istae
2003 2516 2095 2572 Si-
2184 2500 2343 2569 εἶναι·
2373 2511 2501 2592 φησὶ
2525 2511 2582 2570 δὲ
2607 2517 2764 2571 τοῦτο
2784 2512 2875 2571 καὶ
2904 2509 3255 2592 Ἑρμόδωροῖ.

543 2617 729 2667 renes,
768 2616 839 2654 ex
878 2599 1142 2654 Clitarchi
1174 2598 1276 2656 filii
1311 2602 1635 2658 narratione
1671 2600 1835 2679 (Clit.
1880 2602 1953 2658 fr.
1994 2600 2095 2679 18)

544 2686 809 2761 colligere
833 2688 981 2742 licet.

920 2908 1267 2967 ΔΕΥΤΕΡΑ
1315 2908 1716 2970 ΣΥΝΤΑΞΙΣ.

1164 3048 1478 3114 ΜΗΔΙΚΑ.

1291 3175 1349 3233 t·-
1451 3167 1460 3176 '

962 3303 1008 3356 E
1032 3275 1272 3358 'uano
1312 3303 1666 3361 SECUNDO.

620 3437 818 3493 Suidas
843 3433 1009 3495 Οὐδὲ
1038 3434 1361 3515 Ἡρακλῆς
1384 3436 1539 3518 πρὸς
1563 3437 1704 3500 δύο.
1727 3439 1750 3517 ]
1777 3440 1915 3510 Τοὺς
1946 3438 2123 3525 [γὰρ]·

543 3521 858 3588 Μολιονίδας
891 3520 1067 3601 ἔφυγε.
1100 3523 1294 3583 Δείνων
1315 3523 1368 3582 δὲ
1392 3526 1446 3583 ἐν
1484 3523 1706 3606 δευτέρῳ
1728 3531 1823 3599 τῆς
1856 3530 2096 3611 δευτέρας

541 3605 828 3675 συντάξεως
856 3606 1124 3687 Ἡρακλέα
1147 3611 1233 3668 τὸν
1270 3610 1463 3670 Ἰδαῖον
1495 3612 1765 3674 Δάκτυλον
1784 3658 1801 3686 ,
1833 3611 2094 3673 καταδεί-

542 3692 701 3761 ξαντα
731 3693 800 3753 τὰ
826 3694 1142 3773 Ὀλύμπια,
1160 3695 1290 3776 πρὸς
1327 3696 1416 3757 δύο
1454 3698 1905 3760 διαπυκτεύσαντα
1932 3705 2095 3773 ἡττη-

541 3782 711 3849 Θῆναι.

619 3864 765 3945 Γὰρ]
789 3867 984 3924 addidi
1018 3888 1088 3926 ex
1121 3871 1328 3927 Photio
1356 3883 1414 3928 et
1442 3872 1675 3930 Arsenio
1709 3893 1771 3948 p.
1818 3875 1955 3948 391·-
1981 3875 2094 3932 Ea-

541 3952 673 4007 dem
721 3956 978 4027 Apostol.
1029 3958 1201 4011 ProV.
1249 3975 1312 4031 p.
1368 3958 1497 4015 180.
1528 3992 1610 4004 —
1649 3960 1882 4037 Δείνων]
1929 3963 2093 4017 Libri

539 4035 699 4095 Δίων.
728 4041 974 4096 Dionem
1003 4043 1459 4116 Chrysostomum
1487 4047 1719 4121 intelligi
1739 4049 1924 4103 voluit
1953 4050 2093 4104 Rei-

2931 2661 2988 2720 6.

2251 2794 2424 2849 ·Idem
2452 2796 2572 2869 IX,
2606 2795 2681 2850 50
2715 2814 2730 2849 t
2765 2793 3120 2873 Πρωταγόρας
3152 2790 3510 2873 Ἀρτέμωνος,
3558 2793 3629 2866 ἢ,
3669 2798 3737 2861 ὣς

2185 2878 2565 2959 Ἀπολλόδωρος
2588 2881 2688 2957 (fr.
2708 2881 2811 2957 86)
2834 2879 2926 2938 καὶ
2950 2880 3116 2939 Δίνων
3140 2879 3161 2957 (
3173 2901 3276 2938 scr.
3302 2879 3535 2959 Δείνων)
3562 2885 3617 2940 ἐν
3638 2883 3740 2947 τοῖς

2187 2967 2491 3044 Περσικοῖς,
2522 2967 2866 3048 Μαιανδρίου.
2886 2972 3100 3025 Mentio
3129 2972 3455 3044 philosophi
3480 2990 3615 3026 cum
3638 2972 3739 3066 ἀέσ-

2182 3058 2478 3129 putatione
2501 3056 2574 3113 de
2596 3059 2870 3132 religione
2891 3060 3261 3115 Asiaticorum
3289 3059 3595 3132 conjuncta
3625 3077 3737 3116 esse

2182 3145 2391 3217 potuit.

2928 3251 2983 3301 7·
3700 3323 3709 3338 ·

2260 3363 2557 3419 Athenaeus
2581 3365 2742 3432 XIV,
2770 3383 2831 3438 p.
2865 3363 2978 3420 633
2997 3405 3013 3434 ,
3040 3365 3083 3421 C
3115 3385 3128 3422 :
3154 3361 3397 3443 Ὄμηρος
3432 3369 3563 3442 γοῦν
3590 3386 3740 3445 φησιν

2184 3447 2264 3507 ἐπ’
2284 3447 2586 3527 Ἀχιλλέως·
2621 3476 2647 3501 ιι
2674 3446 2842 3508 Ἄειδε
2863 3449 2908 3507 δ’
2936 3448 3040 3529 ἄρα
3077 3449 3208 3510 κλέα
3238 3453 3436 3531 ἀνδρῶν
3464 3453 3673 3532 ἡρώων·
3704 3479 3728 3504 υ

2182 3535 2273 3594 καὶ
2296 3534 2384 3595 τὸν
2405 3536 2619 3612 Φήμιον
2642 3535 2697 3594 δέ
2730 3558 2885 3612 φησιν
2900 3581 2917 3609 ,
2940 3535 3020 3594 ὅτι

2607 3682 2755 3730 πολλὰ
2781 3683 2958 3745 βροτῶν
2982 3682 3224 3746 θελκτήρια
3245 3683 3396 3743 οἶδεν,

2307 3749 2401 3812 ἔργ’
2418 3749 2593 3814 ἀνδρῶν
2616 3767 2666 3800 τε
2689 3751 2803 3800 θεῶν
2827 3768 2878 3801 τε
2888 3787 2905 3814 ,
2927 3751 2987 3801 τά
3004 3769 3055 3802 τε
3075 3753 3307 3802 κλείουσιν
3326 3754 3490 3803 ἀοιδοί.

2184 3869 2266 3931 Τὸ
2306 3869 2362 3929 δὲ
2402 3870 2512 3938 ἔθος
2549 3876 2702 3930 τοῦτο
2728 3871 2819 3930 καὶ
2846 3872 2992 3955 παρὰ
3019 3874 3125 3941 τοῖς
3156 3874 3441 3955 βαρόἄροις
3483 3875 3731 3953 ἐσώζετο,

2182 3957 2252 4025 ὥς
2291 3981 2417 4040 φησι
2456 3959 2648 4018 Δείνων
2677 3962 2729 4018 ἐν
2763 3961 2869 4028 τοῖς
2906 3962 3202 4040 Περσικοῖς.
3244 3961 3360 4033 Τὴν
3393 3967 3517 4039 γοῦν
3562 3964 3733 4045 Κύρου

2183 4052 2272 4103 τοῦ
2303 4046 2511 4126 πρώτου
2541 4046 2777 4127 ἀνδρείαν
2815 4046 2905 4105 καὶ
2937 4047 3025 4106 τὸν
3049 4049 3305 4125 μέλλοντα
3343 4048 3577 4128 πόλεμον
3614 4051 3721 4109 ἔσε-

575 4133 3720 4181 —-——-———————-——fl———---—---—--—-——-———..

1038 4206 1336 4267 ALTERA
1378 4208 1590 4269 PARS.

858 4315 970 4380 DE
1017 4319 1277 4383 nesus
1322 4320 1756 4415 MEDoRuM.

956 4523 1001 4576 E
1031 4524 1256 4580 LIBRO
1277 4442 1652 4585 ⁴sECUNDO.

2189 4209 2508 4260 Historiarum
2529 4210 2679 4271 libi-03
2714 4211 2797 4274 qui
2826 4214 3129 4262 zoroastrem
3151 4225 3342 4275 quoque
3362 4226 3420 4262 ex
3454 4214 3729 4278 interpreta-

2182 4289 2313 4338 tione
2334 4289 2540 4339 nominis
2564 4289 2637 4338 sui
2668 4293 2910 4339 astrorum
2941 4292 3109 4342 asserit
3134 4292 3277 4342 misse
3303 4293 3557 4343 cultorem.
3592 4292 3728 4352 Quod

2184 4365 2336 4429 ipsum
2359 4366 2507 4417 etiam
2537 4367 2865 4418 Hemodorus
2882 4368 3046 4419 tradit.

2243 4538 2525 4600 Protagoras
2557 4539 2856 4601 Artemonis,
2887 4461 2993 4602 vg,
3022 4542 3079 4590 ut
3106 4540 3423 4604 Apollodorus
3453 4544 3504 4594 et
3531 4544 3654 4595 Dino
3682 4543 3726 4593 in

605 4617 797 4666 Contra
816 4616 943 4668 duos
971 4633 1033 4670 ne
1058 4623 1303 4674 Hercules
1322 4625 1550 4689 quidem]
1587 4626 1779 4677 Scilicet
1809 4627 2092 4678 Molionidas
2180 4616 2434 4664 Peffiffl'um
2450 4615 2689 4678 Ιὶῑὸῑῡῐῑθι
2705 4615 2951 4667 Maefflldrii
2974 4616 3117 4668 filius·

537 4691 675 4753 fugit.
698 4693 821 4743 Dino
845 4709 961 4745 vero
989 4696 1111 4746 libro
1141 4699 1350 4749 secundo
1373 4701 1521 4763 partis
1554 4702 1778 4753 secundae
1809 4704 2089 4767 Herculem,

538 4771 790 4832 Dactylum
828 4773 1010 4824 ldaeum
1024 4811 1042 4837 ,
1079 4777 1220 4828 ludos
1250 4780 1525 4843 olympicos
1554 4778 1910 4846 instituentem,
1935 4798 2090 4848 quum

536 4848 704 4896 contra
721 4847 844 4898 duos
863 4852 1076 4915 pugilatu
1098 4857 1308 4906 certaret
1321 4891 1337 4918 ,
1356 4856 1544 4907 victum
1560 4870 1663 4908 esse
1683 4858 1846 4909 tradit.

1294 4946 1347 4996 5.

1004 5035 1050 5088 E
1077 5036 1297 5092 LIBRO
1317 5038 1615 5108 QUINTO.

598 5130 853 5192 praestigiis
867 5135 1044 5184 utentis
1067 5135 1373 5187 divinationis
1391 5140 1577 5201 ignaros
1596 5141 1791 5202 (Magos)
1816 5142 2088 5193 Aristoteles

2179 4745 2413 4794 Homerus
2432 4744 2494 4796 de
2516 4745 2698 4795 Achille
2719 4745 2837 4795 dicit
2924 4684 2977 4731 ⁷⁸

2310 4823 2517 4868 canebat
2538 4824 2740 4877 gloriosa
2758 4824 2964 4869 virorum
2987 4822 3107 4869 taeta
3128 4823 3336 4879 hei-omn,

2175 4892 2224 4941 et
2245 4891 2497 4942 Phemium
2519 4894 2588 4943 ait
3294 4919 3298 4923 Δ

2307 4983 2509 5039 plurium
2528 4984 2793 5030 mortalium
2810 4984 3144 5031 oblectamenta
3163 4986 3369 5039 novisse,

2307 5054 2432 5106 gesta
2450 5052 2658 5097 virorum
2675 5053 2989 5109 deorumque,
3016 5065 3123 5109 quae
3145 5054 3375 5100 celebrant
3394 5055 3637 5112 cantores„

2173 5142 2307 5193 idem
2331 5158 2439 5195 mos
2456 5147 2585 5208 apud
2605 5146 2835 5197 barbaros
2852 5148 2997 5198 etiam
3016 5148 3317 5208 servabatur,
3337 5150 3392 5197 ut
3422 5149 3493 5199 ait
3524 5151 3649 5200 Diuo
3678 5149 3724 5197 in

535 5204 606 5251 ait
635 5205 682 5252 in
714 5205 837 5256 libro
863 5222 1009 5270 quem
1034 5212 1270 5276 inscripsit
1296 5216 1558 5278 Magieum,
1593 5219 1643 5265 et
1672 5217 1795 5267 Diuo
1826 5218 1878 5267 iu
1909 5207 2083 5281 quinto
2175 5222 2391 5272 Persicis.
2438 5227 2550 5286 cyri
2584 5228 2714 5277 certe
2739 5226 2997 5290 mperioris
3020 5227 3248 5278 virtutem
3280 5229 3330 5277 et
3362 5226 3580 5278 futurum
3618 5239 3722 5277 cum
