3900 6042
572 465 680 516 108

561 587 735 654 τέλους
753 567 1188 661 τῆῖκαλουμενης
1205 587 1446 653 ἱππάδος·
1466 588 1526 645 τὸ
1545 587 1597 646 δὲ
1617 586 1863 666 τέταρτον
1882 588 2109 661 θητικὸν,

563 669 637 741 οἷς
664 676 906 756 οὐδεμιᾶς
934 677 1101 754 ἀρχῆς
1129 678 1314 751 μετῆν.
1339 683 1359 745 ]

1308 788 1363 842 8.

639 911 871 966 Photius
896 910 1028 972 Lex.
1061 928 1074 963 ε
1105 910 1414 985 Ναυρκρα
1432 904 1538 984 ρία
1558 923 1573 938 ·
1601 904 1660 962 τὸ
1682 904 1927 985 πρότερον
1953 901 2113 967 οὕτως

561 994 796 1068 ἐκάλουν,
851 983 1139 1073 ναυκραρία
1203 993 1293 1052 καὶ
1333 991 1647 1071 ναύκραρος·
1690 990 1977 1071 ναυκραρία
2019 988 2111 1066 μὲν

559 1081 737 1140 ὁποῖόν
782 1105 833 1140 τι
865 1086 900 1152 ἡ
938 1079 1204 1160 συμμορία
1260 1079 1350 1138 καὶ
1400 1083 1428 1137 δ
1473 1080 1671 1157 δῆμος,
1711 1077 1997 1159 ναύκραρος
2044 1075 2098 1135 δὲ

447 1243 454 1250 .
562 1169 741 1229 ὁποῖόν
773 1192 825 1227 τι
852 1172 881 1226 ὃ
911 1167 1207 1246 δήμαρχος,
1253 1167 1490 1234 Σόλωνος
1516 1165 1676 1233 οὕτως
1716 1165 2102 1242 ὀνομάσαντος,

564 1259 634 1324 ὡς
678 1254 769 1316 καὶ
797 1254 1152 1334 Ἀριστοτέλης
1186 1253 1351 1334 φησὶ,
1395 1253 1483 1312 καὶ
1513 1255 1566 1310 ἐν
1609 1254 1713 1319 τοῖς
1745 1252 1915 1329 νόμοις
1957 1249 2010 1309 δὲ
2048 1250 2109 1308 ἄν

561 1366 639 1409 τις
691 1341 1006 1422 ναυκραρίας
1078 1339 1390 1423 ἀμφισόητῇ
1455 1340 1545 1398 καὶ
1607 1339 1721 1405 τοὺς
1787 1337 2109 1417 ναυκράρους

559 1427 677 1495 τοὺς
703 1428 840 1487 κατὰ
879 1427 1195 1509 ναυκραρίαν
1212 1451 1225 1463 ·
1272 1426 1483 1505 ὕστερον
1525 1425 1580 1484 δὲ
1626 1425 1731 1484 ἀπὸ
1775 1427 2111 1490 Κλεισθένους

561 1516 721 1593 δῆμοί
755 1519 889 1594 εἶσι,
927 1515 1016 1573 καὶ
1064 1513 1325 1594 δήμαρχοι
1358 1512 1673 1586 ἐκλήθησαν.
1721 1512 1822 1573 Ἐκ
1860 1516 1950 1582 τῆς
1979 1509 2111 1589 Ἀρι·

560 1604 828 1671 στοτίλους
839 1604 1127 1677 πολιτείας,
1145 1603 1200 1662 ὃν
1225 1603 1414 1684 τρόπον
1440 1601 1639 1670 διέταξε
1657 1601 1752 1673 τὴν
1771 1599 1921 1659 πόλιν
1945 1605 1975 1659 ὃ
2000 1599 2105 1659 Σό-

559 1695 663 1751 λων
683 1737 701 1766 ,
753 1692 913 1774 φυλαὶ
958 1692 1013 1751 δὲ
1059 1683 1193 1763 ἦσαν
1240 1691 1488 1771 τέσσαρες
1511 1735 1526 1763 ,
1567 1689 1802 1769 καθάπερ
1841 1687 2109 1768 πρότερον,

559 1779 649 1836 καὶ
675 1777 1042 1857 φυλοὸασιλεῒς
1083 1778 1357 1858 τέσσαρες·
1397 1781 1456 1837 ἐκ
1481 1776 1535 1835 δὲ
1560 1780 1652 1847 τῆς
1677 1778 1839 1856 φυλῆς
1882 1774 2110 1845 ἑκάστης

559 1857 691 1937 ἦσαν
720 1864 1065 1943 νενεμημέναι
1092 1866 1321 1944 τριττύες
1349 1862 1443 1940 μὲν
1478 1864 1644 1943 τρεῖς,
1692 1862 2008 1943 ναυκραρίαι
2048 1861 2101 1919 δὲ

560 1951 761 2010 δώδεκα
781 1952 897 2010 καθ’
920 1951 1166 2024 ἑκάστην.
1192 1951 1260 2012 Ὁ
1279 1950 1574 2026 Κλείδημος
1601 1951 1653 2007 ἐν
1681 1953 1749 2028 τῇ
1778 1949 1928 2029 τρίτῃ
1954 1948 2107 2029 φησὶν

559 2037 637 2096 ὅτι
654 2038 990 2106 Κλεισθένους
1013 2038 1138 2097 δέκα
1153 2037 1315 2120 φυλὰς
1331 2038 1642 2109 ποιήσαντος
1664 2036 1779 2095 ἀντὶ
1800 2039 1903 2095 τῶν
1925 2036 2109 2096 τεσσά·

562 2147 683 2204 ρων,
711 2123 903 2196 συνέὸη
935 2124 1025 2183 καὶ
1047 2127 1097 2192 ἐς
1124 2124 1446 2195 πεντήκοντα
1475 2116 1975 2205 μέρη’διαταχθῆναι
2014 2126 2107 2183 αὖ·

558 2209 673 2277 τάς.
702 2214 887 2271 Ταῦτα
916 2210 971 2269 δὲ
1006 2212 1369 2289 (διαταγῆναι.
1403 2211 1587 2277 αὐτοὺς
1614 2209 1668 2269 δὲ
1697 2213 1826 2271 cod.
1848 2214 1866 2288 )
1887 2211 2105 2270 ἐκάλουν

559 2297 898 2378 ναυκραρίας,
919 2296 1097 2379 ὥσπερ
1116 2303 1205 2356 νῦν
1225 2300 1297 2363 εἰς
1321 2297 1389 2356 τὰ
1418 2297 1602 2357 ἑκατὸν
1631 2297 1765 2377 μέρη
1790 2298 2105 2378 διαιρεθέντα

559 2386 776 2443 καλοῦσι
806 2385 1119 2465 συμμορίας.

634 2476 818 2530 Locus
831 2493 1076 2529 mancus.
1107 2475 1287 2530 Verba
1313 2471 1401 2531 καὶ
1420 2472 1472 2529 ἐν
1495 2479 1598 2538 τοῖς
1616 2471 1849 2546 νόμοις...
1875 2494 2101 2552 ναυκρα-

558 2557 670 2637 ρίαν
699 2578 919 2616 sensum
955 2580 1074 2616 non
1123 2560 1392 2616 fundunt.
1424 2561 1653 2616 Siebelis
1686 2560 1759 2616 ad
1795 2560 2097 2620 Clitodem.

554 2667 616 2721 p.
646 2647 716 2718 37
743 2650 1148 2721 interpretatur
1174 2649 1251 2703 sic
1279 2668 1292 2700 :
1315 2675 1336 2696 «ι
1353 2648 1528 2704 Solon
1549 2647 1766 2704 dixerat
1793 2645 2106 2724 ναυκραρίας

556 2746 614 2789 et
638 2731 975 2811 ναυκράρους,
1000 2752 1323 2807 quanquam
1351 2733 1600 2789 dubitari
1624 2735 1800 2808 possit
1816 2752 1888 2789 an
1913 2735 2101 2789 hocin

556 2821 774 2895 legibus
799 2821 1012 2878 fecerit.
1050 2846 1073 2871 υ
1109 2822 1177 2876 ld
1197 2839 1333 2876 vero
1360 2822 1449 2875 vel
1475 2822 1758 2875 sententiae
1786 2839 1950 2876 causa
1970 2821 2101 2876 ferri

557 2909 777 2979 nequit.
814 2908 1069 2963 Fortasse
1096 2907 1202 2962 fuit
1233 2926 1247 2960 ε
1282 2904 1390 2963 Καὶ
1430 2906 1483 2962 ἐν
1509 2906 1614 2970 τοῖς
1641 2903 1814 2981 νόμοις
1834 2904 2096 2964 λέλεκται·

557 3019 581 3041 σι
606 2991 696 3048 ἐάν
725 3015 801 3057 τις
822 2990 1136 3072 ναυκραρίας
1149 2991 1266 3050 κτλ.
1282 2993 1309 3018 *
1324 2991 1371 3048 ⁴¹.
1399 3017 1423 3043 υ
1443 2992 1585 3049 adeo
1611 3004 1676 3048 ut
1697 2994 1815 3066 ipsa
1840 2995 1976 3069 legis
1998 3014 2102 3050 cu-

544 3080 770 3153 jusdam
819 3081 1073 3160 Soloneae
1109 3080 1282 3136 verba
1330 3080 1589 3135 citentur.
1641 3081 1710 3133 In
1744 3081 2104 3153 sequentibus

554 3185 765 3222 nomen
796 3167 1107 3221 Aristotelis
1147 3176 1356 3220 temere
1382 3167 1682 3239 repetitum
1727 3183 1840 3220 esse
1878 3185 2097 3224 cense0.

555 3255 882 3328 scripserim
929 3255 1006 3308 ita
1038 3272 1052 3307 :
1085 3252 1145 3308 ἐκ
1171 3253 1264 3320 τῆς
1301 3249 1562 3316 πολιτείας
1604 3248 1660 3307 δν
1687 3249 1875 3330 τρόπον
1906 3251 2102 3320 διέταξε

554 3336 648 3408 τὴν
672 3338 819 3396 πόλιν
840 3341 868 3396 ὁ
896 3336 1100 3413 Σόλων,
1125 3335 1283 3416 φυλαὶ
1304 3333 1399 3411 μὲν
1419 3327 1554 3408 ἦσαν
1576 3338 1852 3415 τέσσαρες,
1878 3340 2104 3414 vulgata

553 3425 976 3500 interpretanda
994 3425 1142 3480 foret
1168 3442 1181 3481 τ
1210 3427 1302 3480 Ex
1326 3428 1429 3480 Ar.
1455 3443 1573 3499 rep.
1591 3425 1820 3492 Athen„
1851 3446 1957 3500 quo
1986 3429 2103 3482 loco

553 3519 823 3568 rationem
863 3517 1090 3586 exponit
1106 3532 1217 3587 qua
1233 3513 1401 3568 Solon
1418 3523 1594 3586 remp:
1610 3514 1963 3582 adornaverit
1982 3512 2101 3587 (af-

543 3597 674 3667 fero
690 3598 850 3675 Izoec)
884 3618 899 3655 ε
927 3612 1035 3655 etc.
1929 3594 1938 3598 ’

630 3687 716 3743 ef.
747 3686 947 3742 Pollux
975 3687 1136 3754 VIII,
1187 3686 1294 3740 108
1328 3705 1341 3739 ε
1373 3674 1535 3743 Οὗτοι
1571 3684 1676 3759 (sc.
1708 3681 2012 3764 δήμαρχοι)
2053 3688 2099 3743 οἱ

553 3769 690 3828 κατὰ
714 3770 906 3845 δήμους
933 3769 1220 3850 ἄρχοντες·’
1234 3771 1514 3829 ἐκαλοῦντο
1532 3769 1660 3836 τέως
1681 3770 1985 3851 ναύκραροι,
2013 3770 2098 3830 ὅτε

552 3856 642 3914 καὶ
665 3858 712 3914 ol
739 3856 896 3933 δῆμοι
926 3856 1251 3935 ναυκραρίαι.
1282 3856 1590 3938 Ναυκραρία
1620 3858 1668 3913 δ’
1689 3848 1752 3928 ἦν
1776 3857 1904 3924 τέως
1931 3858 2097 3937 φυλῆς

551 3944 949 4002 δυοκαιδέκατον
978 3943 1149 4021 μέρος.
1221 3944 1328 4003 Καὶ
1353 3944 1585 4003 δυώδεκα
1612 3942 1918 4024 ναυκραρίαι
1946 3938 2097 4017 ἦσαν,

549 4028 796 4109 τέσσαρες
812 4028 949 4087 κατὰ
972 4028 1177 4108 τριττὸν
1196 4028 1441 4102 ἑκάστην.
1527 4032 1578 4089 Τ
1581 4028 1640 4096 ὰς
1662 4031 1710 4087 δ’
1740 4027 1980 4109 εἰσφορὰς
2008 4028 2098 4096 τὰς

609 4280 762 4330 Antea
787 4280 942 4341 (onte
972 4278 1245 4330 Clisthenis
1271 4280 1532 4342 tempora)
1562 4279 1785 4330 dicebant
1813 4281 2098 4330 :nauci-aria

546 4360 596 4408 et
630 4370 892 4408 nauem-us
928 4359 1051 4421 (pro
1089 4375 1106 4408 .-
1141 4357 1320 4408 demus
1344 4360 1396 4407 et
1431 4355 1793 4419 demarchus).
1839 4358 2098 4407 Naucratis

546 4435 676 4485 enim
711 4437 790 4485 est
816 4434 943 4484 idem
970 4435 1068 4484 sere
1096 4434 1226 4497 quod
1247 4433 1508 4497 symmoria
1534 4435 1583 4482 et
1606 4432 1802 4493 demus,
1830 4446 2097 4482 nauem-us

547 4512 675 4561 idem
716 4511 813 4561 fere
848 4511 976 4574 quod
1016 4510 1327 4571 demarchus,
1371 4510 1546 4560 Solone
1586 4510 1654 4558 sic
1689 4510 1991 4572 nominante,
2025 4510 2097 4559 uti

548 4588 826 4639 Aristoteles
848 4587 994 4650 dicit3
1023 4588 1073 4636 ln
1101 4586 1285 4649 legibus
1309 4598 1502 4648 quoque
1517 4586 1789 4635 nauci-arias
1808 4588 1859 4635 et
1887 4598 2094 4635 naucra-

550 4679 628 4715 ros
659 4664 958 4728 singularum
974 4663 1334 4713 naucrariarum
1357 4665 1648 4712 memoratos
1668 4662 1898 4712 invenias,
1926 4665 2095 4713 Postea

549 4757 660 4792 vero
682 4742 793 4792 inde
819 4755 850 4791 a
879 4741 1124 4794 Clisthene
1142 4738 1408 4790 naucratim
1439 4742 1673 4791 vocantur
1699 4739 1858 4801 demi,
1892 4743 1942 4791 et
1978 4754 2092 4791 nau·

548 4820 663 4868 cleri
687 4818 949 4868 demarchi.
985 4820 1060 4865 Ex
1085 4816 1272 4865 ratione
1302 4828 1401 4878 qua
1417 4816 1560 4866 Solon
1584 4815 1930 4878 rempublicam
1955 4817 2092 4866 edor-

546 4897 744 4945 neverat
756 4931 770 4955 ,
799 4894 955 4944 tribus
971 4893 1113 4944 erant
1129 4894 1379 4955 quattuor,
1399 4891 1542 4941 sicuti
1566 4893 1734 4946 antea:
1762 4891 1984 4955 itemque
2004 4894 2089 4942 triu

544 4973 696 5022 buum
716 4983 848 5034 reges
865 4971 982 5021 item
997 4971 1255 5033 quattuor3
1273 4967 1570 5031 singularum
1587 4981 1701 5017 vero
1716 4968 1927 5018 tribuum
1941 4972 2093 5020 ternae

542 5051 681 5099 erant
706 5049 900 5111 trittyes
918 5049 969 5098 et
988 5047 1253 5096 naucrsriae
1279 5045 1532 5095 duodenae.
1556 5048 1754 5107 Postea,
1783 5047 1866 5098 ubi
1887 5048 2092 5098 Clisthe-

1662 458 2160 532 Ams'roTELls
2206 457 2705 521 FRAGMENTA.

2205 586 2343 646 κατὰ
2389 589 2582 666 δήμους
2622 590 3023 668 διεχειροτόνουν
3066 583 3233 664 οὗτοι,
3272 593 3364 651 καὶ
3397 595 3466 652 τὰ
3496 594 3553 662 ἐξ
3590 597 3784 654 αὗτζνν

2204 675 2549 762 ἀναλώματα.
2632 675 2947 757 Ναυκραρία
2984 677 3039 736 δὲ
3081 676 3277 749 ἑκάστη
3307 678 3398 738 δύο
3423 681 3623 747 ἱππέας
3662 705 3781 740 πα-

2205 765 2366 841 ρεῖχε,
2391 763 2482 821 καὶ
2503 767 2628 821 ναῦν
2647 761 2791 838 μίαν,
2814 763 2903 842 ἀφ’
2927 754 2990 834 ἧς
3013 762 3134 831 ἴσως
3151 764 3473 840 ὠνόμασται.
3497 771 3781 826 Ceterum

2203 852 2275 906 de
2299 851 2611 907 demarchis
2636 852 2711 910 cf.
2737 852 2883 907 infra
2904 852 2986 912 fr.
3016 853 3108 911 18.

2954 1009 3011 1063 9.

2282 1134 2697 1205 Harpocration
2732 1152 2789 1191 v,
2820 1130 3017 1198 Ἱππάς
3051 1151 3067 1192 :
3099 1132 3293 1200 Ἰσαῖος
3321 1136 3376 1192 ἐν
3412 1140 3490 1215 τῷ
3517 1137 3644 1217 περὶ
3678 1145 3777 1198 τοῦ

2206 1215 2596 1295 Ἀπολλοδώρου
2638 1215 2833 1296 κλήρου
2852 1241 2864 1254 ·
2910 1245 2933 1300 ‘J
2990 1217 3353 1301 Ἀπεγράψατο
3398 1220 3495 1297 μὲν
3541 1224 3774 1300 τίμημα

2201 1301 2384 1380 μικρὸν
2400 1305 2470 1368 ὥς
2494 1300 2700 1360 ἱππάδα
2714 1303 2893 1362 τελῶν.
2915 1330 2940 1355 ¹·
2962 1302 3321 1384 Ἀριστοτέλης
3343 1308 3391 1366 δ’
3405 1311 3459 1366 ἐν
3474 1307 3776 1379 Ἀθηναίων

2200 1387 2440 1468 πολιτείᾳ
2477 1387 2633 1468 φησὶν
2673 1385 2755 1446 ὅτι
2793 1389 2974 1448 Σόλων
3010 1393 3083 1456 εἷς
3111 1391 3161 1448 δ”
3191 1391 3347 1450 διεῖλε
3385 1393 3513 1464 τέλη
3547 1395 3613 1452 τὸ
3655 1405 3776 1454 πᾶν

2199 1477 2390 1546 πλῆθος
2429 1477 2531 1533 τῶν
2560 1473 2862 1553 Ἀθηναίων,
2902 1479 3495 1556 πεντακοσιομεδίμνους
3533 1483 3632 1541 καὶ
3676 1486 3778 1541 ἱπ-

2201 1561 2332 1627 πέας
2360 1563 2450 1621 καὶ
2480 1562 2711 1639 ζευγίτας
2738 1563 2828 1622 καὶ
2855 1567 3032 1635 θῆτας.
3068 1565 3091 1642 [
3113 1568 3215 1623 τῶν
3244 1558 3332 1624 οὖν
3358 1569 3568 1627 ἱππέων
3592 1574 3650 1629 αἱ
3675 1575 3776 1629 ἱπ-

2199 1646 2375 1713 πάδες.
2399 1655 2417 1719 ]

2277 1740 2561 1794 Postrema
2579 1758 2726 1795 unus
2749 1737 2922 1795 habet
2947 1740 3078 1796 cod.
3103 1743 3155 1797 D
3180 1782 3192 1795 .
3223 1753 3281 1796 et
3317 1744 3554 1801 Photius
3589 1766 3639 1802 s.
3686 1767 3770 1814 v„

2196 1825 2296 1881 ubi
2324 1826 2487 1880 simul
2511 1827 2743 1882 alteram
2771 1828 2908 1900 legis
2933 1826 3166 1901 glossam
3210 1847 3242 1883 e
3277 1841 3470 1886 nostra
3498 1835 3652 1890 male
3674 1835 3769 1889 in·

2202 1913 2419 1967 tellecta
2466 1924 2679 1983 ortam,
2726 1912 3038 1969 secundum
3079 1933 3245 1987 quam
3284 1917 3464 1973 Solon
3494 1921 3773 1994 quinque

2200 2000 2394 2055 classes
2420 2000 2670 2071 fecisset,
2709 2018 2950 2073 quarum
2984 2011 3268 2074 postrema
3291 2001 3457 2070 ἱππὰς
3492 2005 3765 2065 ἐκαλεῖτο.

2196 2087 2281 2141 De
2292 2106 2434 2142 voce
2454 2084 2638 2156 ἱππάς,
2655 2106 2847 2143 census
2865 2093 3148 2162 eque-cmlv,
3166 2090 3237 2148 cs.
3254 2092 3421 2148 Isaeus
3436 2112 3500 2166 p.
3526 2094 3631 2164 67,
3648 2095 3729 2150 23
3748 2117 3767 2166 ;

2196 2175 2478 2230 Plutarch.
2510 2177 2708 2232 Solon.
2735 2195 2786 2231 e.
2824 2174 2917 2236 18.

2931 2342 3023 2378 10.

2277 2464 2691 2539 Harpocration
2712 2485 2769 2524 v,
2791 2466 2966 2535 Θῆτες
2994 2466 3084 2525 καὶ
3101 2466 3308 2538 θητικόν
3341 2490 3355 2529 :
3384 2471 3478 2536 Εἷς
3505 2471 3755 2555 τέσσαρα

2197 2548 2513 2629 διῃρημένης
2543 2551 2670 2630 παρ’
2695 2550 2979 2623 Ἀθηναίοις
3001 2555 3090 2624 τῆς
3114 2555 3381 2622 πολιτείας
3401 2559 3451 2614 οἱ
3478 2558 3767 2639 ἀπορώτα-

2194 2661 2273 2696 τοι
2308 2635 2545 2714 ἐλέγοντο
2570 2642 2718 2710 θῆτες
2744 2639 2835 2697 καὶ
2862 2639 3076 2712 θητικὸν
3107 2642 3289 2700 τελεῖν.
3330 2633 3492 2703 Οὗτοι
3523 2643 3584 2704 δὲ
3609 2649 3763 2706 οὐδε-

2196 2733 2320 2801 μιᾶς
2365 2727 2604 2803 μετεῖχον
2646 2726 2843 2806 ἀρχῆς,
2872 2730 2944 2793 ὥς
2985 2726 3076 2786 καὶ
3115 2726 3473 2808 Ἀριστοτέλης
3510 2732 3673 2803 δηλοῖ
3706 2736 3763 2792 ἐν

2195 2811 2474 2883 Ἀθηναίων
2510 2812 2768 2892 πολιτεία·
2810 2813 2890 2872 ὅτι
2919 2814 2973 2872 δὲ
3002 2817 3093 2874 οὐκ
3133 2815 3529 2896 ἐστρατεύοντο,
3574 2819 3759 2900 etp-qn

2193 2899 2283 2958 καὶ
2309 2899 2675 2980 Ἀριστοφάνης
2696 2902 2749 2958 ἐν
2774 2903 3137 2961 Δαιταλεῦσιν.
3165 2905 3251 2964 cf.
3271 2907 3507 2963 Photius
3529 2919 3591 2964 et
3612 2912 3755 2966 sni-

2194 2990 2293 3046 das
2333 3008 2378 3045 s.
2431 3009 2487 3044 v.
2522 2991 2755 3046 Aristot.
2788 2991 2912 3046 Pol.
2963 2993 3057 3060 H,
3094 3011 3199 3062 10,
3242 2992 3298 3048 3.
3329 2995 3535 3051 Pollux
3576 2999 3756 3068 vm,

2201 3095 2310 3150 129
2337 3095 2421 3150 sq.
2454 3096 2468 3131 ε
2500 3073 2797 3152 Τιμήματα
2825 3076 2873 3133 δ’
2900 3067 2963 3148 ἦν
2995 3075 3220 3156 τέτταρα
3241 3101 3256 3114 ·
3283 3083 3759 3158 πεντακοσιομεδί-

2195 3158 2597 3233 μνων,ῖππὲων,
2616 3164 2879 3238 ζευγιτῶν,
2903 3166 3143 3233 θητικῶν.
3164 3165 3237 3224 Οἱ
3259 3162 3352 3240 μὲν
3373 3165 3757 3244 [πεντακοσιο-
3892 3213 3893 3234 ³

2194 3245 2430 3324 μέδιμνοι
2458 3247 2480 3325 ]
2513 3250 2572 3306 ἐκ
2605 3252 2695 3306 τοῦ
2723 3252 3075 3310 πεντακοσίων
3111 3250 3377 3327 μεδίμνων
3415 3252 3585 3333 μίτρα
3614 3255 3755 3336 ὓγρὰ

2192 3333 2282 3392 καὶ
2304 3332 2436 3414 ξηρὰ
2455 3342 2621 3393 ποιεῖν
2645 3333 2934 3406 κληθέντες·
2960 3335 3238 3407 ἀνήλισκον
3258 3337 3303 3396 δ’
3322 3340 3395 3405 εἰς
3413 3338 3473 3396 τὸ
3496 3340 3756 3417 δημόσιον

2191 3422 2444 3479 τάλαντον
2461 3444 2473 3457 ·
2504 3425 2550 3480 οἱ
2578 3420 2634 3479 δὲ
2673 3420 2770 3493 τὴν
2804 3423 3014 3481 ἱππάδα
3042 3424 3305 3490 τελοῦντες
3333 3427 3395 3483 ἐκ
3419 3425 3514 3502 μὲν
3541 3432 3636 3486 τοῦ
3661 3427 3755 3487 δύ-

2191 3515 2376 3569 νασθαι
2408 3509 2610 3590 τρέφειν
2637 3508 2828 3576 ἵππους
2855 3514 3140 3582 κεκλῆσθαι
3164 3512 3427 3570 δοκοῦσιν·
3454 3513 3671 3573 ἐποίουν
3696 3517 3753 3574 δὲ
3890 3569 3891 3576 ,

2193 3597 2358 3677 μέτρα
2407 3595 2719 3674 τριακόσια,
2770 3596 3051 3668 ἀνήλισκον
3092 3597 3144 3656 δὲ
3175 3597 3552 3676 ἡμιτάλαντον·
3605 3605 3655 3659 οἱ
3696 3603 3753 3661 δὲ
3890 3581 3891 3674 l

2190 3684 2250 3742 τὸ
2276 3684 2525 3761 ζευγίσιον
2554 3687 2816 3751 τελοῦντες
2840 3685 2945 3743 ἀπὸ
2983 3686 3258 3766 διακοσίων
3284 3683 3486 3765 μέτρων
3520 3689 3753 3749 κατελέ·

2193 3794 2371 3847 γοντο,
2406 3771 2685 3841 ἀνήλισκον
2714 3771 2768 3830 δὲ
2799 3782 2928 3849 μνᾶς
2957 3771 3108 3830 δέκα·
3136 3776 3184 3830 οἱ
3224 3772 3278 3831 δὲ
3305 3774 3365 3831 τὸ
3394 3776 3625 3848 θητικόν,
3656 3780 3752 3835 οὐ-

2191 3857 2372 3933 δεμίαν
2403 3856 2571 3936 ἀρχὴν
2594 3848 2774 3936 ἦρχον,
2799 3858 2916 3918 οὐδὲ
2945 3858 3221 3929 ἀνήλισκον
3255 3859 3421 3921 οὐδέν.
3454 3866 3746 3922 Plutarch.

2190 3948 2382 4003 Solon.
2431 3967 2476 4002 c.
2532 3945 2630 4015 183
2672 3949 2900 4006 Boeckh.
2947 3949 3334 4004 Staaeslaauslae.
3381 3950 3438 4004 11
3458 3992 3473 4016 ,
3522 3970 3587 4024 p.
3632 3951 3746 4021 303

2194 4030 2492 4088 Hermann.
2526 4033 2559 4107 §
2594 4031 3110 4101 108;Schoema1m.
3144 4054 3202 4108 p.
3231 4044 3359 4104 ¹74·

2185 4193 2353 4243 dlvisae
2377 4197 2490 4244 sunt
2517 4197 2700 4257 partes,
2740 4207 2860 4256 quas
2883 4197 3160 4246 nauci-arias
3185 4197 3520 4260 appellabant,
3547 4203 3606 4250 ut
3629 4214 3747 4264 pnr-

2187 4274 2259 4320 tes
2277 4273 2501 4332 centum,
2536 4272 2586 4320 in
2611 4284 2732 4334 quas
2750 4285 2881 4320 nunc
2908 4272 3210 4334 dividuntur,
3232 4275 3521 4335 symmorias
3545 4283 3743 4330 vocant.

2932 4379 2985 4427 9.

2244 4473 2391 4522 Solon
2415 4484 2607 4521 omnem
2633 4471 2992 4521 Atheniensium
3023 4474 3254 4536 populum
3277 4476 3327 4523 in
3344 4478 3581 4537 quattuor
3611 4479 3739 4529 clas-

2182 4560 2257 4597 ses
2294 4562 2323 4598 e
2361 4560 2507 4597 censu
2541 4547 2800 4611 descriptas
2836 4547 3023 4610 divisit,
3062 4550 3111 4599 in
3155 4552 3741 4616 Pentecosiomedimnos‚

2182 4626 2377 4688 Equites
2389 4661 2404 4688 ,
2425 4627 2639 4688 zeugitas
2654 4628 2704 4676 et
2719 4627 2906 4677 'rhetes

2898 4725 2999 4775 dt).

2247 4820 2508 4883 Republica
2533 4821 2662 4883 apud
2687 4822 3000 4872 Athenienses
3013 4858 3028 4884 ‚
3047 4823 3099 4872 in
3116 4826 3348 4886 quattuor
3366 4826 3544 4877 classes
3558 4827 3742 4892 dirius,

2180 4897 2443 4947 tenuissimi
2480 4899 2608 4956 θῆτες
2645 4897 2989 4961 (mercenarii,
3019 4898 3247 4961 opifices)
3291 4903 3343 4951 et
3381 4903 3744 4959 θητικὸντιλιιν

2179 4974 2613 5036 (mercenariorum
2636 4974 2714 5024 vel
2731 4975 2958 5038 opificum
2978 4974 3118 5026 classi
3142 4978 3417 5039 accenseri)
3436 4978 3741 5033 amatur.

2183 5051 2264 5100 tiis
2284 5050 2562 5113 magistratu
2606 5051 2737 5115 fungi
2765 5065 2863 5101 non
2890 5052 3096 5114 licebat,
3137 5054 3194 5103 ut
3223 5054 3503 5105 Aristoteles
3528 5055 3743 5109 dcet-nt

545 5141 630 5176 nes
657 5128 807 5185 (teste
834 5117 1051 5175 Clidemo
1087 5123 1208 5172 libro
1247 5123 1426 5185 tertio)
1453 5121 1620 5172 decem
1657 5123 1813 5172 tribus
1853 5125 2090 5185 prioribus
2180 5128 2229 5175 in
2254 5130 2370 5190 nep.
2396 5128 2578 5187 Athen3
2599 5141 2688 5178 nec
2709 5128 3011 5190 militabant,
3035 5132 3092 5180 ut
3111 5131 3450 5194 Aristophanes
3466 5146 3671 5196 quoque
3696 5138 3742 5186 in

547 5204 649 5254 istis
679 5207 906 5266 quattuor
928 5199 1274 5262 substituisset,
1312 5201 1451 5251 simul
1485 5201 1629 5287 ctiafn
1664 5202 1711 5250 in
1744 5201 2089 5264 quinquaginta
2180 5206 2529 5257 Daetalensibus
2552 5207 2634 5256 ait.
