3900 6042
1328 451 1825 517 FRAGMENTA.

90 611 322 666 prorsus
349 593 572 645 alienus
614 591 774 644 fuisse
810 590 1063 656 videtur3
1108 607 1235 643 nam
1278 608 1406 643 cum
1435 592 1663 645 Zenone

3193 471 3304 525 -ΗΊ

1836 590 1935 644 His
1980 590 2332 662 jungendum
2360 602 2441 645 est
2461 593 2532 647 de
2559 595 2845 649 Demetrio
2865 591 3137 651 Phalereo
3158 596 3311 666 judi-

93 681 327 736 coluisse
365 679 582 733 dicitur
606 678 903 732 amicitiam
934 682 1016 748 (n.
1045 674 1137 750 3).
1178 678 1259 733 Ac
1288 694 1418 731 sane
1445 677 1663 733 Stoico-
1762 677 1909 729 cium
1957 675 2058 749 (fr.
2104 673 2191 748 α).
2236 678 2506 733 Concedit
2546 679 2774 751 quidem
2819 683 3210 755 exsanguinem
3255 692 3312 736 et

92 786 217 822 rum
240 767 607 838 potissimum
628 764 943 819 doctrinam
967 764 1344 818 Demochares
1365 766 1425 819 in
1452 783 1518 820 ea
1540 783 1663 837 quae
1752 761 2028 832 jacentem
2055 765 2332 818 civitatem
2354 765 2426 818 ab
2451 783 2520 819 eo
2544 767 2844 820 relevatam
2867 783 2980 820 esse
2995 806 3010 834 ,
3036 781 3313 839 quatenus

96 865 225 908 tunc
277 852 526 908 Athenis
560 862 681 906 erat
716 869 903 905 rerum
951 850 1305 922 publicarum
1337 851 1668 906 conditione

96 940 341 1013 probare
385 937 622 1010 debuit;
651 938 900 1009 reliquos
924 937 1294 1010 philosophos
1328 935 1446 991 sere
1475 954 1670 991 omnes

96 1027 334 1101 publice
363 1023 678 1097 disciplinae
722 1034 778 1078 et
812 1023 1097 1096 dignitatis
1132 1024 1446 1095 sincerique
1474 1025 1668 1096 patriae

100 1113 303 1168 amoris
332 1109 618 1182 judicavit
652 1120 1033 1182 corruptores.
1074 1109 1143 1165 ld
1170 1110 1328 1182 quod
1360 1110 1671 1165 luculenter

100 1211 247 1272 patet
265 1215 337 1253 ex
361 1198 647 1265 oratione,
664 1215 776 1268 qua
803 1197 981 1270 legem
996 1196 1289 1268 Sophoclis
1307 1196 1379 1251 de
1400 1195 1672 1268 pellendis

103 1284 454 1360 philosophis
480 1285 569 1338 vel
588 1286 776 1357 potius
790 1283 861 1337 de
881 1283 1190 1338 coercenda
1209 1300 1409 1338 eorum
1429 1281 1670 1336 docendi

106 1373 355 1428 libertate
380 1382 585 1426 contra
634 1372 927 1427 Philonem
981 1369 1286 1425 defendere
1326 1368 1540 1424 studuit
1566 1369 1665 1444 (6).

166 1509 232 1566 (6)
246 1507 420 1557 Athen.
436 1508 570 1565 xm,
582 1517 630 1565 p,
645 1509 754 1561 610,
767 1503 801 1551 F
817 1521 829 1550 ε
845 1502 1072 1563 Σοφοκλῆς
1083 1501 1131 1550 δέ
1141 1518 1206 1557 τις
1215 1503 1475 1564 ψηφίσματι
1485 1501 1673 1558 ἐξήλασε

108 1575 270 1631 πάντας
289 1574 573 1637 φιλοσόφους
594 1578 675 1630 τῆς
697 1572 926 1631 Ἀττικῆς,
958 1570 1062 1618 καθ’
1078 1569 1132 1618 οὗ
1152 1570 1288 1626 λόγον
1311 1572 1482 1635 ἔγραψε
1497 1572 1673 1631 Φίλων,

110 1645 136 1691 ὁ
154 1642 495 1706 Ἀριστοτέλους
532 1643 786 1722 γνώριμος,
822 1640 1077 1724 &stolo-{inv
1116 1641 1230 1702 ὑπὲρ
1272 1643 1357 1689 τοῦ
1394 1640 1675 1701 Σοφοκλέους

170 1855 337 1913 Legem
365 1851 647 1900 accuratius
658 1849 824 1899 delinit
844 1848 979 1909 Diog.
1000 1849 1052 1896 1..
1078 1850 1117 1894 V
1133 1884 1148 1908 ,
1169 1854 1229 1897 38
1269 1863 1281 1896 z
1304 1850 1477 1910 μηδένα
1493 1854 1588 1898 τῶν
1610 1866 1676 1911 ‹pt-

114 1923 317 1984 ἰοσὸφων
335 1923 520 1984 σχολῆς
560 1921 834 1981 ἀφηγεῖσθαι
866 1920 923 1966 ἂν
969 1919 1033 1978 μὴ
1064 1923 1120 1978 τῇ
1157 1920 1300 1980 βουλῇ
1333 1921 1413 1968 καὶ
1448 1923 1518 1981 τῷ
1544 1920 1678 1981 δήμῳ

114 1993 243 2052 δόξῃ,
260 1993 301 2039 εἰ
324 1993 375 2040 δὲ
403 1992 502 2052 μὴ,
529 1991 721 2038 θάνατον
748 1989 863 2037 εἶναι
881 1988 963 2045 τὴν
986 1988 1170 2048 ζημίαν.
1207 1991 1415 2049 Tempus
1433 1988 1548 2050 legis
1568 2002 1678 2036 con·

117 2061 402 2120 stituendum
421 2075 483 2110 ex
508 2072 649 2108 versu
666 2057 875 2107 Alexidis
887 2070 973 2119 ap.
996 2058 1165 2107 Athen.
1191 2059 1223 2107 l.
1248 2060 1281 2107 l.
1303 2078 1315 2108 ι
1352 2062 1509 2109 Πολλὰ
1527 2061 1678 2122 ἀγαθὰ

119 2134 231 2178 δοῖεν
254 2134 298 2179 οί
329 2132 427 2179 θεοὶ
470 2128 728 2191 Δημητρίῳ
766 2129 897 2187 κτλ.,
925 2128 1009 2176 ubi
1040 2140 1189 2189 quum
1233 2130 1501 2178 Demetrius
1521 2130 1679 2179 nullus

118 2201 231 2249 alius
267 2202 328 2249 sit
349 2211 503 2261 quam
531 2197 847 2257 Poliorcetes,
883 2195 961 2244 lex
986 2195 1065 2244 illa
1101 2197 1267 2257 procul
1299 2197 1447 2247 dubio
1474 2198 1571 2247 lata
1608 2204 1679 2248 est

123 2273 220 2331 post
240 2269 463 2319 liberatas
508 2279 541 2314 a
564 2266 806 2316 Demetrio
843 2265 1051 2314 Athenas
1076 2267 1233 2325 (307)
1258 2269 1306 2316 et
1328 2270 1441 2318 ante
1480 2269 1679 2317 exilium

124 2339 418 2389 Democharis
445 2338 619 2399 (302).
662 2336 738 2385 Ct’.
764 2335 957 2384 Clinton
985 2338 1041 2384 F.
1065 2338 1122 2383 tt.
1161 2336 1222 2384 ad
1254 2350 1366 2385 ann.
1418 2343 1531 2387 810.
1573 2341 1679 2400 ipsa

124 2409 227 2470 legis
242 2412 410 2458 natura
427 2408 595 2457 obstat
614 2418 674 2455 ne
691 2405 783 2454 sub
801 2404 1026 2455 Demetrii
1047 2404 1257 2455 Phalerei
1274 2406 1682 2457 administratione

127 2480 260 2529 iatam
280 2491 380 2528 esse
401 2481 657 2540 putemus,
688 2476 913 2524 monente
937 2478 1176 2524 Grauerto
1210 2477 1441 2528 Anateet.
1478 2491 1528 2540 p.
1561 2483 1678 2538 3³5,

126 2561 258 2609 quem
280 2548 443 2598 laudat
455 2551 690 2608 Droyseu.
716 2547 1013 2605 Helleni-sm,
1036 2547 1079 2603 1,
1094 2559 1141 2607 p.
1161 2548 1254 2597 498
1280 2543 1480 2608 ξὶὴίὀοω
1500 2547 1607 2596 vide
1621 2548 1681 2597 de

128 2617 232 2678 legis
246 2631 385 2680 scopo
408 2618 610 2681 politico
628 2615 717 2677 (cl.
738 2615 962 2665 Larcher.
986 2613 1046 2662 ad
1078 2616 1305 2667 Herodot.
1333 2620 1498 2679 Vlt,p.
1523 2621 1613 2667 714
1632 2619 1647 2677 )
1662 2654 1677 2679 ,

131 2700 261 2746 quem
283 2701 341 2736 ex
362 2689 474 2750 ipsis
507 2685 738 2735 orationis
755 2684 1093 2735 Demochareae
1116 2686 1389 2748 tragmeutis
1422 2687 1681 2750 intelligere

133 2755 246 2804 licet.
263 2757 505 2805 Pet-tinent
526 2755 623 2804 huc
644 2769 657 2802 z
1092 2761 1109 2772 ·

185 2825 431 2875 Athenaeus
447 2829 538 2884 xl,
551 2838 599 2887 p.
614 2830 721 2885 508,
734 2827 770 2874 F
783 2845 796 2875 ι
811 2825 1005 2886 Εὑάγων
1020 2827 1062 2874 δ’
1077 2828 1105 2875 ό
1118 2826 1454 2889 Λαμψακηνὸς,
1466 2828 1528 2882 ὥς
1541 2843 1678 2890 φασιν

136 2896 377 2958 Εὐρύπυλος
397 2897 477 2945 καί
520 2897 799 2954 Δικαιοκλῆς
829 2898 857 2944 ό
892 2899 1073 2955 Κνίδιος
1107 2899 1155 2947 ἐν
1189 2899 1389 2960 εἰκοστῷ
1410 2899 1489 2946 καὶ
1511 2898 1681 2961 πρώτῳ

135 2965 387 3027 Διατριὸῶν,
413 2965 481 3013 ἔτι
518 2964 568 3013 δὲ
592 2965 868 3028 Δημοχάρης
886 2968 914 3015 ό
934 2970 1084 3030 ῥήτωρ
1109 2967 1156 3016 ἐν
1177 2972 1245 3029 τῷ
1265 2968 1380 3029 ὑπὲρ
1402 2968 1680 3029 Σοφοκλέους

142 3035 240 3095 πρὸς
267 3036 485 3096 Φίλωνα,
521 3035 737 3091 δανείσας
767 3041 825 3097 τῇ
856 3036 1041 3101 πατρίδι
1064 3038 1277 3100 ᾆργῦριον
1301 3037 1376 3085 ἐπὶ
1400 3037 1598 3100 ἐνεχύρῳ
1622 3042 1681 3099 τῇ

137 3101 363 3164 ἀκροπόλει
376 3139 391 3164 ,
432 3106 519 3153 καὶ
563 3103 884 3166 ἀποστερήσας
903 3142 918 3162 ,
972 3113 1203 3171 τυραννεῖν
1249 3107 1543 3167 ἐδουλεύετο,
1595 3108 1681 3162 ἕως

137 3173 445 3235 συνδραμόντες
463 3174 543 3221 ἐπ’
559 3173 698 3221 αὐτὸν
716 3176 761 3221 ot
783 3177 1093 3236 Λαμψακηνοὶ
1121 3212 1136 3237 ,
1154 3178 1234 3225 καὶ
1257 3177 1317 3223 τὰ
1335 3176 1550 3239 χρήματα
1567 3175 1679 3224 ἀπο·

139 3241 301 3301 δόντες,
326 3243 556 3299 ἐξέβαλον.
622 3243 815 3303 Τίμαιος
851 3245 892 3294 δ’
914 3247 942 3293 ὁ
985 3248 1237 3305 Κυζικηνὸς
1272 3249 1349 3305 (v.
1382 3245 1678 3307 marquardi.

145 3311 250 3370 Cyz.
272 3324 318 3373 p.
340 3316 415 3363 71.
431 3314 468 3372 ),
496 3313 563 3364 ὡς
587 3312 614 3359 ὁ
631 3311 767 3368 αὐτὸς
789 3314 1066 3378 Δημοχάρης
1082 3317 1212 3378 φησί,
1226 3317 1442 3377 χρήματα
1458 3317 1538 3362 καί
1552 3319 1680 3362 σῖτον

145 3379 309 3437 ἐπιδοὺς
330 3387 425 3439 τοῖς
456 3381 670 3434 πολίταις
683 3385 779 3442 ,καὶ
798 3384 875 3432 διὰ
894 3391 1040 3434 ταῦτα
1062 3387 1317 3441 πιστευθεὶς
1339 3386 1453 3434 εἶναι
1481 3385 1680 3447 χρηστὸς

142 3451 255 3510 παρὰ
282 3456 373 3507 τοῖς
412 3455 714 3512 Κυζικηνοῖς,
752 3454 914 3516 μικρὸν
947 3454 1154 3516 ἐπισχὼν
1196 3455 1360 3517 χρόνον
1391 3456 1577 3504 ἐπέθετο
1620 3459 1678 3516 τῇ

143 3521 331 3584 πολιτείᾳ
368 3522 425 3570 δι’
455 3522 708 3584 Ἀριδαίου.
776 3524 952 3585 Κριθεὶς
974 3524 1047 3582 δὲ,
1087 3526 1168 3573 καί
1190 3525 1357 3584 ἁλοὺς,
1399 3526 1479 3573 καί
1516 3525 1678 3585 αδοξή·

145 3605 246 3650 σας,
266 3591 310 3638 ἐν
328 3591 406 3653 μὲν
424 3598 483 3655 τῇ
504 3591 637 3639 πόλει
656 3592 847 3653 ἐπέμενε
868 3595 1063 3649 παλαιὸς
1090 3596 1168 3643 καὶ
1187 3595 1454 3657 γεγηρακὼς
1468 3629 1483 3654 ,
1503 3594 1679 3656 ἀτίμως

145 3657 189 3704 δὲ
213 3660 286 3706 καὶ
308 3661 473 3717 ἀδόξως
497 3661 684 3716 διαζῶν.
751 3664 966 3710 Τοιοῦτοι
989 3664 1030 3711 δ’
1051 3665 1140 3712 εἰσί
1168 3665 1246 3712 καὶ
1265 3669 1345 3712 νῦν
1373 3668 1467 3713 τῶν
1491 3664 1680 3723 Ἀκαδη·

147 3735 312 3786 μαῐκῶν
325 3747 437 3788 τινες
452 3767 467 3791 ,
492 3729 692 3785 ἀνοσίως
711 3732 790 3779 καὶ
812 3732 983 3788 ἀδόξως
1004 3735 1226 3794 βιοῦντες.
1294 3733 1555 3796 Χρημάτων
1594 3737 1681 3797 γὰρ

148 3798 187 3851 ἐξ
206 3797 405 3857 ἇσεδείας
431 3802 517 3850 καὶ
553 3802 679 3862 παρὰ
707 3802 842 3864 φύσιν
875 3803 1193 3866 κυριεύσαντες
1230 3803 1307 3852 διὰ
1343 3804 1579 3864 γοητείαν,
1601 3811 1681 3853 νῦν

149 3867 226 3915 εἰσί
243 3870 552 3932 περίθλεπτοι·
567 3873 727 3933 ὥσπερ
743 3873 825 3920 καί
848 3873 1033 3935 Χαίρων
1052 3874 1079 3921 ό
1106 3874 1374 3932 Πελληνεὺς,
1395 3874 1446 3929 ὃς
1467 3875 1523 3923 οὗ
1543 3875 1681 3936 μόνον

150 3935 343 3986 Πλάτωνι
373 3941 647 4004 ἐσχόλακεν,
686 3941 803 3989 ἀλλὰ
836 3945 916 3989 καὶ
940 3941 1232 4004 Ξενοκράτει.
1299 3946 1389 3993 Καὶ
1426 3944 1559 4001 οὗτος
1581 3945 1680 4006 οὖν,

149 4009 218 4061 τῆς
236 4009 437 4070 πατρίδος
451 4015 630 4073 πικρῶς
647 4012 960 4073 τυραννήσας,
983 4013 1038 4060 οὐ
1061 4013 1201 4073 μόνον
1220 4014 1324 4068 τοὺς
1354 4013 1567 4076 ἀρίστους
1589 4020 1681 4062 τῶν

150 4077 331 4126 πολιτῶν
348 4080 585 4141 ἐξήλασεν,
606 4081 724 4129 ἀλλὰ
751 4084 830 4129 καὶ
850 4089 945 4137 τοῖς
977 4084 1154 4131 τούτων
1189 4082 1365 4139 δούλοις
1386 4086 1445 4132 τὰ
1468 4085 1683 4146 χρήματα

149 4149 232 4191 τῶν
247 4147 484 4199 δεσποπῶν
504 4150 816 4214 χαρισάμενος
829 4187 845 4212 ,
872 4154 950 4200 καί
976 4153 1056 4206 τὰς
1076 4152 1262 4200 ἐκείνων
1290 4158 1513 4211 γυναῖκας
1534 4156 1684 4217 συνῴ-

152 4230 243 4262 κισε
261 4219 365 4278 πρὸς
384 4220 538 4283 γάμου
554 4221 824 4282 κοινωνίαν,
844 4221 971 4270 ταῦτ’
987 4223 1232 4283 ὠφεληθεὶς
1251 4224 1305 4272 ἐκ
1328 4228 1406 4281 τῆς
1424 4217 1568 4281 καλῆς
1592 4227 1682 4274 Πο·

154 4283 306 4342 λιτείας
322 4290 399 4336 καί
425 4294 519 4338 τῶν
541 4290 825 4353 παρανόμων
851 4291 1039 4352 Νόμων.

209 4353 353 4404 Etiam
385 4358 704 4421 reliquorum,
736 4373 848 4422 qum
875 4360 1047 4409 eodem
1070 4373 1210 4409 sensu
1241 4361 1369 4424 apud
1401 4363 1572 4412 Athen.
1596 4362 1629 4410 1.
1651 4361 1683 4410 Ι.

156 4419 415 4486 dictasunt,
443 4427 570 4477 bona
596 4441 707 4490 pars
730 4441 790 4477 ex
814 4431 1109 4479 Demochare
1132 4430 1340 4479 fluxerit.

212 4490 333 4542 idem
360 4498 424 4557 V,
456 4503 566 4558 ttts,
589 4500 627 4546 c
669 4500 923 4560 postquam
959 4499 1145 4548 dixerat
1179 4503 1239 4548 de
1280 4500 1417 4561 Lysia
1452 4502 1685 4561 Epicureo

158 4557 441 4627 philosopho,
474 4567 526 4621 ὃς
549 4565 594 4621 ἐξ
626 4567 812 4628 ἱματίου
834 4568 1051 4631 τύραννος
1085 4569 1160 4627 ἦν,
1192 4568 1385 4629 subjicit:
1426 4588 1438 4617 z
1467 4571 1684 4617 Τοιοῦτοι

160 4629 263 4677 εἰσὶν
281 4634 323 4680 οἰ
360 4635 452 4684 ἀπὸ
488 4637 755 4699 φιλοσοφίας
778 4641 1046 4701 στρατηγοὶ,
1075 4640 1177 4700 περὶ
1204 4639 1270 4686 ὧν
1294 4638 1570 4701 Δημοχάρης
1589 4638 1683 4687 Da·

160 4712 254 4755 W·
287 4719 309 4743 ⁸¹
337 4703 521 4768 Ὠσπερ
545 4705 600 4755 ἐκ
629 4707 835 4770 θύμδρας
858 4709 1006 4765 οὐδεὶς
1039 4710 1095 4758 ἄν
1129 4709 1313 4758 δύναιτο
1337 4708 1685 4757 κατασκευάσαι

161 4767 336 4847 Qum.
354 4776 447 4825 οὐδ’
461 4778 517 4825 ἐκ
533 4778 808 4840 Σωκράτους
826 4780 1111 4842 στρατιώτην
1134 4779 1396 4841 ἀμιμπτον.
1418 4796 1440 4819 ι·
1463 4777 1689 4839 sequitur

163 4834 399 4899 ‘¹¹⁸l‘0tatio
423 4847 484 4897 de
521 4848 730 4898 Socratis
761 4849 1174 4910 expeditionibus,
1205 4849 1382 4910 quippe
1414 4859 1526 4909 qum
1556 4860 1690 4896 mera

165 4907 355 4961 Platonis
369 4918 462 4968 sint
480 4922 771 4969 commenta.
790 4945 856 4959 —
881 4919 1012 4968 idem
1033 4919 1338 4969 Democharis
1349 4917 1532 4967 dictum
1549 4918 1690 4967 Athe-

166 4983 353 5100 ἓέἒῦῗ
371 4987 460 5037 alia
482 5003 534 5038 re
555 4990 757 5051 loquens
784 4989 953 5051 repetit
985 4991 1046 5048 V,
1065 5003 1113 5051 p.
1144 4994 1249 5048 187,
1282 4991 1339 5038 D.
1363 4988 1437 5036 Ct'.
1462 4986 1692 5037 Eusebius

206 5081 216 5091 ·
273 5083 286 5095 ·
351 5056 470 5115 V,2,
493 5071 541 5119 p.
564 5062 679 5108 791.

224 5117 287 5164 Ex
323 5122 410 5171 alia
451 5127 666 5177 oratione
708 5128 1013 5176 Democharis
1052 5127 1288 5176 Plutarch.
1327 5126 1423 5174 Vit.
1475 5128 1513 5174 Χ
1553 5127 1689 5175 Orat.

172 5193 211 5239 1¹·
229 5188 380 5246 840,1)
400 5197 465 5255 (ιι.
495 5201 609 5246 1024
636 5197 816 5257 Didot.)
845 5198 1080 5259 εἙγένιτο
1099 5201 1196 5256 (sc.
1225 5195 1526 5258 Αἰσχίνης)δ’
1549 5196 1692 5256 εὕρω·

1758 849 1850 902 ille
1872 849 2118 904 effecerit
2141 861 2204 903 ut
2234 852 2398 924 copia
2425 869 2613 906 rerum
2632 869 2755 924 que
2777 850 2851 906 ad
2875 854 3042 907 vitam
3067 872 3311 909 necessa-

1759 936 1852 987 riae
1892 946 2046 1003 sunt,
2097 936 2234 990 urbs
2283 937 2628 1005 abundaret;
2676 949 2733 991 at
2781 956 2918 992 num
2971 941 3137 993 etiam
3186 942 3311 1013 glo-

1759 1022 1853 1075 riae
1898 1032 1956 1076 et
1998 1021 2255 1094 dignitati
2305 1023 2724 1078 Atheniensium
2758 1026 3077 1079 consuluit?
3111 1027 3314 1082 Nonne

1762 1117 1909 1161 totus
1934 1108 2216 1180 pendebat
2239 1127 2308 1163 ex
2329 1119 2471 1163 nutu
2497 1110 2821 1165 Cassandri?
2850 1111 3031 1185 Igitur
3048 1113 3186 1167 nihil
3210 1114 3316 1169 nisi

1762 1194 1896 1247 boni
1936 1194 2222 1266 publicani
2265 1196 2488 1250 laudem
2520 1199 2837 1252 Demetrius
2873 1202 3074 1253 mereri
3102 1201 3310 1254 Demo·

1763 1281 1915 1335 chari
1937 1280 2181 1334 videtur.
2213 1282 2392 1336 Tanto
2411 1284 2611 1337 Noster
2630 1281 2882 1358 flagravit
2904 1285 3088 1339 studio
3117 1287 3313 1359 priscae

1765 1365 2054 1420 libertatis.
2139 1365 2320 1437 Quam
2365 1367 2463 1421 ubi
2513 1368 2739 1422 tandem
2768 1370 2913 1423 cives
2942 1389 3313 1444 recuperave-

1763 1462 1890 1505 rant
1937 1452 2396 1524 quodammode,
2438 1464 2653 1529 tantum
2694 1455 2871 1509 abfuit
2914 1468 2977 1510 ut
3018 1459 3216 1513 servile
3257 1461 3317 1514 in

1764 1540 2112 1593 Demetrium
2172 1540 2526 1594 Poliorceten
2569 1541 2898 1614 obsequium
2946 1545 3314 1616 approbaret,

1766 1634 1829 1679 ut
1853 1627 1964 1679 suis
1987 1626 2046 1678 in
2079 1625 2397 1680 adulatores
2423 1637 2479 1680 et
2501 1628 2679 1700 ipsum
2720 1629 2988 1683 libertatis
3027 1643 3315 1685 auctorem

1767 1711 2013 1766 dicteriis
2048 1713 2274 1767 exilium
2306 1713 2409 1767 sibi
2435 1714 2812 1771 contraheret.
2897 1715 3182 1786 Ejusmodi
3215 1720 3317 1772 in-

1767 1798 1912 1852 dolis
1960 1801 2049 1853 vir
2075 1817 2194 1853 non
2221 1810 2371 1854 caret
2400 1799 2748 1862 adversariis,
2832 1802 3085 1873 Quorum
3124 1805 3184 1856 in
3211 1822 3316 1857 nu·

1768 1903 1925 1938 mero
1994 1884 2155 1939 fuisse
2206 1885 2411 1940 scimus
2465 1888 2790 1942 Democlem
2844 1890 2958 1943 sive
3026 1890 3315 1944 Democli-

1769 1971 1897 2025 dem
1915 1980 2199 2026 oratorem
2225 1970 2292 2045 (⁸)
2320 1984 2487 2045 atque
2505 1974 2882 2029 Archedicum
2900 1986 3125 2048 poetam
3145 1979 3318 2031 comi-

1769 2077 1917 2113 cum.
1934 2059 2038 2114 Ille
2064 2059 2365 2132 discipulus
2383 2061 2489 2115 suit
2500 2061 2866 2135 Theophrasti
2885 2064 3196 2136 Sophoclea
3216 2066 3316 2119 ista

1767 2146 1889 2219 lege
1910 2146 2133 2200 exulare
2151 2148 2328 2200 coacti
2348 2188 2364 2215 ,
2385 2147 2475 2202 hic
2496 2166 2634 2204 vero
2667 2167 2697 2203 a
2720 2149 2972 2222 partibus
2997 2151 3144 2204 stetit
3168 2151 3318 2206 Stra-

1768 2234 1963 2299 rocus,
1990 2251 2158 2306 quem
2180 2234 2518 2289 Demochari
2539 2245 2825 2289 auctorem
2855 2236 3005 2289 exilii
3034 2236 3196 2291 tuisse
3220 2255 3312 2291 su-

1768 2335 1873 2389 pra
1901 2317 2157 2374 diximus.
2238 2321 2501 2375 Convicia
2528 2338 2725 2374 eorum
2748 2320 2909 2376 avide
2936 2339 3006 2375 ex
3037 2340 3195 2377 more
3215 2341 3319 2378 suo

1770 2405 2007 2477 arripuit
2045 2406 2280 2460 Timaeus
2315 2406 2410 2480 (fr.
2469 2411 2577 2470 140
2604 2405 2756 2480 sq.),
2801 2408 2882 2460 uti
2919 2406 3116 2461 Suidas
3151 2418 3320 2463 testa-

1772 2500 1863 2546 tur
1889 2499 1945 2545 et
1975 2493 2255 2565 Polybius.

1850 2579 2049 2634 Suidas
2072 2598 2126 2637 V.
2152 2567 2196 2658 ᾧ
2228 2575 2288 2634 τὸ
2313 2577 2448 2653 ἱερὸν
2471 2582 2575 2655 πῦρ
2604 2578 2696 2634 οὐκ
2729 2576 2894 2642 ἔξεστι
2924 2582 3153 2657 φυσῆσαι
3183 2602 3198 2636 z
3222 2581 3272 2639 Τ
3275 2604 3317 2636 ι-

1772 2671 1926 2738 μαῖος
1948 2667 2001 2720 ἐν
2022 2662 2109 2732 λη’
2155 2662 2435 2742 Ἱστοριῶν·
2456 2661 2549 2728 Ὡς
2578 2665 2625 2720 οἰ
2659 2663 2778 2741 περὶ
2802 2662 3162 2739 Δημοκλείδην
3186 2666 3322 2723 κατὰ

1770 2749 2117 2827 Δημοχάρους
2140 2741 2304 2821 εἶπον,
2340 2748 2420 2806 ὅτι
2449 2749 2591 2828 μόνῳ
2632 2750 2773 2829 αὐτῷ
2798 2749 3004 2807 πάντων
3041 2749 3322 2821 Ἀθηναίων

1770 2837 1863 2894 οὐκ
1892 2834 2056 2902 ἔξεστι
2089 2838 2151 2894 τὸ
2180 2837 2315 2915 ἱερὸν
2342 2842 2446 2915 πῦρ
2473 2839 2735 2916 φυσῆσαι,
2777 2840 2848 2904 ὡς
2876 2837 2949 2912 μὴ
2986 2837 3326 2916 καθαρεύοντι

1769 2926 1873 2990 τοῖς
1898 2922 2005 2981 ἅνω
2028 2922 2255 3003 μέρεσιν.

1849 3014 2116 3086 Polybius
2138 3015 2272 3082 xn,
2309 3013 2397 3071 13:
2419 3009 2644 3086 Τίμαιός
2667 3032 2793 3087 φησι
2820 3010 3142 3089 Δημοχάρην
3170 3015 3320 3081 ἡται-

1773 3096 1989 3177 ρηκέναι
2027 3097 2123 3174 μὲν
2147 3106 2252 3164 τοῖς
2279 3097 2388 3155 ἄνω
2428 3097 2726 3175 μέρεσιτοῧ
2771 3096 3041 3173 σώματος,
3070 3100 3164 3155 οὐκ
3190 3088 3326 3155 εἶναι

1776 3185 1823 3242 δ’
1874 3184 2017 3253 ἄξιον
2053 3184 2112 3243 τὸ
2147 3187 2281 3265 ἱερὸν
2316 3189 2421 3264 πῦρ
2458 3193 2643 3266 φυσᾶν,
2688 3182 3104 3264 ὓπερὸεὸηκέναι
3139 3184 3192 3242 δὲ
3223 3192 3330 3250 τοίς

1768 3331 1844 3370 νος
1861 3349 1876 3373 ,
1896 3318 1961 3371 ὥς
1978 3317 2112 3374 δῆλον
2131 3316 2185 3364 ἐκ
2204 3331 2256 3364 τε
2275 3315 2343 3363 ὧν
2364 3331 2475 3377 φησι
2509 3315 2803 3377 Δημοσθένης
2822 3314 2901 3362 καὶ
2920 3315 2974 3361 ἐκ
2991 3317 3076 3361 τοῦ
3095 3314 3315 3377 Δημοχά-

1770 3401 1874 3446 ρους
1899 3386 2057 3445 λόγου.
2080 3388 2186 3434 Huc
2203 3385 2347 3434 etiam
2367 3385 2447 3433 illa
2467 3384 2701 3446 pertinere
2729 3383 2945 3431 videntur
2968 3395 3079 3444 qua)
3102 3385 3326 3444 teguntur

1769 3455 1819 3503 in
1840 3453 2073 3515 Anonymi
2092 3455 2193 3503 Vit.
2213 3455 2447 3506 AEscliinis
2464 3455 2546 3516 (p.
2561 3459 2653 3504 288
2671 3451 2719 3502 in
2733 3455 2883 3516 Βιογρ.
2899 3454 3280 3514 Westermanni)
3305 3473 3316 3501 :

1771 3524 2053 3586 Δημοχάρης
2074 3522 2115 3572 δ’
2142 3525 2170 3572 δ
2201 3525 2464 3586 ἀδελφιδοῦς
2497 3524 2845 3585 Δημοσθένους,
2867 3525 2909 3571 εἰ
2932 3523 3022 3585 ἄρα
3044 3525 3310 3572 πιστευτέον

1771 3595 1900 3652 αὐτῷ
1919 3594 2095 3652 λέγοντι
2113 3595 2220 3655 περὶ
2240 3594 2484 3655 Αἰσχίνου,
2519 3593 2656 3654 φησὶν
2687 3591 2955 3654 Ἰσχὰνδρου
2976 3596 3060 3641 τοῦ
3086 3594 3324 3655 τραγῳδο·

1769 3667 1908 3711 ποιοῦ
1922 3664 2279 3725 τριταγωνιστὴν
2308 3665 2518 3723 γενέσθαι
2541 3665 2620 3713 τὸν
2635 3663 2858 3726 Αἰσχίνην
2874 3665 2953 3711 καὶ
2968 3664 3326 3726 ὑποκρινόμενον

1772 3732 2008 3794 Οἰνόμαον
2027 3732 2262 3794 διιῖωνωτα1
2273 3734 2462 3783 Πέλοπα
2476 3735 2681 3796 αἰσχρῶς
2694 3737 2852 3782 πεσεῖν
2872 3735 2950 3781 καὶ
2967 3733 3220 3792 ἀναστῆναι
3232 3736 3326 3783 ὑπὸ

1772 3804 2027 3858 Σαννίωνος
2063 3807 2146 3851 τοῦ
2190 3805 2587 3865 χοροδιδασκάλου
2626 3809 2640 3858 (
2658 3803 2820 3853 ἐνθένδ’
2853 3801 2933 3852 οὖν
2961 3804 2989 3851 ό
3027 3807 3322 3868 Δημοσθένης

1773 3873 2010 3935 Οἰνόμαον
2031 3873 2170 3921 αὐτὸν
2205 3873 2445 3936 ὀνομάζει,
2467 3875 2579 3937 πρὸς
2603 3874 2778 3930 εἰδότας
2812 3873 2867 3921 τὸ
2896 3878 3090 3936 πρᾶγμα
3127 3875 3328 3923 ἐπισκώ·

1771 3959 1899 3991 πτων
1910 3943 1945 4004 ),
1959 3945 2040 3992 καὶ
2053 3943 2168 4005 μετὰ
2183 3943 2455 4003 Σωκράτους
2473 3945 2550 3992 καὶ
2568 3944 2766 4005 Σιμύλου
2780 3947 2872 3991 τῶν
2890 3947 3049 3991 κακῶν
3069 3946 3328 4005 ὑποκριτῶν

1772 4013 1971 4061 ἀλᾶσθαι
1996 4012 2290 4076 κατ’ἀγρούς.
2310 4015 2386 4062 ct.
2409 4013 2771 4074 Harpocration.
2789 4026 2837 4060 v.
2859 4012 3143 4073 Ἷσχανδρος·
3166 4017 3327 4074 Δημο·

1773 4084 1931 4139 σθένης
1952 4081 2055 4130 κατ’
2083 4083 2322 4145 Αἰσχίνου·
2359 4085 2571 4145 τραγικὸς
2593 4081 2839 4144 ὑποκριτὴς
2863 4081 2891 4128 ό
2917 4080 3183 4142 Ἱσχανδρός
3210 4081 3325 4128 ἐστι.

1773 4155 1913 4200 Δοκεῖ
1922 4152 1963 4199 δ’
1981 4152 2107 4214 αὐτῷ
2125 4153 2564 4214 συνυποκρινόμενος
2589 4150 2810 4212 Αἰσχίνης
2822 4151 2848 4197 δ
2870 4150 3020 4213 ῥήτωρ
3044 4150 3090 4197 ἐν
3109 4150 3326 4211 Κολλυτῷ

1774 4225 2073 4280 καταπεσεῖν,
2093 4221 2216 4269 καθά
2234 4238 2344 4284 φησι
2365 4221 2640 4283 Δημοχάρης
2652 4220 2699 4269 ἐν
2716 4224 2812 4274 τοῖς
2823 4220 3081 4278 Διαλόγοις.
3100 4218 3189 4267 Ubi
3201 4218 3327 4268 istud

1777 4291 1823 4339 ἐν
1843 4290 2084 4349 Διαλόγοις
2110 4303 2304 4352 gravem
2338 4289 2623 4351 corruptetae
2646 4288 2961 4350 suspicionem
2985 4286 3196 4347 praebere
3214 4301 3325 4350 pro·

1774 4362 1878 4421 pter
1895 4359 2053 4407 locum
2077 4359 2318 4407 Plutarchi
2349 4359 2470 4408 bene
2487 4362 2649 4407 monet
2676 4357 2925 4406 Ruhnken.
2953 4356 3012 4404 ad
3037 4356 3183 4405 Rutil.
3206 4360 3322 4419 Lup.

1775 4432 1823 4487 1,
1850 4436 1876 4476 2
1901 4427 1965 4490 (p
1985 4433 2041 4478 87
2071 4428 2146 4478 ed.
2173 4429 2414 4490 Froscii.),
2456 4441 2554 4491 quo
2586 4429 2692 4477 loeo
2716 4440 2779 4476 ex
2799 4427 3014 4476 oratione
3035 4425 3236 4488 quadam
3265 4430 3324 4476 D.

1776 4499 1986 4549 citantur
2008 4499 2113 4547 llaec
2154 4517 2166 4546 ε
2214 4497 2546 4547 Demochares
2579 4515 2597 4547 .·
2637 4517 2660 4538 σι
2710 4499 2843 4546 Nam
2874 4498 2992 4558 quis
3025 4495 3135 4544 hoec
3169 4497 3329 4544 simul

1774 4570 2017 4616 universa
2038 4570 2233 4629 perpeti
2253 4570 2431 4629 possit,
2456 4571 2703 4626 timerent,
2722 4565 2971 4620 morbum,
2997 4568 3322 4619 senectutem,

1775 4637 2161 4695 contumeliam,
2189 4639 2441 4698 inopiam,
2472 4639 2619 4686 vim?
2640 4647 2867 4699 quarum
2891 4637 3085 4696 quoevis
3106 4647 3215 4683 una
3243 4647 3325 4682 res

1774 4720 1868 4770 per
1884 4719 1937 4756 se
1954 4709 2081 4756 satis
2091 4709 2166 4755 est
2178 4709 2350 4767 qravis
2367 4705 2441 4756 ad
2451 4705 2789 4768 efficiendum.
2807 4724 2830 4746 n
2845 4702 2972 4753 idem
2993 4705 3032 4764 Ι,
3048 4709 3102 4751 21
3121 4722 3134 4751 ε
3159 4706 3328 4752 Demo·

1776 4776 1958 4827 chares
1996 4789 2013 4821 .-
2043 4795 2066 4818 ιι
2113 4775 2255 4825 Nihil
2290 4778 2426 4824 enim
2458 4774 2667 4823 valebat
2688 4772 2905 4822 assidua
2934 4783 3030 4834 pro
3062 4771 3233 4826 fratre
3266 4784 3329 4820 ac

1777 4849 2061 4895 misericors
2080 4844 2390 4907 deprecatio,
2411 4841 2845 4908 quumjudicaret
2864 4844 3116 4903 tyrannus
3131 4876 3145 4899 ,
3179 4841 3328 4901 eujus

1779 4915 2060 4964 erudelitas
2070 4927 2147 4962 om
2155 4926 2269 4962 nem
2283 4918 2493 4963 natura·
2505 4910 2927 4962 necessitudinem
2936 4908 3284 4970 eoettnyuebat.
3301 4929 3327 4951 a·

1840 4986 1901 5045 (*)
1929 4987 1999 5032 De
2018 4996 2078 5032 eo
2096 4983 2206 5030 vide
2229 4983 2421 5045 Dionys.
2441 4982 2663 5032 Dinarch.
2690 4994 2733 5028 c.
2756 4985 2831 5039 tt;
2856 4979 3098 5028 Plutarch.
3128 4981 3168 5027 Χ
3189 4981 3322 5027 Orat.

1782 5067 1829 5115 p.
1852 5057 1962 5113 842,
1975 5056 2036 5111 D;
2049 5052 2299 5102 Ruhnken.
2315 5052 2374 5101 ad
2398 5055 2509 5102 Rut.
2526 5055 2641 5113 Lup.
2663 5052 2692 5098 1.
2713 5050 2768 5106 1.;
2784 5051 3133 5098 westermann.
3153 5047 3324 5098 (ἔσει-ὴ.

1783 5125 1833 5174 d.
1852 5136 1929 5183 qr.
1956 5122 2199 5184 Bereds.p
2225 5130 2380 5172 too.n.
2401 5129 2476 5171 81.
2501 5125 2568 5171 De
2587 5117 2908 5171 Archedicov.
2933 5117 3131 5166 Meiuelt.
3159 5117 3324 5180 fragm.

1784 5197 1921 5243 Coun.
1948 5197 1964 5242 Ι
1988 5230 2000 5253 ,
2025 5207 2072 5255 p.
2100 5197 2208 5241 458.
