3900 6042
572 482 680 532 ¹62

721 611 1271 689 [iiprAssssmN
1299 608 1444 670 mn
1476 610 1575 669 EN
1606 609 1922 695 nomm]
1987 690 2000 697 ἢ

1235 750 1436 830 [188.]

538 890 545 897 ·
642 872 663 957 [
688 878 916 932 Aristot.
944 878 1067 932 Pol.
1097 881 1173 946 V,
1200 878 1232 932 5
1251 920 1267 947 ,
1293 878 1325 935 5
1363 902 1374 935 ;
1402 883 1745 956 Demagogia
1768 879 1928 936 facile
1956 881 2112 937 labo·

559 976 686 1019 rant
712 984 789 1020 eae
820 967 1167 1040 oligarchiae,
1199 968 1259 1022 in
1284 970 1489 1041 quibus
1520 966 1585 1024 τὰ
1610 966 1921 1044 δικαστήρια
1948 966 2023 1041 μὴ
2047 969 2112 1025 ἐκ

560 1054 652 1107 τοῦ
680 1049 1055 1125 πολιτεύματός
1080 1053 1243 1110 ἐστιν·
1278 1054 1710 1130 δημαγωγοῦντες
1740 1052 1842 1132 γὰρ
1868 1051 1997 1132 πρὸς
2019 1052 2112 1120 τὰς

561 1137 753 1216 κρίσεις
792 1137 1181 1213 μεταὸάλλουσι
1226 1137 1321 1210 τὴν
1351 1139 1649 1214 πολιτείαν,
1687 1140 1816 1219 ὅπερ
1839 1140 1929 1197 καὶ
1966 1141 2109 1221 ἐντῇ

561 1223 851 1303 Ἡρακλείᾳ
876 1225 1077 1304 ἐγένετο
1103 1231 1168 1303 τῇ
1194 1229 1246 1285 ἐν
1274 1231 1351 1308 τῷ
1382 1227 1589 1307 Πόντῳ.

637 1317 714 1382 V,
749 1313 815 1384 5,
856 1334 934 1370 2.
963 1313 1085 1372 Ὁτὲ
1118 1313 1214 1391 μὲν
1240 1314 1340 1394 γὰρ
1363 1314 1414 1383 ἐξ
1442 1316 1613 1373 αὐτῶν
1632 1317 1737 1373 τῶν
1766 1314 2022 1395 εὐπόρων,
2051 1316 2110 1373 οὗ

557 1403 660 1457 τῶν
702 1399 862 1457 ὄντοιν
905 1400 947 1458 δ’
984 1404 1037 1458 ἐν
1079 1402 1192 1468 ταῖς
1232 1403 1418 1482 ἀρχαῖς
1457 1402 1654 1511 γίνεται
1683 1401 1965 1468 κατάλυσις
2001 1403 2108 1478 (sc.

557 1486 923 1566 ὀλιγαρχίας),
937 1487 1061 1545 ὅταν
1084 1489 1248 1566 ὀλίγοι
1273 1479 1533 1568 σφόδρα
1493 1512 1620 1548 ωσιν
1640 1491 1687 1548 οἱ
1705 1492 1758 1547 ἐν
1775 1493 1891 1555 ταῖς
1915 1492 2111 1564 τιμαῖς,

557 1566 663 1633 οἷον
690 1577 744 1633 ἐν
780 1576 1069 1656 Μασσαλίᾳ
1092 1577 1183 1635 καὶ
1211 1579 1263 1635 ἐν
1290 1575 1482 1658 Ἴστρῳ
1508 1578 1599 1636 καὶ
1619 1579 1670 1636 ἐν
1691 1577 1990 1657 Ἡρακλεία
2020 1577 2109 1636 καὶ

558 1663 611 1717 ἐν
649 1661 830 1727 ἄλλαις
856 1661 1042 1721 πόλεσι
1077 1661 1440 1739 συμὸέὸηκεν·
1469 1665 1516 1722 οἱ
1544 1663 1646 1744 γὰρ
1691 1664 1764 1740 μὴ
1806 1664 2110 1743 μετέχοντες

556 1750 659 1804 τῶν
702 1750 879 1827 ἀρχῶν
912 1749 1138 1820 ἐκίνουν,
1181 1749 1277 1817 ἕως
1321 1748 1638 1827 μετέλαὸον,
1678 1752 1729 1807 οἱ
1768 1750 2110 1829 πρεσὸύτεροι

554 1831 802 1912 πρότερον
840 1838 944 1892 τῶν
975 1836 1209 1916 ἀδελφῶν
1226 1881 1243 1914 ,
1273 1837 1484 1917 ὕστερον
1512 1838 1555 1895 δ’
1579 1840 1626 1896 οἱ
1655 1834 1893 1915 νεώτεροι
1918 1836 2106 1894 πάλιν·

555 1921 614 1976 οὐ
641 1918 743 1997 γὰρ
771 1919 1020 1999 ἄρχουσιν
1048 1923 1255 2001 ἐνιαχοῦ
1294 1923 1388 1999 μὲν
1429 1922 1540 1998 ἅμα
1567 1922 1746 2001 πατήρ
1774 1945 1832 1980 τε
1858 1923 1946 1980 καὶ
1976 1922 2108 1992 υἱὸς,

555 2009 765 2084 ἐνιαχοῦ
794 2006 848 2063 δὲ
879 2010 906 2064 ὁ
931 2007 1278 2088 πρεσὸύτερος
1304 2008 1392 2067 καὶ
1418 2012 1447 2066 ὀ
1469 2008 1711 2088 νεώτερος
1737 2008 1972 2089 ἁδελφός.
2003 2010 2108 2068 Καὶ

555 2093 674 2149 ἔνθα
698 2091 792 2168 μὲν
744 2095 1192 2201 Μπολιτικωτέρα
1222 2094 1421 2172 ἐγένετο
1446 2100 1481 2166 ἡ
1505 2094 1809 2175 ὀλιγαρχία,
1837 2096 1890 2152 ἐν
1913 2093 2109 2175 Ἴστρῳ

556 2178 600 2235 δ’
634 2179 802 2244 εἷς’*
739 2202 903 2255 οημον
932 2180 1371 2260 ἀπετελεύτησεν,
1396 2186 1448 2242 ἐν
1477 2181 1764 2262 Ἡρακλεία
1792 2181 1837 2240 δ’
1868 2179 1921 2249 ἐξ
1946 2183 2099 2239 ἐλατ-

554 2263 716 2322 τόνων
738 2268 808 2332 εἶς
834 2264 1130 2345 ἑξακοσίους
1151 2260 1295 2339 ἦλθε.

632 2356 707 2425 V,
735 2353 799 2424 5,
830 2374 852 2409 1
870 2374 891 2409 1
928 2375 942 2411 ε
961 2353 1026 2415 F
1029 2379 1061 2413 κ
1079 2354 1134 2413 δὲ
1159 2355 1493 2435 δικαστηρίου
1512 2353 1727 2435 κρίσεως
1741 2355 1796 2412 ἐν
1820 2353 2108 2434 Ἡρακλείᾳ

556 2437 736 2505 στάσις
768 2438 970 2516 εγένετο
995 2444 1113 2501 κτλ.
1138 2445 1280 2499 Vide
1300 2447 1469 2518 Resp.
1493 2444 1749 2502 Theban.
1781 2444 1853 2500 sr.
1890 2463 1911 2498 1
1930 2443 2019 2503 13.

631 2528 712 2600 V,
746 2532 809 2593 4,
843 2545 876 2582 2
906 2547 923 2581 :
956 2527 1229 2598 Κατελύθη
1259 2527 1315 2585 δὲ
1344 2528 1433 2587 καὶ
1461 2530 1514 2586 ἐν
1556 2526 1849 2607 *Ηρακλείᾳ
1885 2531 1913 2584 ὁ
1941 2528 2106 2604 δῆμος

555 2609 690 2685 μετὰ
722 2611 809 2669 τὸν
839 2613 1156 2691 ἀποικισμὸν
1184 2613 1330 2681 εὐθὺς
1354 2615 1439 2673 διὰ
1461 2612 1580 2681 τοὺς
1607 2614 1969 2692 δημαγωγούς·
1999 2616 2108 2672 ἄδι-

555 2696 795 2774 κούμενοι
818 2696 925 2777 γὰρ
954 2702 1043 2757 ὑπ’
1073 2701 1243 2759 αὐτῶν
1270 2702 1315 2758 οἱ
1338 2700 1586 2781 γνώριμοι
1603 2700 1900 2772 ἐξέπιπτον,
1926 2699 2108 2759 ἔπειτα

555 2786 901 2862 ἀθροισθέντες
925 2786 974 2843 οἱ
995 2786 1329 2854 ἐκπίπτοντες
1351 2788 1441 2845 καὶ
1460 2787 1795 2853 κατελθόντες
1815 2785 2107 2845 κατέλυσαν

555 2871 642 2927 τὸν
670 2872 856 2947 δῆμον.

634 2960 767 3026 VII,
798 2956 862 3027 5,
896 2978 974 3030 7:
1007 2957 1373 3030 maeones?
1352 2957 1675 3040 υπάρχοντος
1710 2959 1992 3040 περιοίκων
2017 2958 2109 3018 καὶ

553 3044 657 3098 τῶν
683 3041 779 3112 τὴν
804 3041 983 3120 χώραν
998 3066 1390 3125 γεωργουντων,
1406 3047 1699 3126 ἀφθονίαν’
1670 3070 1768 3103 ανα
1770 3051 1952 3124 γκαῖον
1975 3037 2109 3105 εἶναι

551 3204 789 3253 coloniam
811 3218 871 3254 eo
900 3204 1127 3268 deduxit,
1164 3209 1236 3257 uti
1268 3208 1418 3258 tradit
1451 3210 1727 3260 Aristoteles
1759 3211 1809 3260 in
1843 3211 2103 3260 Cianorum

550 3294 654 3407 3³3.
692 3284 950 3371 lncoluere
983 3298 1093 3334 eam
1130 3285 1343 3348 primum
1376 3288 1528 3350 Mysi,
1565 3287 1737 3339 deinde
1769 3290 1946 3351 cares,
1975 3289 2106 3339 tertii

636 3371 741 3409 esu.

674 3466 1386 3542 [HERACLEOTARUM
1416 3472 1939 3534 PONTICORUM.
1962 3472 1987 3551 ]

1244 3586 1411 3652 [188.]

614 3694 634 3756 [
650 3697 931 3758 Demagogia
946 3698 1083 3749 tacite
1102 3699 1403 3751 laboranteae
1420 3701 1691 3764 oligambiae
1702 3703 1788 3753 ubi
1810 3704 1955 3754 rebus
1969 3702 2101 3764 iudi-

550 3771 714 3819 candis
726 3778 825 3821 non
852 3777 1069 3834 praesunt
1094 3777 1126 3824 ii
1150 3778 1235 3838 qui
1254 3778 1597 3840 rempublicam
1627 3780 1978 3829 administrant.
2006 3782 2103 3829 co-

552 3848 705 3897 lentes
724 3849 853 3899 enim
874 3851 1106 3912 populum
1126 3852 1414 3914 judiciorum
1437 3856 1590 3916 gratia
1621 3855 1896 3918 reipublieoe
1921 3858 2104 3906 statum

551 3928 770 3985 mutant,
791 3927 923 3989 quod
942 3931 993 3977 et
1016 3931 1288 3993 Heracleae,
1307 3933 1486 3992 quaein
1510 3936 1664 3983 Ponto
1683 3935 1783 3996 est,
1807 3934 1998 3983 accidit.

616 4003 864 4053 interdum
896 4005 1025 4054 enim
1056 4006 1119 4055 ab
1151 4008 1266 4068 ipsis
1299 4006 1557 4071 divitibus,
1590 4022 1686 4058 non
1716 4011 1774 4059 iis
1798 4013 1988 4073 tamen,
2022 4012 2105 4072 qui

552 4081 762 4141 provecti
780 4082 971 4131 suntad
988 4084 1294 4146 magistratus
1305 4121 1320 4145 ,
1340 4086 1553 4136 nascitur
1567 4087 1836 4149 oligarchiae
1853 4089 2105 4150 interitus,

552 4169 705 4217 quum
728 4158 868 4209 valde
890 4159 1031 4221 pauci
1045 4163 1158 4210 sunt
1173 4161 1206 4209 ii
1223 4162 1305 4224 qui
1324 4162 1585 4213 bonoribus
1608 4165 1883 4227 inungantur,
1900 4166 1957 4214 ut
1975 4167 2103 4214 Mas-

550 4236 670 4284 silioe
688 4238 738 4286 et
772 4239 881 4287 lstri
912 4241 964 4288 et
1002 4240 1245 4289 Heracleae
1262 4244 1312 4291 et
1334 4241 1384 4289 in
1412 4241 1519 4291 aliis
1541 4242 1742 4292 urbibus
1766 4242 1960 4291 accidit.
1984 4245 2106 4293 Nam

551 4314 635 4374 qui
655 4315 1017 4377 magistratuum
1032 4318 1285 4380 participes
1298 4332 1394 4367 non
1412 4321 1551 4369 erant
1561 4355 1576 4381 ,
1598 4319 1740 4369 rebus
1756 4319 1991 4368 novandis
2007 4321 2106 4368 stu·

551 4391 777 4453 «luerunt,
790 4404 942 4454 usque
954 4392 1171 4455 dumipsi
1192 4394 1341 4443 etiam
1375 4395 1628 4458 participes
1646 4396 1758 4444 facti
1773 4399 1918 4445 sunt:
1938 4397 2108 4445 fratres

552 4467 747 4527 quidem
762 4469 968 4529 maiores
991 4474 1106 4519 natu
1127 4471 1276 4532 priuS,
1298 4472 1533 4533 posterius
1546 4485 1665 4522 vero
1682 4471 1854 4521 iterum
1877 4473 2104 4522 minores.

554 4545 660 4592 Non
686 4544 813 4593 enim
850 4547 1181 4609 magistratum
1212 4548 1355 4597 simul
1378 4548 1599 4597 obtinent
1633 4548 1683 4597 in
1718 4548 1962 4598 nonnullis
1993 4549 2109 4598 locis

555 4624 689 4679 pater
711 4624 761 4670 et
780 4620 905 4671 filius
931 4641 943 4671 :
973 4624 1021 4672 in
1051 4623 1341 4684 quibusdam
1363 4624 1508 4673 frater
1526 4626 1644 4673 natu
1670 4624 1824 4685 maior
1852 4626 1906 4673 et
1928 4624 2102 4675 minor.

554 4698 710 4757 Atque
721 4698 938 4748 Massiliae
955 4700 1150 4761 quidem
1167 4700 1441 4763 reipublicoe
1462 4700 1809 4750 administratio
1819 4701 2025 4762 politicae
2038 4701 2105 4750 si·

554 4766 713 4821 milior
733 4775 856 4823 sacta
875 4778 974 4835 est,
996 4776 1101 4824 istri
1133 4777 1316 4825 veroin
1338 4776 1679 4826 democratiam
1699 4777 1862 4826 evasit.
1882 4780 1944 4826 At
1961 4778 2107 4827 Hera-

554 4851 671 4898 clem
693 4864 721 4900 a
744 4853 1048 4913 paucioribus
1069 4854 1343 4915 potentibus
1359 4855 1419 4903 ad
1437 4856 1689 4905 sexcentos
1706 4854 1936 4903 translata
1954 4857 2042 4904 est.

617 4930 824 4992 seditio,
864 4946 976 4992 qum
1018 4933 1259 4982 Heracleae
1295 4934 1498 4994 exarsit,
1535 4946 1594 4982 ex
1627 4931 1837 4994 judiciali
1872 4932 2106 4982 sententia
2207 4939 2317 4977 men
2354 4927 2498 4977 habet
2533 4927 2595 4976 ab
2626 4927 2877 4977 Antandro
2913 4929 3106 4977 AEolum
3133 4927 3272 4977 duce.
3305 4928 3590 4977 Aristoteles
3615 4928 3760 4976 tradit
3871 4960 3872 4963 κ

554 5013 660 5057 orta
679 5013 764 5057 est.

1664 436 2174 535 Ams‘roTEms·
2194 473 2698 536 FRAGMENTA.

2202 602 2291 660 καὶ
2318 605 2540 661 ναυτῶν·
2564 604 2769 680 δρῶμεν
2796 599 2851 659 δὲ
2876 597 2967 658 καὶ
2990 604 3141 658 τοῦτο
3167 598 3257 658 καὶ
3294 605 3383 658 νῦν
3413 600 3648 679 ὑπάρχον
3677 623 3756 658 τι-

2204 689 2286 748 σὶν
2306 735 2326 766 ,
2370 682 2477 750 οἷον
2519 693 2586 767 τῇ
2629 689 2780 747 πόλει
2819 691 2923 746 τῶν
2963 687 3374 766 Ἡρακλεωτῶν·
3413 688 3611 754 πολλὰς
3657 687 3760 764 γὰρ

2203 780 2520 858 ἐκπληροῦσι
2537 775 2768 857 ’τριήρεις
2794 775 3103 851 κεκτημένοι
3124 778 3199 854 τῷ
3223 773 3431 852 μεγέθει
3462 776 3612 833 πόλιν
3643 774 3760 833 ἑτέ-

2203 889 2305 944 ρων
2334 863 2778 944 ἐμμελεστέραν.]

2735 1010 3218 1095 [alerannus]

2883 1164 3071 1242 [189.]

2265 1284 2302 1370 [
2317 1292 2544 1346 Aristot.
2577 1293 2700 1347 Pol.
2739 1294 2813 1363 V,
2852 1291 2920 1362 5,
2949 1290 2983 1347 5
3018 1312 3034 1347 t
3064 1295 3222 1348 Inter
3244 1294 3564 1366 oligarchos
3597 1293 3765 1347 facile

2199 1377 2541 1452 demagogus
2576 1382 2786 1435 exsistit
2825 1381 2878 1436 ἐν
2919 1378 3066 1444 ὅσαις
3115 1378 3446 1456 ὀλιγαρχίαις
3483 1380 3580 1455 οὐχ
3620 1370 3761 1435 οὗτοι

2202 1462 2311 1541 (sc.
2340 1465 2388 1521 οἱ
2416 1465 2467 1521 ἐν
2490 1465 2765 1545 ὀλιγαρχία
2793 1464 2963 1541 ὄντες)
2993 1467 3263 1545 αἱροῦνται
3294 1466 3388 1531 τὰς
3411 1464 3578 1545 ἀρχὰς
3605 1464 3663 1532 ἐξ
3689 1456 3764 1521 ὧν

2197 1551 2246 1608 οἱ
2283 1548 2528 1627 ἄρχοντές
2568 1553 2722 1622 εἰσιν,
2753 1552 2868 1609 ἀλλ’
2898 1556 2955 1609 αἱ
3002 1551 3096 1628 μὲν
3139 1552 3304 1630 ἀρχαὶ
3344 1554 3403 1610 ἐκ
3444 1551 3762 1629 τιμημάτων

2201 1637 2439 1712 μεγάλων
2469 1635 2596 1695 εἰσὶν
2623 1635 2657 1706 ἢ
2685 1640 2924 1716 ἑταιριῶν
2944 1681 2962 1714 ‚
2987 1639 3252 1717 αἱροῦνται
3292 1639 3339 1696 δ’
3383 1641 3433 1696 οἱ
3477 1639 3690 1696 ὁπλῖται
3732 1636 3762 1703 ἦ

2202 1726 2230 1779 ὁ
2257 1723 2450 1797 δῆμος,
2479 1724 2606 1803 ὅπερ
2631 1726 2683 1781 ἐν
2709 1724 2909 1804 Ἀὅύδῳ
2931 1723 3248 1786 συνέὸαινεν.

2275 1813 2364 1867 ld.
2397 1814 2469 1884 V,
2497 1810 2559 1883 5,
2583 1833 2641 1887 9.
2667 1817 2734 1871 V.
2761 1816 2931 1887 Resp.
2956 1816 3372 1871 Larissaeorum.
3400 1813 3472 1869 fr.
3503 1811 3679 1887 15o.]

2699 1971 3208 2048 (ANTANAPmN
3232 1973 3253 2049 )

2913 2144 3039 2202 ¹9⁰·

2275 2271 2542 2343 stephan.
2579 2272 2710 2344 Byz.
2748 2265 3128 2348 τἌντανδρος,
3157 2262 3306 2332 πόλις
3343 2265 3450 2324 ὑπὸ
3481 2265 3580 2337 τὴν
3606 2264 3758 2338 Ἴδην

2197 2354 2324 2434 πρὸς
2346 2359 2410 2432 τῇ
2442 2354 2621 2434 ΜυσίαΙ
2638 2358 2732 2426 τῆς
2756 2353 3021 2429 Αἰολίδος,
3044 2351 3467 2431 ἄπὸἈντάνὸρου
3485 2359 3582 2411 τοῦ
3602 2377 3759 2434 στρα-

2197 2446 2356 2517 τηγοῧ
2379 2439 2680 2502 Αἰολέων...
2703 2438 3061 2517 Ἀριστοτέλης
3082 2438 3212 2519 φησὶ
3238 2438 3431 2509 ταύτην
3452 2440 3761 2515 ὠνομάσθαι

2198 2525 2459 2587 Ἠδωνίδα
2495 2525 2581 2585 διὰ
2602 2526 2663 2586 τὸ
2690 2529 2914 2607 Θρᾷκας
2938 2525 3204 2593 Ἧδωνοὺς
3230 2526 3384 2593 ὄντας
3412 2529 3634 2597 οἰκῆσαι
3671 2528 3760 2585 καὶ

2205 2612 2506 2692 Κιμμερίδα
2537 2613 2847 2692 Κιμμερίων
2876 2613 3204 2671 ἐνοικούντων
3233 2612 3416 2671 ἑκατὸν
3452 2612 3570 2685 ἔτη.

2278 2701 2366 2759 De
2376 2703 2673 2775 Antandro
2688 2744 2706 2777 ,
2724 2704 3084 2777 Pelasgorum
3102 2703 3584 2775 Tyrrhenicon-um
3597 2704 3764 2768 urbe,

2196 2809 2252 2844 ν.
2284 2790 2565 2845 Herodot.
2595 2793 2734 2859 VII,
2768 2796 2864 2857 423
2892 2791 2971 2859 V,
3002 2789 3098 2858 26,
3146 2789 3350 2846 Conon
3387 2809 3440 2844 c.
3484 2796 3583 2855 41.
3620 2791 3762 2845 Mela

2199 2877 2259 2951 1,
2297 2876 2396 2946 18,
2430 2894 2486 2931 α.
2518 2877 2743 2933 Miiller.
2791 2878 2938 2932 Min.
2958 2895 3022 2949 p.
3056 2880 3203 2946 444,
3231 2877 3519 2932 Welcker.
3551 2878 3760 2947 Ἠώς.

2196 2980 2260 3035 p.
2308 2981 2416 3019 201
2440 3005 2457 3032 ,
2502 2953 2562 3018 ιι.
2597 2963 2730 3034 327.
2777 2964 2848 3018 In
2872 2964 3196 3018 universum
3223 2962 3299 3020 cf.
3328 2963 3536 3019 Strabo
3582 2965 3758 3031 xm,

2199 3068 2261 3123 p.
2292 3050 2428 3120 606,
2455 3051 2716 3105 Mannert
2738 3051 2938 3123 Geogr.
2975 3050 3088 3123 vl,
3112 3049 3145 3105 3
3162 3093 3177 3118 ,
3199 3067 3264 3122 p.
3295 3048 3432 3115 418.

2199 3211 2395 3261 nonnae
2415 3196 2544 3261 emin
2569 3211 2743 3272 injuria
2764 3211 2925 3260 affecti
2965 3212 3094 3261 exire
3129 3224 3158 3260 e
3189 3211 3388 3261 civitate
3424 3213 3589 3261 ωωι
3610 3214 3758 3262 suane

2199 3286 2373 3336 deinde
2398 3288 2483 3350 qni
2506 3287 2646 3350 eiecti
2682 3288 2903 3348 inerant,
2936 3287 2989 3337 in
3023 3300 3177 3337 unum
3208 3287 3470 3338 contractis
3505 3289 3686 3351 copiis,
3715 3289 3758 3337 in

2201 3366 2446 3415 civitatem
2463 3365 2524 3413 ab
2539 3365 2685 3414 exilio
2707 3365 2886 3414 reversi
2898 3401 2916 3428 ,
2941 3364 3288 3415 democratiam
3309 3366 3636 3416 sustulerunt.

2260 3444 2310 3492 si
2341 3442 2615 3491 aoeolarum
2636 3445 2688 3491 et
2712 3454 2851 3504 agros
2872 3442 3135 3491 eote-tium
3157 3442 3423 3491 multitudo
3453 3441 3603 3503 adsit,
3640 3454 3758 3492 nau·

2199 3523 2359 3571 tarum
2377 3521 2526 3571 etiam
2545 3520 2731 3583 copiam
2759 3519 2952 3570 abunde
2975 3522 3230 3583 suppetere
3247 3533 3440 3570 neeesse
3459 3523 3564 3581 est,
3590 3525 3650 3571 ut
3671 3523 3755 3570 bac

2197 3597 2393 3660 q'uoque
2419 3597 2652 3647 memoria
2668 3596 2956 3659 qnimsdam
2981 3610 3074 3646 usu
3093 3597 3260 3647 venire
3292 3597 3550 3657 novimus,
3583 3601 3642 3646 nt
3674 3599 3756 3646 Re·

2199 3675 2519 3724 racleotarum
2547 3674 2760 3735 civitati,
2780 3673 2866 3734 qui
2887 3673 3002 3723 lieet
3027 3674 3266 3722 minorem
3283 3673 3392 3723 aliis
3422 3672 3598 3722 urbem
3627 3674 3757 3722 habi·

2200 3754 2330 3813 tent,
2357 3752 2534 3802 multas
2553 3753 2716 3801 tamen
2736 3750 2956 3801 triremes
2971 3750 3229 3812 complent.
3246 3748 3268 3811 ]

2676 3870 3290 3968 [ABYDENORUM]

2889 4034 3060 4099 [189]

2258 4144 2426 4209 [inter
2460 4145 2724 4208 oligarebos
2740 4145 2880 4195 facile
2896 4145 3188 4209 demagogus
3221 4142 3441 4205 exsistit,
3489 4143 3544 4193 in
3583 4146 3756 4207 quibus

2197 4235 2293 4272 non
2325 4223 2373 4271 Ιιί
2400 4223 2707 4285 legendorum
2730 4223 3094 4285 magistratuum
3117 4221 3200 4284 jus
3223 4220 3432 4281 habent,
3458 4232 3523 4269 ex
3548 4235 3754 4283 quorum

2196 4302 2362 4350 ordine
2378 4304 2634 4350 sumuntur
2646 4301 2953 4364 magistratus
2964 4338 2979 4363 ,
2995 4301 3081 4352 sed
3094 4299 3399 4362 magistratus
3414 4300 3619 4361 quidem
3639 4302 3756 4351 fiunt

2197 4392 2261 4427 ex
2296 4379 2482 4439 magnis
2516 4378 2739 4428 censibus
2759 4382 2845 4428 aut
2871 4377 3230 4438 sodalitatibus,
3262 4388 3435 4425 verum
3462 4376 3654 4439 eligunt
3677 4392 3736 4428 eo

2197 4458 2284 4504 aut
2303 4454 2476 4505 milites
2493 4456 2578 4504 aut
2599 4455 2830 4517 populus,
2849 4454 2985 4517 quod
3008 4452 3163 4518 Abydi
3181 4452 3398 4515 contigit.
3415 4452 3436 4515 ]

2620 4586 2639 4666 (
2659 4586 3294 4649 ΑΝΤΑΝιιιιιοιιυΜ.
3314 4582 3332 4663 )

2914 4729 3035 4780 190.

2267 4850 2557 4912 Antundrus,
2582 4850 2696 4901 urbs
2708 4851 2800 4900 sub
2823 4850 2909 4901 lda
2926 4854 3092 4901 monte
3112 4851 3175 4900 ad
3199 4854 3402 4914 Mysiam
3418 4850 3643 4913 AEolidis,
3671 4864 3758 4900 no-

2206 5018 2313 5053 eam
2347 5004 2644 5055 nominatam
2683 5017 2788 5054 esse
2828 5004 3121 5065 Edonidem,
3148 5004 3279 5067 quod
3322 5003 3513 5053 Edonos
3553 5004 3761 5054 Thraces

620 5086 861 5134 Heracleae
886 5099 1080 5148 quoque
1104 5087 1347 5150 popularis
1377 5088 1531 5136 status
1561 5086 1819 5136 dissolutus
1844 5088 1916 5134 est
1942 5086 2105 5135 statim
2210 5083 2610 5144 inhabitaverint,
2634 5084 2684 5132 et
2706 5083 3071 5173 Cimmeridem,
3092 5082 3223 5145 quod
3245 5081 3494 5133 Cimmerii
3521 5082 3760 5131 tenuerint

558 5165 661 5223 post
688 5162 923 5212 coloniam
959 5176 1018 5211 eo
1054 5165 1273 5225 missam,
1308 5163 1449 5224 culpa
1486 5163 1790 5225 popularium
1825 5161 2100 5213 ductorum.

2208 5176 2314 5212 eam
2336 5175 2420 5225 per
2443 5175 2592 5212 annos
2609 5163 2820 5211 centum.
