3900 6042
527 492 561 539 8
600 515 609 523 .
1652 472 2060 533 DloNYSIUS
2105 471 2640 534 MYTILENAEUS.

521 606 631 667 ὑπὸ
658 604 864 670 Φινέως
889 594 1023 676 ἦσαν
1046 599 1422 678 ἔκὸεὸλημένοι
1449 596 1585 656 κατὰ
1614 597 1860 668 διαὸολὴν
1892 601 2081 658 Σκυθι-
2169 610 2371 682 φυγεῖν,
2414 605 2500 682 ὑφ’
2527 592 2588 659 οὗ
2621 601 2712 660 καὶ
2740 600 2986 666 σωθέντος
3012 602 3102 657 τοῦ
3137 597 3368 676 νεανίου,
3396 598 3728 659 διαδεδόσθαι

529 697 627 764 κῆς
650 690 916 770 γυναικὸς,
934 691 999 760 ἢν
1018 687 1308 768 γεγαμήκει
1331 690 1359 745 6
1381 684 1599 757 Φινεὺς,
1626 684 2083 764 παραιτησάμενος

530 777 895 856 Κλεοπάτραν.
916 776 1124 852 Γεγόνει
1137 774 1191 832 δὲ
1208 779 1298 833 τοῦ
1319 772 1523 837 Φινέως
1550 770 1641 828 καὶ
1668 769 1963 849 πρεσὸύτης
1981 792 2076 828 κα·

502 863 743 943 -τήγορος
759 861 904 943 παρὰ
925 865 1002 941 τῷ
1025 860 1293 941 Ἡρακλεῖ·
1327 858 1504 937 διόπερ
1524 856 1791 937 Ἡρακλῆς
1821 856 2079 922 ἀναιτίως

527 950 690 1028 εὑρὼν
714 948 831 1015 τοὺς
849 949 1069 1021 παῖδας,
1084 947 1381 1024 κατήγαγεν
1404 948 1475 1011 εἰς
1495 942 1592 1016 τὴν
1611 941 1861 1023 πατρῴαν
1884 942 2074 1001 οἰκίαν·

528 1035 701 1095 Φινέα
741 1031 796 1092 δὲ
838 1033 1206 1110 ἀνθιστάμενον
1253 1031 1345 1091 καὶ
1384 1030 1677 1101 θελήσαντα
1704 1029 2081 1088 καταποντίσαι

525 1121 614 1179 τὸν
642 1120 812 1199 ἕτερον
836 1122 941 1179 τῶν
963 1119 1189 1197 παίδων,
1218 1118 1468 1186 λακτίσας
1489 1122 1517 1176 ὁ
1548 1117 1815 1197 Ἡρακλῆς
1837 1113 2083 1174 ἀπέκτει·

529 1229 631 1268 νεν.
921 1222 925 1230 ’

607 1294 859 1351 Eandem
871 1295 1159 1361 historiam
1175 1294 1395 1367 plenius
1415 1293 1588 1348 habes
1599 1310 1692 1365 ap.
1709 1291 1953 1347 Diodor.
1975 1292 2074 1360 IV,

531 1389 635 1452 44,
667 1381 821 1438 unde
858 1374 1113 1455 Dionysii
1138 1382 1361 1454 mythos
1396 1380 1670 1434 tractandi
1691 1380 1968 1433 rationem
1991 1377 2078 1432 di·

525 1488 681 1527 scere
702 1471 851 1524 lieet.
879 1469 1278 1541 Antiquiorum
1300 1484 1469 1521 nemo
1494 1468 1570 1521 ita
1593 1484 1713 1522 rem
1732 1465 1998 1521 narravit.

1275 1613 1333 1672 4.

606 1753 766 1811 Idem
795 1750 908 1822 111,
941 1771 1054 1808 200
1083 1772 1099 1806 :
1124 1748 1340 1819 Ταύτην
1372 1749 1483 1826 (sc.
1512 1746 1609 1819 τὴν
1634 1720 1867 1827 Κίρκην)
1895 1745 2078 1806 Διονύ·

528 1862 632 1906 σιος
653 1843 682 1896 ὁ
709 1837 963 1907 Μιλήσιος
985 1839 1037 1896 ἐν
1058 1834 1252 1916 πρώτῳ
1269 1839 1370 1893 τῶν
1395 1834 1801 1914 Ἄργοναυτικῶν
1823 1835 2080 1914 θυγατέρα

527 1927 728 1996 Αἰήτου
748 1924 838 1982 καὶ
855 1922 1087 1994 Ἑκάτής
1107 1926 1201 1992 τῆς
1225 1919 1497 2001 Περσέως,
1516 1920 1742 2001 ἀδελφὴν
1762 1919 1817 1980 δὲ
1841 1922 2081 1993 Μηδείας

526 2012 685 2089 λέγει.
730 2010 897 2089 Ἡλίῳ
960 2008 1025 2088 άρ
1051 2030 1206 2088 φησιν
1235 2006 1373 2074 υἱοὺς
1399 2006 1635 2085 γενέσθαι
1658 2008 1750 2066 δύο
1783 2010 1835 2066 ἐν
1858 2016 1965 2073 τοῖς
1987 2008 2103 2066 ‘edm

527 2120 641 2165 ποις
667 2097 891 2162 ἐκείνοις·
914 2118 942 2154 ο
967 2120 990 2161 ς
1016 2093 1248 2169 ὀνόματα
1268 2085 1332 2166 ἦν
1358 2092 1586 2173 Περσεὺς
1604 2092 1693 2151 καὶ
1715 2093 1935 2165 Αἰήτης·
1957 2093 2078 2152 τού-

525 2205 644 2251 τους
667 2182 722 2242 δὶ
745 2189 1031 2261 κατασχεῖν
1048 2180 1145 2251 τὴν
1167 2181 1363 2261 χώραν·
1389 2182 1479 2239 καὶ
1503 2181 1705 2253 Αἰήτην
1727 2181 1822 2258 μὲν
1847 2181 2081 2260 Κόλχους

527 2271 617 2329 καὶ
636 2273 920 2342 Μαιῶτας,
943 2267 1152 2347 Περσέα
1176 2267 1231 2326 δὲ
1254 2272 1346 2339 τῆς
1361 2270 1628 2349 Ταυρικῆς
1650 2271 1973 2347 βασιλεῦσαι·
1988 2267 2080 2326 καὶ

524 2358 635 2436 [τὸν
660 2356 869 2436 Περσέα
897 2352 1156 2435 πρεσὸύτε
1190 2377 1246 2413 ον
1264 2345 1413 2432 ὄντα]
1435 2359 1604 2432 γῆμαι
1625 2359 1845 2432 γυναῖκα
1867 2359 1971 2413 τῶν
1995 2358 2080 2434 ἐγ-

512 2436 732 2517 -χωρίων
758 2432 902 2503 τινὰ,
930 2433 1021 2491 καὶ
1048 2455 1136 2507 γεν
1167 2436 1287 2491 σθαι
1315 2434 1456 2512 αὐτῷ
1482 2433 1558 2510 [ἐξ
1587 2434 1768 2512 αὐτῆς]
1796 2432 2074 2514 θυγατέρα,

526 2516 563 2600 ᾗ
591 2523 757 2598 ὄνομα
780 2518 1004 2592 Ἑκάτη.
1037 2521 1109 2581 Οἱ
1141 2517 1196 2577 δὲ
1223 2520 1283 2576 ἐκ
1314 2517 1515 2598 νύμφης
1534 2518 1669 2586 τινὸς
1706 2519 1961 2599 ἐγχωρίας
1985 2518 2079 2590 τὴν

526 2609 759 2681 Ἑκάτην
783 2607 940 2689 φασὶν
968 2608 1113 2687 αὐτῷ
1131 2606 1397 2685 γενέσθαι,
1426 2605 1669 2685 ἀνδρικὴν
1693 2606 1898 2685 περὶτὰ
1920 2630 2081 2678 κυνη-

523 2695 731 2773 γετικὰ,
757 2694 848 2753 καὶ
876 2691 1021 2772 [περὶ
1039 2692 1131 2760 τὰς
1156 2692 1477 2768 καλουμένας
1504 2691 1668 2758 Ἕκας
1690 2689 2079 2774 διατρίὸουσαν]

525 2781 736 2861 πρώτην
769 2780 1082 2855 θανασίμους
1107 2777 1247 2859 ῥίζας
1270 2781 1455 2859 εὑρεῖν,
1476 2779 1567 2836 καὶ
1594 2779 1974 2858 ἐμπειροτάτην
1992 2802 2078 2857 γε·

524 2868 728 2945 γονέναι
756 2870 858 2926 τῶν
878 2889 935 2924 τε
959 2865 1285 2945 δηλητηρίων
1315 2866 1405 2923 καὶ
1431 2869 1534 2923 τῶν
1560 2868 1734 2923 ἰᾶσθαι
1759 2865 2077 2943 δυναμένων,

526 2953 616 3011 καὶ
647 2954 734 3011 τὸν
758 2956 947 3022 ἑαυτῆς
973 2950 1174 3026 πατέρα
1202 2950 1495 3031 φαρμάκοις
1522 2953 1838 3011 ἀποκτεῖναι.
1866 2951 2080 3023 Ταύτην

466 3078 471 3084 ·
525 3040 796 3116 γήμασθαι
823 3039 1144 3116 πεμφθεῖσαν
1178 3040 1249 3103 εἰς
1279 3035 1516 3115 Κόλχους
1543 3035 1711 3114 Αἰήτῃ
1751 3041 1826 3117 τῷ
1869 3060 2080 3116 πατρα-

525 3127 713 3206 δέλφῳ·
754 3121 847 3205 ἀφ’
868 3115 931 3195 ἧς
968 3122 1204 3201 γενέσθαι
1236 3123 1436 3203 Κίρκην
1464 3122 1554 3181 καὶ
1573 3183 1577 3186 ,
1594 3122 1853 3195 Μήδειαν.
1877 3127 1928 3183 Τ
1927 3123 1993 3194 ὴν
2016 3124 2080 3197 ,δὲ

529 3212 754 3292 Κίρκην,
778 3209 1136 3290 πρεσὸυτέραν
1153 3200 1336 3286 οὖσαν,
1366 3207 1751 3289 ὗπερὸαλέσθαι
1776 3209 1872 3281 τὴν
1894 3213 2082 3282 ἑαυτῆς

527 3298 758 3379 μητέρα,
777 3295 843 3355 τὰ
869 3296 963 3374 μὲν
983 3295 1334 3355 διακαύσασαν
1352 3297 1480 3374 παρ’
1502 3298 1687 3375 αὐτῆς,
1715 3297 1781 3354 τὰ
1804 3296 1970 3354 δὲκαὶ
1993 3299 2082 3355 αὖ·

523 3384 619 3455 τὴν
639 3387 1004 3462 ἐφευρηκυῖαν,
1024 3380 1195 3443 πολλὰ
1213 3382 1304 3440 καὶ
1322 3380 1463 3440 δεινὰ
1480 3381 1759 3461 [φάρμακα
1773 3381 1795 3459 ]
1808 3405 1822 3419 ·
1839 3381 2081 3453 Μήδειαν

526 3470 610 3543 δὲ,
652 3469 904 3548 νεωτέραν
943 3468 1040 3545 μὲν
1068 3466 1292 3549 Κίρκης,
1332 3470 1435 3547 οὐχ
1468 3465 1774 3544 ἡττωμένην
1801 3467 1857 3526 δὲ
1896 3470 2078 3539 αὐτῆς.

525 3561 576 3617 Τ
579 3562 711 3615 αῦτα
739 3555 833 3632 μὲν
856 3555 1138 3622 Διονύσιος.

605 3648 857 3701 Hecaten
870 3643 1087 3700 Medeae
1113 3655 1168 3700 et
1188 3645 1376 3701 Circes
1399 3654 1633 3721 matrem
1658 3663 1771 3701 esse
1799 3645 1990 3700 denuo
2014 3663 2084 3701 ex

526 3733 801 3805 Dionysio
836 3733 912 3807 τῷ
941 3729 1192 3807 Μιλησίῳ
1229 3741 1424 3787 narrat
1460 3731 1639 3786 schol.
1671 3730 1895 3801 adul,
1943 3738 2079 3796 242.

528 3818 740 3874 Eadem
767 3819 1004 3891 exponit
1026 3817 1268 3872 Diodor.
1298 3819 1397 3886 IV,
1429 3816 1537 3885 43,
1561 3818 1667 3873 nisi
1696 3812 1855 3890 quod
1878 3820 2088 3873 omittit

527 3904 750 3979 egregia
772 3905 875 3959 ista
901 3904 974 3959 de
992 3905 1201 3959 Hecate
1215 3905 1286 3960 ab
1300 3906 1469 3959 Hecis
1481 3904 1610 3959 loco
1629 3922 1841 3959 nomen
1859 3905 2080 3978 adepta,

529 4003 586 4046 et
608 3991 798 4045 liberis
818 3989 980 4045 addit
999 3992 1340 4063 AE'gialeum,
1364 4008 1534 4063 quem
1553 3991 1726 4064 vulgo
1745 3990 1944 4045 dicunt
1965 3996 2082 4065 Ap-

527 4089 741 4151 syrtum
774 4067 1213 4152 (Metapontium
1239 4079 1600 4149 Dicaeogenes
1626 4096 1719 4150 ap.
1743 4078 1922 4133 schol.
1945 4081 2080 4133 Eur.

530 4157 682 4220 Med.
724 4164 828 4235 167
851 4160 889 4240 ).
921 4165 1063 4220 Cum
1090 4164 1360 4237 Dionysio
1394 4163 1607 4219 faciunt
1633 4166 1832 4221 Cicero
1858 4166 1930 4221 de
1954 4168 2083 4221 Nat.

529 4254 603 4307 D.
630 4248 737 4319 lll,
772 4270 840 4326 19
864 4263 922 4306 et
942 4253 1146 4307 Justin.
1175 4253 1357 4319 XLII,
1386 4250 1442 4306 3.
1461 4251 1723 4307 Ceterum
1744 4251 1818 4307 ef.
1851 4254 1918 4309 Ο.
1937 4254 2085 4308 Mill·

530 4336 633 4392 ler.
658 4338 807 4392 Min.
826 4356 886 4410 p.
919 4335 1057 4392 280.

1280 4473 1336 4530 5.

960 4615 1008 4669 Ε
1046 4612 1266 4669 LIBRO
1305 4613 1658 4671 SECUNDO.

613 4749 773 4804 Idem
804 4752 904 4820 IV,
956 4769 1061 4820 177
1105 4771 1120 4805 ε
1168 4747 1435 4815 Διονύσιος
1461 4751 1489 4805 ὁ
1518 4751 1956 4816 Μιτυληναῖος
1991 4747 2089 4804 ἄν-

536 4831 740 4977 θρωπιιίέ
776 4856 904 4939 φἠσι
926 4837 1234 4913 γεγενῆσθαι
1261 4835 1594 4914 παιδαγωγὸν
1620 4841 1711 4893 τοῦ
1736 4833 1934 4913 Φρίξου
1970 4834 2087 4893 ὀνό-

539 4941 668 4997 ματι
743 4940 866 4998 ριον.

620 5007 780 5062 Idem
814 5009 912 5077 IV,
948 5026 970 5063 ι
990 5027 1061 5081 19
1104 5027 1120 5062 ε
1153 5004 1416 5071 Διονύσιος
1452 5008 1505 5062 ἐν
1539 5009 1646 5071 τοῖς
1684 4982 2092 5083 Ἀργοναυτικδῖς

539 5091 681 5167 λέγει
711 5089 872 5170 Κριὸν
907 5091 1169 5170 γεγονέναι
1193 5090 1375 5172 Φρίξῳ
1411 5090 1763 5168 παιδαγωγόν·
1790 5088 1847 5147 ὃν
1887 5094 2090 5168 πρῶτον

2168 692 2237 754 ὣς
2264 688 2367 769 ἄρα
2394 688 2482 748 ἐπὶ
2519 694 2664 769 κριοῦ
2697 687 2854 767 μέχρι
2893 686 3121 766 Κόλχων
3149 685 3426 757 διασυθείη
3456 690 3485 744 δ
3509 686 3725 765 Φρίξος.

2170 775 2381 832 Eadem
2419 796 2490 834 ex
2512 773 2767 854 Διονυσίῳ
2802 774 2856 831 ἐν
2899 772 3263 853 Ἀργοναύταις
3299 775 3481 830 schol.
3524 775 3603 830 ad
3642 777 3726 843 11,

2176 870 2346 930 1144.
3737 922 3750 935 ,

2248 951 2427 1006 Idem.
2455 953 2514 1020 1,
2547 949 2660 1007 256
2685 970 2698 1006 ε
2728 951 2794 1006 Δ.
2822 948 2875 1005 ἐν
2902 947 2950 1025 β’
2979 937 3140 1027 Κρίὸν
3166 945 3293 1027 φησί
3310 944 3512 1025 Φρίξου
3535 945 3731 1026 τροφέα

2167 1033 2433 1112 γενέσθαι,
2463 1033 2554 1093 καὶ
2589 1030 3042 1110 συμπεπλευκέναι
3077 1035 3220 1111 αὐτῷ
3245 1034 3318 1098 εἰς
3344 1030 3609 1110 Κόλχους.
3638 1032 3734 1091 Διὸ

2172 1120 2264 1178 καὶ
2301 1121 2575 1196 μυθεύεται
2600 1119 2668 1179 τὰ
2695 1119 2928 1199 περὶτῆς
2949 1124 3039 1177 τοῦ
3067 1124 3216 1199 κριοῦ
3244 1116 3424 1184 θυσίας
3451 1118 3652 1177 αὐτόθι.

2244 1210 2388 1265 Vide
2409 1210 2649 1265 Diodor.
2675 1212 2775 1279 lv,
2807 1209 2904 1279 46,
2927 1209 3028 1263 ubi
3055 1220 3114 1263 et
3132 1208 3251 1263 haec
3270 1214 3330 1266 et
3351 1208 3461 1262 alia
3475 1206 3731 1279 ejusdem

2167 1293 2376 1350 farinae.
2405 1294 2492 1350 Cf.
2517 1297 2817 1369 Palaephat.
2844 1292 3126 1350 Incredib.
3157 1314 3208 1349 c.
3239 1294 3335 1349 32.
3361 1296 3548 1366 Quam
3569 1296 3735 1351 aliter

2169 1380 2240 1435 de
2267 1383 2440 1437 ariete
2470 1382 2581 1438 hoc
2619 1393 2813 1437 narrat
2849 1384 3139 1436 Hecataeus
3180 1380 3284 1454 (fr.
3318 1380 3498 1457 337),
3529 1383 3736 1437 Milesii

2166 1467 2418 1540 Dionysii
2446 1469 2688 1541 aequalis.
2711 1469 2852 1524 Cum
2871 1468 3127 1545 Dionysii
3149 1467 3457 1542 paedagago
3480 1469 3733 1524 conferri

2168 1565 2415 1608 meretur
2441 1555 2697 1610 Characis
2723 1552 2824 1628 (fr.
2865 1552 2952 1627 ια)
2981 1554 3125 1608 liber
3156 1572 3586 1628 pergameneus.
3637 1556 3726 1612 Cf.

2168 1638 2451 1694 Welcker.
2480 1643 2567 1696 De
2609 1641 2751 1712 cycl.
2790 1659 2850 1713 p.
2900 1640 2997 1709 83,
3045 1637 3294 1715 Miiller„
3326 1642 3480 1699 Min.
3507 1661 3573 1715 p.
3624 1662 3727 1713 ¹7¹

2166 1742 2277 1796 sq„
2310 1726 2472 1781 Eum.
2498 1746 2558 1800 p.
2594 1725 2703 1800 139
2724 1744 2810 1799 sq.

2187 2012 2194 2017 .
2245 1939 2405 1996 Idem
2425 1944 2523 2012 lv,
2551 1942 2662 1999 223
2685 1960 2701 2001 z
2727 1940 2795 2002 *Ο
2816 1942 2911 2019 μὲν
2930 1940 3270 2009 Ἀπολλώνιος
3301 1941 3572 2023 ἄπρακτον
3599 1948 3737 2004 ἀνα-

2167 2031 2409 2106 χωρῆσαι
2453 2027 2581 2107 φησὶ
2619 2027 2706 2087 τὸν
2737 2029 2942 2100 Αἰήτην
2972 2027 3066 2086 σὺν
3108 2027 3370 2108 ὀχήματι,
3401 2036 3739 2111 ἡνιοχοῦντος

2168 2110 2448 2192 Ἀψύρτου·
2470 2112 2736 2181 Διονύσιος
2759 2114 2811 2173 δὲ
2830 2119 2858 2173 ὁ
2879 2110 3195 2186 Μιλήσιος
3213 2115 3369 2196 φησὶν
3390 2116 3472 2175 ὅτι
3492 2122 3738 2178 καταλα·

2168 2198 2274 2256 ὅὼν
2295 2198 2387 2269 τὴν
2406 2203 2530 2256 ναῦν
2553 2203 2581 2256 ὁ
2604 2199 2807 2272 Αἰήτης
2821 2247 2837 2279 ,
2854 2201 3308 2282 παραταξαμένων
3329 2207 3433 2262 τῶν
3454 2206 3736 2284 ἀριστέων,

2167 2275 2309 2364 Ἶφιν
2339 2287 2537 2343 ἀνεῖλεν
2565 2287 2841 2365 [Σθενέλου
2861 2288 3015 2368 υίὸν],
3044 2288 3351 2369 Εὐρυσθέως
3376 2293 3623 2373 α’δελφὸν,
3643 2295 3736 2352 καὶ

2168 2363 2320 2430 αὐτὸς
2347 2363 2566 2432 πολλοὺς
2595 2365 2848 2425 ἀπέόαλε.

2246 2451 2408 2508 Idem
2435 2452 2534 2528 IV,
2565 2454 2678 2509 228
2707 2475 2722 2510 :
2759 2451 3024 2521 Διονύσιος
3050 2452 3105 2512 δὲ
3147 2457 3175 2511 ὁ
3203 2452 3533 2525 Μιλήσιος
3575 2460 3739 2535 φησὶν

2167 2534 2248 2594 ὅτι
2286 2537 2485 2609 Αἰήτης
2520 2538 2722 2607 ἐδίωξεν
2752 2539 2954 2608 αὐτούς·
2994 2543 3043 2599 ot
3071 2541 3132 2599 δὲ·
3164 2544 3390 2623 ἀριστεῖς
3417 2544 3742 2617 ἠγωνίζοντο

2170 2622 2543 2697 ἀκοντίζοντες,
2574 2629 2619 2684 ot
2643 2625 2696 2685 δὲ
2717 2627 2837 2706 περὶ
2863 2628 2950 2686 τὸν
2969 2627 3171 2699 Αἰήτην
3195 2629 3438 2689 ἵππευον.
3455 2628 3630 2689 Ἔνθα
3647 2632 3742 2690 καὶ

2167 2702 2309 2791 Ἶφιν
2331 2712 2667 2785 τελευτῆσαι,
2687 2714 2775 2772 τὸν
2799 2716 3050 2774 Σθενέλου
3071 2714 3165 2791 μὲν
3190 2716 3320 2787 υἱὸν,
3346 2717 3666 2795 Εὐρυσθέως
3686 2718 3742 2776 δὲ

2170 2797 2407 2879 ἀδελφόν·
2435 2799 2801 2859 καταὸαλόντα
2834 2803 2933 2880 γὰρ
2964 2799 3055 2861 δύο
3093 2805 3195 2860 τῶν
3224 2802 3346 2882 περὶ
3387 2803 3599 2875 Αἰήτην
3643 2808 3744 2872 ἱπ-

2167 2882 2327 2953 πέων,
2361 2886 2819 2964 περικατάληπτον
2844 2886 3081 2964 γενέσθαι
3109 2887 3209 2946 ὑπὸ
3246 2894 3338 2947 τοῦ
3370 2888 3605 2966 Αἰήτου,
3644 2914 3743 2949 πε-

2173 2970 2438 3051 ριστάντος
2454 2971 2608 3029 αὐτὸν
2631 2975 2825 3053 βρόχῳ.
2842 2972 2934 3033 Ἔν
2952 2972 3006 3032 δὲ
3021 2978 3126 3041 τοῖς
3136 2973 3252 3047 ἑξῆς
3265 2974 3421 3057 φησὶν
3437 2980 3509 3043 ὣς
3526 2979 3577 3035 οἱ
3598 2978 3746 3037 Κόλ-

2167 3072 2255 3137 χοι
2278 3059 2349 3123 εἰς
2376 3057 2541 3136 φυγὴν
2570 3058 2891 3137 ἐτράπησαν.

2249 3148 2442 3202 Aciem
2476 3147 2742 3203 describit
2774 3149 3017 3204 Diodor.
3047 3149 3145 3218 lv,
3190 3149 3293 3221 48,
3323 3152 3425 3207 ubi
3455 3153 3591 3208 libri
3628 3172 3748 3228 pro

2169 3234 2298 3307 Iphi
2323 3251 2623 3308 perperam
2645 3235 2912 3315 exhibent
2936 3238 3208 3311 Iphitum.

2915 3364 2970 3436 7⁶.

2248 3492 2408 3548 Idem
2439 3491 2535 3560 IV,
2580 3491 2728 3547 1153
2761 3512 2788 3569 Ιε
2821 3489 3014 3551 ’Ῑστέον
3041 3490 3121 3549 ὅτι
3145 3490 3378 3566 Τιμαίου
3408 3496 3513 3570 (fr.
3557 3497 3626 3573 8)
3647 3494 3750 3553 λε’-

2174 3598 2348 3653 γοντος
2368 3578 2422 3634 ἐν
2461 3576 2706 3657 Κερκύρᾳ
2742 3572 2861 3642 τοὺς
2892 3578 3094 3655 γάμους
3135 3582 3380 3655 (Iasonis
3400 3595 3460 3638 et
3484 3586 3748 3663 Medeae)

2175 3666 2427 3741 ἀχθῆναι,
2455 3661 2719 3730 Διονύσιος
2744 3669 2772 3722 ὁ
2795 3662 3112 3735 Μιλήσιος
3139 3667 3194 3722 ἐν
3231 3665 3458 3746 δευτέρῳ
3485 3671 3594 3725 τῶν
3625 3670 3751 3751 Ἀρ-

2177 3752 2509 3826 γοναυτικῶν,
2532 3751 2586 3808 ἐν
2614 3750 2878 3830 Βυζαντίῳ
2906 3749 3081 3830 φησίν.
3697 3782 3712 3795 ι

2251 3836 2538 3893 Diodorus
2557 3840 2655 3907 IV,
2687 3850 2780 3913 49,
2805 3839 3054 3895 reditum
3082 3843 3301 3915 Argon.
3323 3845 3525 3914 paucis
3546 3846 3754 3902 absol-

2174 3944 2309 3980 vens
2343 3927 2567 3999 nuptias
2599 3945 2719 3980 non
2754 3939 3191 3996 commemorat,
3227 3932 3511 4002 appulisse
3555 3944 3758 3991 tamen

2175 4014 2525 4085 Argonautas
2543 4011 2683 4066 dicit
2700 4014 3054 4085 Byzantium,
3082 4012 3492 4091 βασιλεύσαντος
3513 4016 3637 4076 τότε
3655 4023 3758 4093 τῆς

2175 4095 2351 4174 χώρας
2379 4094 2653 4164 Βύζαντος.
3231 4102 3234 4105 “

2255 4311 2414 4378 Idem
2436 4323 2491 4391 1,
2525 4340 2547 4376 1
2564 4340 2587 4377 1
2604 4322 2671 4377 16
2695 4342 2711 4378 ι
2734 4321 2922 4380 Πεδίον
2942 4322 3185 4393 Νηπείας
3205 4325 3318 4384 ἐστὶ
3340 4311 3465 4408 περὶ
3497 4329 3757 4400 Κύζικον·

2177 4404 2273 4476 τὴν
2300 4404 2355 4463 δὲ
2384 4404 2629 4473 Νήπειαν
2660 4405 2992 4474 Διονύσιος
3019 4411 3049 4465 ὃ
3077 4410 3405 4481 Μιλήσιος
3444 4416 3629 4475 πεδίον
3658 4424 3762 4489 τῆς

2179 4490 2386 4576 Μυσίας
2420 4498 2574 4570 φησὶν
2600 4482 2751 4549 εἶναι·
2780 4498 2807 4550 6
2829 4493 2929 4572 γὰρ
2955 4495 3197 4571 βασιλεὺς
3223 4502 3330 4557 τῶν
3355 4503 3562 4561 Μυσῶν
3587 4509 3759 4582 θυγα·

2178 4575 2303 4653 τέρα
2323 4576 2494 4636 Ἰάσου
2523 4575 2711 4653 ἔγημεν
2731 4575 3007 4654 Ὄλυμπος
3036 4581 3283 4652 Νήπειαν
3313 4584 3505 4664 ὄνομα·
3529 4591 3624 4648 καὶ
3652 4616 3761 4651 κα-

2179 4660 2412 4743 τῴκησεν
2451 4664 2504 4718 ἓν
2534 4665 2610 4740 τῷ
2631 4663 2795 4744 πεδίῳ
2819 4664 3014 4743 τούτῳ,
3039 4664 3068 4723 ὃ
3091 4672 3180 4724 νῦν
3212 4669 3360 4747 [ἀπὸ
3382 4672 3623 4755 ταύτης]
3652 4701 3766 4737 κα-

2179 4752 2346 4808 λεῖται
2371 4747 2603 4817 Νηπείας
2618 4749 2814 4808 πεδίον.
3275 4819 3282 4823 ,

2258 4839 2326 4892 V.
2348 4839 2678 4909 interpretes
2710 4839 2783 4893 ad
2803 4841 2974 4894 Hom.
3009 4842 3079 4895 11.
3101 4845 3181 4912 II,
3218 4843 3360 4915 8283
3386 4850 3762 4924 Marquardt.

2184 4924 2410 4993 Cszcus
2418 4943 2470 4978 ιι.
2478 4928 2597 4978 sein
2610 4924 2871 4998 Gebietp.
2898 4945 2971 4981 2ο
2986 4946 3071 4999 sq.
3091 4931 3316 4986 Locum
3325 4952 3397 4989 ex
3415 4938 3766 5011 Argonauti-

2181 5011 2258 5063 cis
2277 5011 2513 5081 petitum
2535 5028 2647 5065 esse
2668 5030 2786 5067 non
2808 5029 3089 5082 assevero;
3117 5017 3465 5090 Dionysium
3482 5042 3626 5080 vero
3650 5027 3767 5081 hu-

2174 5094 2264 5164 jus
2291 5094 2400 5149 loci
2430 5096 2670 5151 eundem
2689 5098 2872 5155 habeo
2892 5118 3133 5171 cumeo,
3155 5121 3330 5176 quem
3352 5110 3596 5183 reliquis
3619 5114 3774 5168 locis
3891 5104 3892 5119 ¹

543 5175 846 5252 αἰσθόμενον
870 5177 963 5247 τὴν
991 5180 1050 5236 ἐκ
1076 5182 1168 5248 τῆς
1195 5187 1449 5257 μητρυιᾶς
1483 5175 1785 5252 ἕπιὸουλὴν,
1815 5175 2091 5234 ὑποθέσθαι
2180 5180 2470 5235 scholiasta
2500 5180 2708 5236 laudat.
