3900 6042
624 464 734 512 230

618 600 728 656 pro
755 585 841 638 his
868 585 1053 656 posuit
1076 580 1193 646 Βίος
1220 578 1489 651 Ἑλλάδος,
1519 586 1765 639 Manius
1795 585 2001 641 deiude
2030 587 2161 640 reli·

621 672 829 742 quique
866 673 941 724 ita
977 670 1375 737 distinxerunt,
1427 681 1490 723 ut
1532 672 1779 726 metricis
1816 671 2171 747 praefigerent

622 759 845 811 titulum
886 777 898 811 :
929 752 1224 833 Ἀναγραφὴ
1260 758 1353 824 τῆς
1386 752 1657 827 Ἑλλάδος,
1689 758 1996 832 fragmenta
2030 777 2166 814 vero

620 846 869 916 prosaica
888 844 1282 899 inscriberent:
1305 839 1421 905 Βίος
1437 839 1700 905 Ἑλλάδος.
1719 874 1791 885 —-
1810 842 1969 900 Patet
1982 846 2168 917 itaque

620 932 926 986 Dicaearchi
962 932 1137 985 nostri
1183 927 1304 986 Βίον
1342 926 1595 993 Ἑλλάδος
1630 933 1848 985 nonnisi
1881 933 2168 1004 opinioni-

620 1023 722 1075 bus
742 1021 1071 1092 quibusdam
1090 1022 1341 1074 virorum
1357 1020 1657 1075 doctorum
1670 1020 1744 1076 ad
1753 1020 2058 1094 fragmenta
2077 1022 2165 1075 illa

622 1109 944 1161 translatum
971 1125 1103 1164 esse.
1140 1109 1208 1161 In
1236 1107 1432 1161 codice
1460 1108 1597 1185 nihil
1623 1110 1727 1161 nisi
1751 1109 2010 1162 caminis
2037 1110 2170 1162 titu—

622 1196 733 1262 lus,
752 1191 1075 1270 Δικαιάρχου
1100 1190 1372 1269 ἀναγραφὴ
1404 1194 1493 1260 τῆς
1520 1189 1773 1257 Ἑλλάδος
1789 1234 1805 1261 ,
1832 1205 1999 1267 atque
2022 1196 2167 1250 istud

622 1278 965 1356 ἀναγραφὴ
999 1301 1051 1336 τ.
1085 1276 1170 1335 Ἑ.
1200 1281 1413 1351 optime
1441 1279 1593 1334 cadit
1638 1281 1697 1333 in
1733 1282 2016 1335 trimetros
2042 1280 2168 1335 illos

623 1378 843 1419 tenuem
867 1368 1159 1419 nominum
1184 1367 1659 1421 enumerationem
1683 1367 2028 1434 exhibentes,
2050 1386 2169 1423 non

623 1454 749 1505 item
773 1453 832 1505 in
858 1453 1109 1523 prosaica
1125 1452 1450 1526 fragmenta.
1478 1455 1658 1508 Nemo
1686 1470 1821 1507 vero
1840 1464 2190 1525 propterea„

620 1538 777 1610 quod
805 1540 1046 1592 metricis
1071 1541 1324 1610 prosaica
1343 1540 1560 1614 generis
1580 1539 1929 1594 diversissimi
1960 1541 2167 1594 intexta

619 1635 775 1692 sunt,
825 1636 1064 1697 utraque
1108 1625 1359 1696 ejusdem
1407 1644 1520 1681 esse
1567 1627 1812 1681 auctoris
1866 1626 2165 1698 putaverit.

618 1711 787 1781 Quod
848 1730 919 1764 ne
961 1711 1199 1765 scribam
1261 1710 1489 1785 quidem
1536 1712 1782 1767 statuisse
1825 1711 2168 1766 contendere

620 1799 779 1851 liceat
817 1818 830 1851 :
861 1816 987 1852 nain
1014 1797 1135 1852 fleri
1159 1800 1426 1871 potuitut
1448 1799 1638 1853 titulus
1658 1798 1960 1866 exciderit,
1991 1800 2167 1852 inter-

619 1886 933 1938 calarentur
948 1903 1083 1939 vero
1099 1886 1217 1939 haec
1234 1887 1508 1957 prosaica,
1532 1904 1600 1941 ex
1623 1887 1810 1939 nescio
1835 1885 2166 1958 quibusnam

619 1971 823 2044 eclogis
854 1982 1105 2043 arrepta,
1145 1972 1231 2026 vel
1260 1973 1453 2026 scribae
1489 1973 1821 2046 negligentia
1853 1982 1908 2027 et
1934 1991 2128 2027 errore
2147 2012 2163 2038 ,

619 2057 706 2110 vel
748 2059 911 2111 etiam
940 2059 1173 2111 consilio
1192 2097 1207 2123 ,
1235 2068 1298 2111 ut
1333 2060 1541 2112 scilicet
1571 2075 1695 2130 quae
1729 2058 1801 2113 ad
1833 2059 2050 2113 easdem
2075 2077 2164 2113 re·

617 2144 809 2214 giones
832 2146 1178 2216 pertinerent
1205 2146 1405 2199 eodem
1433 2145 1560 2198 loco
1590 2144 2004 2200 exhiberentur.

697 2232 820 2284 Jam
861 2248 998 2284 vero
1032 2230 1250 2285 dudum
1289 2232 1577 2285 constabat
1614 2231 2029 2299 Dicaearchum,
2074 2235 2164 2287 cui

618 2319 719 2371 ista
757 2314 1007 2378 Ἑλλάδος
1054 2315 1327 2395 ἀναγραφὴ
1358 2318 1671 2385 ascribitur,
1694 2336 1812 2371 non
1846 2336 2009 2390 posse
2046 2322 2165 2374 No—

617 2415 793 2458 strum
820 2423 933 2459 esse
953 2406 1387 2473 Aristotelicum,
1409 2423 1473 2459 ac
1511 2422 1694 2477 nuper
1719 2404 1962 2478 denique
1991 2407 2166 2461 Lehr·

614 2493 725 2545 sius
778 2492 1181 2546 demonstravit
1229 2502 1517 2546 auctorem
1569 2491 1687 2562 ejus
1734 2509 1851 2547 esse
1894 2489 2160 2548 Διονύσιον

618 2578 1015 2655 Καλλιφῶντος,
1064 2578 1222 2651 quod
1249 2597 1455 2633 nomen
1479 2580 1674 2652 prima
1708 2580 1880 2633 literae
1903 2581 2162 2651 priorum

612 2683 870 2721 versuum
894 2667 965 2720 23
981 2705 999 2734 ,
1027 2667 1232 2738 quibus
1248 2666 1499 2739 proesatio
1523 2668 1862 2734 continetur,
1886 2666 2158 2723 indicant.

613 2751 919 2822 Quomodo
945 2753 1117 2826 igitur
1146 2750 1211 2806 fit
1236 2763 1299 2806 ut
1318 2770 1429 2825 pro
1452 2753 1724 2825 Dionysio
1764 2753 2032 2808 asseratur
2057 2756 2158 2808 Di-

613 2840 922 2893 cacan-chus?
950 2841 1126 2894 Variis
1145 2838 1332 2893 modis
1352 2840 1650 2894 efformare
1667 2858 1783 2894 rem
1812 2840 1958 2893 licet.
1983 2841 2159 2895 Statui

615 2935 795 2997 potest
832 2926 1062 2979 metrica
1089 2942 1202 2979 esse
1245 2926 1532 2998 Dionysii,
1581 2928 1835 2997 prosaica
1888 2944 2023 2980 vero
2066 2929 2157 2981 Di·

612 3011 872 3077 caearchi;
916 3010 1153 3065 scribam
1182 3021 1366 3064 autem
1404 3011 1620 3065 diversa
1644 3011 1763 3065 haec
1792 3013 1855 3064 in
1883 3013 2048 3066 titulo
2081 3013 2159 3068 ita

612 3098 1015 3168 ‹·onglutinasse
1063 3107 1129 3150 ut
1166 3097 1475 3151 Dicaearchi
1509 3114 1719 3152 nomen
1744 3097 2007 3171 jungeret
2049 3117 2159 3154 uo-

614 3182 751 3233 mini
788 3183 1003 3253 operis,
1053 3182 1212 3254 quod
1264 3193 1384 3237 erat
1429 3183 1701 3254 Dionysii.
1746 3184 1901 3238 Alius
1935 3186 2158 3256 putabit

610 3284 817 3322 nomen
841 3269 1097 3340 Dionysii
1122 3269 1181 3322 in
1220 3268 1375 3333 fonte
1405 3266 1616 3322 codicis
1637 3271 1814 3323 nostri
1838 3272 1983 3325 male
2017 3288 2155 3328 exa-

609 3364 791 3406 ratum
837 3354 923 3408 vel
966 3366 1297 3427 corruptum
1322 3355 1518 3422 suisse3
1549 3356 1787 3410 scribam
1813 3375 1950 3411 vero
1979 3375 2154 3429 quum

608 3439 1050 3511 Theophrastum
1084 3442 1244 3496 initio
1283 3442 1543 3495 carminis
1575 3445 1877 3497 memorari
1908 3443 2151 3514 videret,

610 3545 714 3580 nec
734 3525 804 3580 de
832 3527 943 3581 alio
971 3538 1138 3599 atque
1167 3529 1456 3582 notissimo
1479 3529 1832 3585 Aristotelico
1851 3531 2151 3604 cogitaret,

608 3615 753 3666 inter
766 3615 1147 3669 Aristotelicos
1160 3625 1345 3670 autem
1361 3615 1637 3669 celebrem
1647 3617 2033 3690 geographum
2051 3618 2153 3672 Di-

608 3699 913 3753 caearchum
944 3702 1185 3756 novisset
1202 3743 1218 3770 ,
1248 3702 1520 3774 Dionysio
1543 3703 1882 3759 substituisse
1906 3705 2154 3759 Dicaear-

610 3783 798 3837 chum.
826 3786 1008 3839 Porro
1031 3784 1154 3841 fieri
1175 3788 1365 3860 potuit
1397 3799 1463 3841 ut
1488 3789 1605 3860 ipse
1642 3790 1971 3862 Dionysius,
1992 3802 2153 3862 post-

607 3887 777 3942 quam
799 3870 1036 3927 artifieio
1058 3891 1271 3928 nomen
1288 3892 1449 3929 suum
1470 3875 1786 3948 praefationi
1809 3877 2148 3945 intexuisset,

602 3958 665 4010 in
684 3959 848 4013 titulo
873 3960 1179 4015 Dicaearchi
1205 3979 1413 4015 nomen
1434 3964 1784 4029 mentiretur,
1806 3964 1866 4016 in
1889 3963 2156 4018 eundem·

603 4063 713 4116 que
739 4044 909 4101 finem
937 4049 1101 4102 etiam
1129 4050 1574 4123 Theophrastum
1602 4051 2015 4105 Aristotelicum
2046 4051 2150 4106 sibi

604 4135 843 4187 amicum
859 4132 1179 4207 affingeret.
1206 4137 1571 4209 (Quamquam
1590 4155 1727 4191 num
1749 4142 1944 4192 revera
1966 4138 2150 4192 Theo·

598 4221 857 4291 phi-astus
890 4222 1196 4276 Dicaearchi
1236 4224 1451 4277 amicus
1480 4223 1675 4291 fuerit,
1706 4232 1947 4295 propter
1983 4240 2151 4295 supra

597 4307 761 4361 allata
788 4308 915 4361 licet
934 4306 1246 4384 dubitare.)

678 4396 881 4447 Verum
908 4396 1200 4449 enimvero
1220 4395 1619 4468 quodcumque
1641 4396 1848 4449 horum
1874 4395 2147 4449 verisimi-

600 4481 704 4533 lius
730 4480 983 4548 duxeris,
1014 4482 1076 4535 in
1092 4500 1272 4536 meras
1302 4482 1652 4553 conjecturas
1673 4499 1829 4553 aeque
1845 4483 2033 4536 omnia
2056 4499 2151 4536 re-

600 4577 748 4619 trusa
774 4578 919 4621 sunt.
944 4569 1058 4621 Nec
1084 4568 1262 4622 ullum
1284 4571 1411 4623 satis
1433 4579 1647 4623 certum
1675 4569 1737 4621 in
1763 4567 1959 4622 codice
1979 4577 2151 4622 exstat

600 4651 897 4721 indicium,
932 4671 1047 4725 quo
1072 4652 1201 4709 fisus
1227 4656 1532 4729 fragmenta
1556 4655 1810 4727 prosaica
1840 4654 2150 4709 Dicaearchi

597 4758 730 4808 esse,
757 4742 936 4794 multo
966 4743 1149 4796 minus
1173 4744 1338 4796 etiam
1374 4759 1441 4797 ea
1467 4759 1498 4796 e
1532 4743 1657 4797 Vita
1677 4740 1903 4795 Graeciae
1929 4738 2149 4796 fluxisse

597 4826 939 4883 contendere
957 4830 1148 4899 possis.
1173 4828 1284 4883 Sed
1307 4830 1607 4902 largiamur
1637 4838 1789 4883 recte
1806 4826 1879 4882 ad
1904 4827 2152 4881 Dicoear-

598 4916 763 4967 chum
787 4914 1003 4968 referri.
1031 4916 1179 4968 Num
1205 4927 1334 4987 apte
1353 4926 1472 4969 tum
1494 4912 1604 4990 Βίῳ
1626 4910 1877 4976 Ἑλλάδος
1888 4913 2148 4968 vindica-

593 5001 823 5054 rentur?
837 5003 920 5055 De
941 5020 1055 5073 quo
1075 5013 1373 5074 antequam
1381 5002 1714 5072 judicemus,
1736 5019 1945 5055 novum
1965 5002 2150 5074 hospi·

599 5096 707 5138 tem
760 5086 1198 5144 introducamus.
1242 5087 1514 5141 Videlicet
1556 5087 1779 5142 duobus
1828 5086 2153 5159 fragmentis

596 5171 805 5225 codicis
832 5175 964 5226 olim
993 5174 1259 5228 Pithoeani
1285 5173 1442 5245 jungi
1477 5175 1614 5227 solet
1641 5175 1867 5228 tertium
1892 5174 1963 5228 de
1993 5175 2145 5228 Pelio

1955 454 2464 514 DlCAEARCHUS

2253 597 2473 655 monte,
2503 585 2660 658 quod
2690 585 2975 641 Fabricius
3000 584 3183 640 edidit
3212 602 3243 638 e
3283 582 3469 639 codice
3495 584 3721 655 (indiam,

2254 673 2500 745 itemque
2523 671 2750 726 exhibet
2773 670 2953 751 codex
2973 672 3255 726 Parisinus
3271 672 3362 727 ΝΟ.
3379 671 3721 741 571‚501.430,

2253 758 2354 811 ubi
2375 758 2578 831 legitur
2600 769 2728 831 post
2752 757 3033 812 Stathmos
3061 756 3299 826 Isidori,
3323 759 3416 831 qui
3436 759 3581 813 etiam
3598 760 3722 814 inl’i-

2255 847 2479 900 thoeano
2492 845 2639 900 libro
2654 845 2883 916 reliquis
2893 843 3117 898 duobus
3126 843 3440 917 fragmentis
3451 847 3725 918 praemittun-

2255 941 2362 985 tur.
2379 932 2565 986 'ritulo
2583 930 2812 1004 quidem
2830 941 2981 984 caret
2994 929 3366 1003 fragmentum
3380 972 3395 998 ,
3413 930 3616 985 dubium
3629 948 3726 985 vero

2255 1037 2372 1073 non
2391 1029 2469 1073 est
2491 1020 2631 1090 quin
2650 1017 2831 1073 eidem
2846 1018 3063 1071 auctori
3080 1016 3389 1090 eidemque·
3401 1020 3570 1090 operi,
3586 1020 3656 1072 cui
3669 1036 3724 1072 re·

2255 1106 2406 1177 liqua
2430 1105 2545 1159 duo
2561 1146 2576 1173 ,
2606 1106 2676 1159 sit
2699 1103 3145 1159 attribuendum.
3182 1105 3397 1159 Etenim
3425 1116 3539 1177 post
3556 1105 3723 1159 absolu·

2255 1202 2364 1245 tam
2390 1193 2526 1247 Pelii
2541 1193 2747 1246 montis
2764 1190 3204 1264 descriptionem
3222 1193 3455 1265 scriptor
3470 1194 3538 1247 ait
3555 1211 3567 1246 ε
3582 1189 3642 1249 Τὸ
3659 1189 3725 1265 μὲν

2254 1266 2342 1333 οὗν
2360 1276 2559 1346 Πήλιον
2591 1275 2682 1334 καὶ
2705 1275 3049 1354 Δημητριάδα
3089 1274 3421 1352 συμὸέὸηκιν
3452 1274 3655 1343 τοιαύτην
3675 1267 3728 1333 ιῖ-

2254 1387 2358 1421 ναι.
2391 1368 2536 1421 Hinc
2566 1368 2741 1441 igitur
2763 1365 3025 1420 discimus
3046 1365 3107 1419 in
3130 1365 3564 1421 antecedentibus
3585 1368 3728 1430 Dune-

2255 1453 2491 1508 triadem
2515 1454 2715 1508 urbem
2746 1453 2903 1526 (quae
2930 1454 3098 1506 etiam
3126 1453 3291 1505 initio
3320 1451 3585 1525 fragmenti
3602 1470 3726 1506 com-

2253 1540 2636 1616 memoratur)
2686 1539 3021 1612 descriptam
3070 1557 3221 1607 esse,
3267 1556 3370 1593 nec
3406 1539 3473 1593 de
3510 1539 3727 1593 montibus

2251 1624 2434 1679 solum
2469 1627 2527 1679 in
2567 1627 2787 1699 integro
2816 1642 2987 1698 opere
3021 1642 3342 1680 sermonem
3377 1626 3540 1680 fuisse.
3565 1624 3727 1679 Deinde

2252 1709 2544 1781 subjicitur
2564 1712 2701 1766 alius
2723 1711 3016 1785 fragmenti
3041 1713 3268 1766 initium
3297 1712 3463 1766 hocce
3487 1731 3500 1765 :
3525 1705 3723 1775 Ὀτιδὲὴ

2254 1793 2448 1861 Ἑλλὰς
2470 1796 2574 1852 ἀπὸ
2609 1796 3006 1865 Πελοποννήσου
3037 1795 3137 1865 τὴν
3161 1794 3330 1873 ἀρχὴν
3362 1794 3591 1869 λαμὸάνει
3612 1792 3726 1869 μέχρι

2253 1887 2341 1939 τοῦ
2363 1880 2661 1959 Μαγνήτων
2676 1882 2929 1961 ἀφορίζων
2950 1881 3198 1958 στάμπου
3217 1884 3325 1938 ⁴⁸⁴⁸.
3349 1884 3414 1938 Id
3425 1902 3546 1938 vero
3561 1884 3726 1936 initium

2253 1982 2333 2024 est
2352 1971 2646 2044 fragmenti
2657 1971 2888 2026 secundi
2903 1971 3120 2027 codicis
3132 1972 3399 2026 Pithoeani
3411 2015 3426 2039 ,
3437 1970 3525 2025 ubi
3540 1971 3604 2024 sic
3621 1964 3724 2033 :Tb

2254 2054 2349 2129 μὲν
2375 2047 2462 2112 οὖν
2481 2053 2736 2121 Ἑλλάδος
2755 2056 2861 2113 ἀπὸ
2891 2054 3293 2126 Πελοποννήσου
3315 2056 3410 2125 τὴν
3431 2052 3577 2131 ἀρχὴν
3596 2050 3725 2109 lubin

2253 2143 2410 2220 μέχρι
2445 2146 2535 2200 τοῦ
2580 2141 2886 2219 Μαγνήτων
2927 2145 3187 2223 ἀφορίζων
3212 2142 3450 2219 στάμπου
3479 2142 3582 2199 κτλ.
3613 2144 3725 2196 Patet

2250 2229 2382 2283 hinc
2422 2230 2731 2307 fragmenta
2753 2242 2942 2286 nostra
2964 2233 3070 2286 tria
3099 2250 3171 2287 ex
3196 2231 3387 2286 iisdem
3407 2228 3598 2284 fluxisse
3610 2228 3726 2282 eclo-

2251 2317 2358 2388 gis3
2391 2316 2529 2371 illud
2558 2317 2631 2372 de
2659 2317 2813 2372 Pelio
2830 2328 3025 2373 monte
3043 2318 3302 2373 medium
3324 2318 3464 2372 inter
3478 2316 3622 2370 altem
3638 2312 3722 2366 duo

2251 2403 2438 2457 locum
2485 2422 2782 2477 occupasse
2804 2445 2819 2472 ,
2847 2404 3097 2478 ideoque
3134 2423 3206 2461 ex
3229 2404 3421 2461 eodem
3448 2420 3595 2475 opere
3621 2399 3725 2472 peti·

2251 2499 2371 2544 tum
2396 2509 2530 2545 eoee.
2561 2493 2695 2563 Quae
2726 2492 2955 2564 quidem
2982 2490 3290 2547 adornatio
3312 2493 3466 2547 etiam
3501 2491 3551 2542 in
3576 2487 3724 2542 seriem

2248 2578 2678 2652 geographicam
2698 2579 2910 2650 optime
2923 2576 3105 2646 cadit;
3128 2597 3260 2634 nam
3275 2579 3503 2650 primum
3515 2574 3724 2645 fragmen-

2251 2672 2371 2716 tum
2408 2662 2491 2718 est
2531 2662 2602 2719 de
2631 2668 2849 2733 Attica,
2900 2666 3153 2733 Boeotia,
3179 2664 3416 2731 Euboea;
3445 2662 3641 2716 alterum
3672 2655 3723 2709 de

2247 2748 2531 2804 Thessaliae
2564 2750 2924 2805 Demetriade
2955 2751 3103 2805 urbe
3145 2761 3204 2805 et
3227 2750 3378 2805 Pelio
3410 2756 3605 2811 monte;
3631 2754 3721 2795 ter-

2246 2836 2355 2901 tio,
2387 2836 2545 2908 quod
2592 2854 2663 2891 ex
2695 2835 2808 2891 fine
2854 2839 3042 2910 operis
3073 2840 3316 2911 petitum
3334 2848 3440 2903 est,
3465 2848 3620 2887 causas
3646 2844 3722 2882 au·-

2245 2932 2370 2977 ctor
2416 2926 2651 2996 exponit
2696 2942 2799 2979 cur
2846 2925 3181 2979 Thessaliam
3230 2926 3289 2978 in
3328 2921 3531 2978 Graeciae
3567 2914 3721 2971 detmi-

2242 3011 2437 3080 ptione
2467 3010 2975 3083 comprehenderit.

2322 3098 2446 3151 Jam
2476 3096 2638 3169 quod
2683 3097 2934 3152 indolem
2959 3097 3175 3155 horum
3203 3084 3717 3170 fragmentorum(58·

2247 3179 2342 3255 59.
2366 3182 2484 3252 60)
2516 3184 2744 3251 attinet,
2790 3182 2852 3238 id
2893 3182 3054 3256 quod
3088 3183 3166 3239 de
3199 3183 3424 3239 Athenis
3466 3190 3516 3235 et
3545 3174 3720 3232 Boeotiae

2241 3268 2486 3323 urbibus
2534 3279 2614 3323 est
2664 3268 2680 3346 (
2728 3269 2800 3324 fr.
2841 3268 2915 3324 58
2944 3269 3000 3343 )‚
3055 3270 3251 3324 locum
3298 3268 3531 3323 babuisse
3558 3265 3608 3317 in
3640 3254 3720 3333 Βίῳ

2244 3351 2497 3417 Ἑλλάδος
2539 3365 2844 3428 propterea
2880 3357 3132 3430 potuisse
3156 3355 3425 3422 videatur,
3455 3348 3590 3424 quod
3612 3344 3720 3400 mul·

2243 3452 2360 3496 tum
2386 3452 2585 3497 auctor
2609 3441 2683 3496 ad
2709 3459 2896 3496 mores
2914 3451 2969 3495 et
2999 3441 3379 3498 characterem
3404 3437 3629 3508 cujusque
3645 3447 3716 3484 ur·

2241 3527 2326 3582 bis
2352 3527 2665 3581 incolarum
2691 3527 2944 3583 attendit.
2971 3527 3148 3597 Quod
3175 3545 3313 3583 vero
3344 3526 3615 3597 fragmento
3629 3526 3718 3570 ter-

2243 3616 2322 3669 tio
2340 3614 2530 3668 multis
2565 3614 2838 3669 docemur
2861 3613 3126 3669 Hellenes
3157 3633 3189 3669 e
3216 3612 3474 3669 Thessalia
3509 3601 3720 3662 oriundos

2241 3719 2355 3756 ense
2377 3711 2434 3756 et
2455 3700 2748 3756 Helladem
2767 3701 3053 3774 principio
3075 3700 3219 3755 nihil
3242 3700 3344 3754 nisi
3375 3696 3553 3751 urbem
3585 3690 3716 3744 Th&-

2239 3788 2384 3843 saliae
2411 3788 2590 3855 fuisse,
2618 3786 2679 3841 id
2696 3789 2742 3842 si
2764 3796 2964 3842 auctor
2989 3788 3051 3840 in
3070 3788 3304 3860 epilogo
3330 3784 3534 3838 demum
3561 3774 3621 3830 ad
3634 3773 3714 3826 sin·

2239 3875 2494 3948 galerum
2516 3874 2745 3929 urbium
2763 3873 3220 3946 descriptionem,
3249 3889 3362 3925 non
3382 3884 3506 3923 vero
3519 3859 3715 3933 inprimi

2241 3959 2364 4018 Βίου
2388 3972 2548 4035 parte
2571 3962 2837 4017 historica
2852 3962 3222 4035 exposuisset,
3245 3974 3438 4014 vereor
3455 3970 3519 4008 ne
3532 3948 3715 4023 perine·

2237 4059 2367 4121 ptus
2408 4048 2583 4103 homo
2635 4065 2750 4102 esse
2788 4058 3136 4102 censeretur-
3186 4048 3321 4102 Haec
3363 4043 3517 4115 igitur
3554 4033 3714 4103 Vfflssffi

2239 4135 2491 4207 opinioni
2512 4134 2792 4189 contraria
2805 4144 2951 4187 sunt.
2968 4134 3154 4188 Multo
3179 4132 3348 4205 magis
3359 4121 3569 4182 offendit
3578 4113 3715 4186 ampla

2239 4220 2335 4275 illa
2360 4219 2662 4293 descriptio
2695 4221 2835 4275 Pelii
2873 4221 3108 4288 montis,
3138 4221 3444 4293 plantarum
3472 4212 3524 4263 in
3554 4224 3607 4260 ea
3635 4199 3713 4295 ob·-

2238 4308 2454 4363 viarum
2472 4348 2487 4375 ,
2539 4325 2843 4379 earumque
2897 4308 3330 4381 proprietatum.
3376 4301 3551 4368 Neque
3596 4291 3715 4343 latmi

2238 4395 2510 4450 Fuhrium
2552 4403 2609 4449 et
2637 4396 2952 4463 omnum,
2979 4393 3186 4467 quodsi
3223 4390 3383 4448 simili
3417 4370 3714 4471 &cmmode

2238 4482 2454 4553 reliqua
2496 4482 2706 4537 Graecia
2746 4481 3098 4537 Dicaearchus
3144 4479 3346 4553 egerit,
3386 4469 3496 4527 fieri
3533 4470 3712 4562 ommw

2236 4586 2356 4622 non
2381 4569 2628 4641 potuisse
2666 4579 2732 4622 ut
2768 4567 3145 4642 geographica
3194 4567 3311 4621 haec
3343 4557 3472 4616 nihil
3505 4552 3590 4608 1¹5⁵!
3611 4559 3712 4644 ΡΨ

2237 4665 2350 4709 tem
2377 4657 2542 4709 unius
2571 4655 2704 4709 libri
2740 4656 2800 4708 in
2824 4656 2951 4709 Vita
2977 4654 3202 4711 Graeciae
3226 4644 3509 4707 effecerint·
3542 4636 3625 4690 (ἴω
3652 4644 3711 4680 ¹¹¹·

2236 4739 2539 4795 commodo
2558 4742 2633 4794 ita
2653 4739 2867 4795 mederi
2886 4751 3182 4808 conantur,
3202 4748 3269 4794 ut
3284 4735 3610 4807 fragmessmm
3627 4715 3710 4768 ¹¹⁰⁶

2236 4845 2305 4882 ex
2332 4829 2442 4882 alio
2467 4844 2640 4900 opere
2659 4827 2898 4899 petitum
2923 4845 3039 4882 esse
3060 4826 3270 4881 dicant.
3299 4818 3547 4878 Nimirum
3575 4815 3710 4900 (Ιῑξω

2235 4925 2450 4969 constet
2486 4913 2870 4969 Dicaearchum
2918 4924 3140 4968 montes
3184 4914 3328 4965 inter
3366 4914 3549 4973 eosque
3582 4900 3708 4978 ΦΨ

2237 5002 2447 5054 Pelium
2490 5017 2775 5055 emensum
2803 5017 2944 5069 esse,
2985 5000 3115 5055 huic
3145 4986 3565 5068 ΚαταμετρῆσΜ
3585 4987 3706 5063 ⁰1³⁶}

2235 5088 2607 5161 fragmentum
2634 5086 2923 5142 vindicant
2940 5127 2956 5153 ‚
2983 5089 3237 5141 incusant
3259 5082 3602 5162 exceqitorrfu
3634 5074 3704 5127 (1ω

2236 5194 2358 5247 quar
2382 5175 2449 5228 ad
2481 5175 2815 5247 geometrica
2838 5174 3237 5246 pertinuerint,
3254 5162 3498 5223 omiserit,
3515 5157 3702 5209 Dmm'
