3900 6042
558 509 628 559 51
1731 488 2236 550 STESIMBBOTI
2282 490 2539 550 TflAsn

557 651 606 683 c.
635 618 751 685 Cat‘.
785 628 915 699 maj.
945 637 1000 680 et
1024 645 1055 679 a
1079 624 1248 679 Critia
1273 641 1364 695 ap.
1388 621 1592 682 AElian.
1622 621 1706 688 X,
1739 640 1801 690 ¹7
1820 661 1835 687 ,
1864 640 1987 694 quae
2010 640 2107 677 ne·

2196 631 2545 674 memoratur
2573 620 2644 674 ab
2673 632 2904 675 auctore
2925 623 3162 694 Epistol.
3189 624 3455 678 Tliemist.
3509 625 3601 680 lx
3620 667 3641 698 ‚
3684 625 3757 681 ita

556 736 665 789 que
697 735 823 769 cum
853 711 1294 768 exheredatione
1323 709 1668 763 conveniunt
1696 726 1798 761 nec
1827 727 1955 762 cum
2001 707 2107 762 ab-
2201 716 2387 761 tamen
2413 715 2477 760 ut
2514 707 2757 760 rationes
2797 707 3212 781 chronologicae
3241 709 3479 768 turbatae
3505 712 3641 765 sint.
3674 713 3757 766 De

555 804 864 868 dicatione‚
913 797 1190 871 siquidem
1237 805 1668 850 consentaneum
1704 804 1783 848 est
1822 795 2110 849 abdicatos
2198 792 2284 846 his
2320 793 2491 847 fusius
2530 793 2645 850 dixi
2693 794 2753 847 in
2806 795 3121 850 Comment.
3168 797 3255 850 De
3303 794 3549 870 AEschyli
3599 799 3753 872 Sept.

556 892 838 944 bonorum
885 904 1003 940 non
1043 884 1205 938 fuisse
1245 884 1547 955 participes
1586 892 1973 954 paternorum.
2023 884 2105 940 Cf.
2199 897 2249 932 c.
2281 880 2459 935 Theb.
2486 878 2786 955 (Goetting.
2823 881 3016 954 1836),
3039 900 3095 954 p.
3128 900 3199 951 ²7
3224 900 3348 955 sqq.

555 978 715 1030 Petit.
741 978 892 1047 Legg
927 958 1065 1027 Ἀῶ.
1093 972 1273 1039 11‚.4,
1306 988 1365 1042 p.
1405 967 1532 1037 157.
1568 993 1592 1018 υ
1615 971 1872 1025 δὶηιεηὶ3.

1302 1117 1355 1154 2.

630 1231 789 1286 Idem
813 1228 952 1283 ibid.
985 1247 1035 1283 c.
1057 1234 1126 1291 αἱ.
1145 1269 1161 1294 ,
1189 1224 1220 1278 5
1257 1246 1270 1280 :
1297 1227 1692 1280 Themistocles
1709 1226 1782 1281 ad
1805 1225 2106 1281 Admetum

551 1337 737 1391 regem
758 1317 1143 1381 ‚Molossorum
1172 1313 1443 1386 confugit.
1469 1310 1616 1370 Ἐκεῖ
1638 1311 1683 1368 δ’
1715 1312 1858 1389 αὐτῷ
1883 1308 1979 1380 τὴν
2006 1334 2104 1388 γυ-

549 1412 702 1460 ναῖκα
724 1401 814 1459 καὶ
847 1399 964 1466 τοὺς
986 1401 1177 1464 παῖδας
1201 1397 1455 1476 ἐκκλέψας
1479 1399 1538 1455 ἐκ
1561 1401 1662 1456 τῶν
1694 1398 1917 1469 Ἀθηνῶν
1949 1394 2102 1458 Ἐπι·

549 1491 743 1570 κράτης
761 1493 788 1547 ὁ
814 1486 1087 1566 Ἀχαρνεὺς
1130 1485 1459 1557 ἀπέστειλεν,
1504 1484 1559 1542 ὃν
1583 1485 1667 1543 ἐπὶ
1709 1483 1875 1564 τούτῳ
1916 1485 2105 1561 Κίμων

548 1576 757 1657 ὕστερον
781 1599 814 1634 κ
850 1575 958 1640 ίνας
988 1572 1339 1644 ἐθανάτωσεν,
1364 1576 1434 1639 ὡς
1463 1575 1661 1653 ἱστορεῖ
1686 1571 2100 1651 Στησίμὸροτος.

549 1654 658 1722 Εἶτ’
685 1664 778 1721 οὐκ
801 1686 827 1720 ο
853 1662 899 1720 δ’
919 1661 1058 1728 ὅπως
1078 1660 1443 1735 ἐπιλαθόμενος
1461 1659 1656 1718 τούτων
1677 1659 1711 1730 ἢ
1731 1659 1818 1717 τὸν
1841 1662 2105 1735 θεμιστο-

546 1752 672 1808 κλέα
689 1754 848 1807 ποιῶν
869 1747 1236 1822 ἐπιλαθόμενον
1255 1746 1478 1804 πλεῦσαί
1494 1770 1648 1827 φησιν
1664 1750 1735 1812 εἰς
1753 1747 1998 1806 Σικελίαν
2014 1748 2103 1806 καὶ

545 1841 672 1916 παρ’
711 1836 944 1915 ’Ἱέρωνος
976 1837 1137 1898 αἰτεῖν
1160 1839 1250 1894 τοῦ
1292 1833 1538 1914 τυράννου
1561 1834 1656 1903 τὴν
1694 1833 1949 1913 θυγατέρα
1978 1834 2103 1913 πρὸς

548 1924 717 2001 γάμον
737 1967 753 1993 ,
799 1921 1206 2000 ὑπισχνούμενον
1241 1923 1381 2000 αὐτῷ
1414 1918 1530 1985 τοὺς
1557 1918 1823 1991 εΈλληνας
1848 1922 2106 1991 ὑπηκόους

547 2010 804 2085 ποιήσειν,
823 1991 1290 2088 ἄποστρεψᾶμένου
1312 2007 1365 2064 δὲ
1389 2012 1478 2064 τοῦ
1495 2006 1730 2088 Ἱέρωνος
1744 2006 1905 2074 οὕτως
1920 2012 1992 2075 εἰς
2009 2007 2102 2082 τὴν

545 2096 719 2154 Ἀσίαν
746 2097 964 2175 ἀπᾶραι.
987 2096 1038 2156 Τ
1041 2100 1175 2151 α’ῠτα
1200 2093 1244 2150 δ’
1272 2096 1366 2150 οὐκ
1382 2092 1514 2160 εἰκός
1533 2095 1670 2152 ἐστιν
1689 2092 1825 2152 οὕτω
1838 2093 2095 2172 γενέσθαι.

623 2187 842 2244 Fictum
871 2202 982 2238 esse
1009 2185 1117 2240 iter
1147 2183 1397 2238 Siculum
1420 2193 1475 2236 et
1502 2183 1575 2237 ad
1602 2184 1806 2238 Persici
1838 2185 2102 2242 similitu-

544 2273 733 2330 (linem
757 2272 1092 2326 adornatum
1123 2272 1310 2344 arguit
1346 2270 1724 2344 probatorum
1761 2273 2101 2345 scriptorum

541 2360 820 2414 silentium
875 2370 931 2413 et
970 2358 1349 2431 Thucydideae
1396 2360 1736 2413 narrationis
1790 2358 2099 2418 diversitas.

543 2449 705 2520 (Quae
726 2447 943 2518 reliqua
963 2446 1292 2500 Plutarchus
1311 2444 1501 2520 (quem
1515 2445 1662 2521 vide)
1690 2448 1950 2519 opponit,
1974 2449 2100 2501 nul·
2145 2433 2156 2541 Ι

544 2534 652 2587 13111
676 2532 885 2587 habent
907 2533 1071 2605 vim.)
1116 2535 1376 2587 Attamen
1402 2549 1522 2584 non
1563 2533 1775 2586 invenit
1811 2550 1933 2587 rem
1966 2534 2100 2588 Ste-

538 2620 871 2687 simbrotuS‚
915 2619 1012 2673 sed
1052 2619 1462 2673 Timocreontis
1494 2618 1737 2687 Rhodii,
1771 2621 1876 2674 nisi
1905 2619 2100 2676 fefellit

540 2707 889 2778 conjectura,
935 2718 1256 2761 commento
1300 2725 1430 2762 usus
1478 2716 1575 2762 est.
1625 2707 1850 2761 Etenim
1899 2708 2098 2762 Timo-

540 2812 742 2862 creon,
779 2793 956 2848 Suida
994 2804 1158 2861 teste,
1191 2789 1385 2871 ἔγραψε
1424 2789 1703 2871 κωμῳδίαν
1734 2793 1783 2857 ἒς
1823 2793 2100 2869 Θεμιστο-

540 2877 669 2935 κλέα
711 2877 802 2934 nat
842 2877 1177 2955 Σιμωνίδην;
1203 2883 1404 2935 scimus
1439 2882 1865 2936 Themistoclem
1897 2894 2099 2957 utpote

542 2964 823 3039 μηδίζοντα
856 2979 911 3021 et
933 2970 1173 3039 pecunia
1202 2969 1491 3040 corrumpi
1509 2987 1566 3022 se
1589 2986 1810 3040 passum
1838 2988 1868 3024 a
1898 2972 2096 3026 Timo-

544 3063 772 3108 creonte
792 3055 1092 3126 perstringi
1118 3055 1289 3126 (Plut.
1313 3054 1508 3107 Them.
1539 3072 1571 3107 2
1587 3055 1663 3125 1);
1691 3055 1942 3110 similiter
1961 3076 2096 3130 pro-

537 3151 665 3212 pter
699 3150 1064 3212 tyrannorum
1098 3140 1344 3194 studium
1373 3140 1773 3216 sordidamque
1801 3145 2091 3201 avaritiam

545 3226 859 3294 traducitur
880 3226 1227 3294 Simonich‚
1260 3229 1344 3281 uti
1375 3237 1617 3296 constat3
1645 3229 1744 3282 ista
1771 3246 1910 3283 vero
1944 3232 2091 3289 lucri

537 3312 813 3385 cupiditas
839 3314 1250 3385 quammaxime
1297 3314 1559 3387 apparuit
1587 3314 1645 3366 in
1671 3326 1841 3387 poeta
1877 3317 2093 3387 aulico,

541 3401 806 3454 Hieronis
834 3400 1172 3457 consiliario,
1205 3402 1385 3474 Igitur
1416 3419 1591 3474 quum
1619 3401 1936 3458 Simonides
1964 3417 2096 3478 post

534 3498 778 3541 mortem
803 3489 1080 3542 Pausaniae
1110 3499 1165 3542 et
1209 3487 1744 3546 condemnationem
1783 3489 2093 3542 'Themisto-

536 3575 635 3627 clis
665 3576 952 3646 Syracusis
973 3574 1229 3649 degeret,
1260 3594 1482 3630 scenam
1511 3577 1568 3628 in
1593 3594 1704 3648 qua
1742 3576 2094 3631 adversarios

534 3680 663 3715 suos
683 3660 988 3733 μηδίζοντας
1008 3673 1375 3734 componeret
1390 3664 1727 3716 Timocreon
1747 3663 1931 3717 aulam
1958 3662 2085 3716 Hie·

535 3741 691 3794 ronis
720 3742 942 3811 tyranni
987 3741 1267 3813 selegisse,
1321 3753 1489 3813 atque
1529 3760 1659 3795 eum
1690 3743 1750 3794 in
1788 3739 1958 3795 finem
1989 3741 2095 3794 iter

2927 1022 2979 1075 3.

2279 1165 2437 1219 Idem
2463 1163 2683 1217 Cimon.
2717 1179 2767 1215 c.
2803 1165 2860 1229 4,
2883 1160 2918 1215 6
2952 1180 2967 1214 z
3000 1157 3396 1237 Στησίμὸροτος
3428 1159 3476 1217 δ’
3500 1162 3531 1217 ὁ
3559 1158 3761 1228 Θάσιος

2198 1249 2317 1330 περὶ
2344 1249 2431 1307 τὸν
2451 1246 2605 1307 αὐτὸν
2619 1250 2748 1323 ὁμοῦ
2776 1269 2828 1304 τι
2853 1247 3038 1326 χρόνον
3066 1250 3141 1324 τῷ
3168 1245 3378 1323 Κίμωνι
3405 1247 3635 1324 γεγονώς
3655 1272 3758 1329 φη-

2197 1359 2276 1395 σιν
2324 1337 2481 1396 αὐτὸν
2521 1334 2638 1392 οὔτε
2672 1334 2925 1409 μουσικὴν
2958 1332 3076 1391 οὔτε
3119 1333 3249 1392 ἄλλο
3288 1357 3338 1391 τι
3382 1334 3615 1412 μάθημα
3656 1339 3757 1393 τῶν

2186 1422 2494 1502 ,ἐλευθερίων
2530 1420 2621 1480 καὶ
2648 1427 2754 1487 τοῖς
2773 1420 3031 1492 Ἕλλησιν
3066 1420 3519 1500 ἐπιχωριαζόντων
3547 1423 3759 1481 ἐκδιδα-

2194 1515 2412 1590 χθῆναι,
2436 1506 2720 1578 δεινότητός
2766 1531 2823 1565 τε
2868 1507 2958 1564 καὶ
3003 1508 3300 1583 στωμυλίας
3328 1508 3574 1580 Ἀττικῆς
3629 1510 3759 1578 ὅλως

2198 1593 2563 1675 ἀπηλλᾶχθαι·,
2595 1595 2684 1654 καὶ
2707 1599 2782 1674 τῷ
2800 1594 2986 1675 ,τρόπῳ
3011 1595 3143 1653 πολὺ
3172 1595 3231 1653 τὸ
3249 1600 3485 1672 γενναῖον
3520 1596 3617 1655 καὶ
3636 1599 3760 1670 ἀλη-

2172 1681 2279 1752 .θὲς
2330 1683 2639 1762 ἐνυπάρχειν
2668 1680 2760 1741 καὶ
2807 1683 3009 1755 μᾶλλον
3051 1671 3182 1739 εἶναι
3230 1684 3657 1755 Πελοποννήσιον
3700 1686 3759 1744 τὸ

2196 1776 2382 1852 σχῆμα
2408 1774 2501 1842 τ’ῆς
2512 1774 2685 1850 ψυχῆς
2704 1773 2793 1827 τοῦ
2816 1767 3015 1848 ἀνδρὸς,

2316 1926 2524 1985 Φαῠλον,
2546 1923 2781 1987 ἄκομψον,
2800 1924 2860 1972 τὰ
2882 1923 3064 1986 μέγιστ’
3086 1923 3280 1986 ἀγαθὸν,

2194 2053 2330 2112 κατὰ
2376 2052 2462 2110 τὸν
2501 2050 2829 2130 Εὐριπίδειον
2852 2050 3147 2132 Ἡρακλέα·
3172 2057 3338 2111 ταῦτα
3361 2052 3464 2133 γὰρ
3503 2053 3625 2113 ἔστι
3655 2059 3761 2123 τοῖς

2194 2139 2294 2197 ὑπὸ
2317 2145 2408 2197 τοῦ
2437 2137 2839 2218 Στησιμὸρότου
2865 2140 3244 2219 γεγραμμένοις
3263 2142 3523 2202 ἐπειπεῖν.

2274 2231 2432 2285 Idem
2457 2229 2857 2284 Stesimbrotus
2873 2229 3094 2285 subesse
3108 2230 3333 2286 videtur
3348 2233 3757 2303 sequentibus:

2190 2314 2312 2373 Εἰσὶ
2330 2316 2374 2373 δ’
2406 2313 2456 2372 οἳ
2482 2314 2576 2385 τὴν
2606 2315 2915 2384 Ἐλπινίκην
2935 2315 2992 2373 οὗ
3022 2314 3195 2395 κρύφα
3213 2318 3289 2395 τῷ
3322 2314 3562 2391 Κίμωνι,
3596 2341 3759 2398 φανε-

2199 2405 2296 2480 ρῶς
2316 2401 2370 2460 δὲ
2384 2401 2694 2479 γημαμένην
2718 2406 3023 2472 συνοικῆσαι
3040 2401 3298 2480 λέγουσιν,
3325 2401 3469 2470 ἀξίου
3494 2409 3595 2475 τῆς
3614 2408 3761 2483 εὖγε-

2186 2488 2326 2557 νείας
2347 2487 2567 2568 νυμφίου
2596 2487 2682 2546 διὰ
2710 2487 2804 2560 τὴν
2833 2488 3016 2547 πενίαν
3037 2491 3362 2569 ἀποροῦσαν·
3381 2490 3502 2549 ἐπεὶ
3520 2491 3581 2550 δὲ
3603 2496 3759 2553 Καλ-

2186 2575 2300 2643 λίας
2324 2577 2427 2635 τῶν
2452 2577 2684 2656 εὐπόρων
2711 2599 2786 2641 τις
2814 2575 3085 2647 Ἀθήνησιν
3114 2577 3348 2656 ἐρασθεὶς
3371 2584 3649 2658 προσῆλθε
3664 2581 3757 2652 τὴν

2188 2665 2316 2745 ὑπὲρ
2344 2670 2433 2723 τοῦ
2458 2663 2653 2743 πατρὸς
2678 2663 2964 2737 καταδίκην
2989 2662 3203 2723 ἐκτίνειν
3234 2662 3436 2743 ἕτοιμος
3454 2664 3529 2724 ὢν
3551 2668 3760 2748 πρὸςτὸ

2188 2751 2453 2828 δημόσιον,
2472 2751 2634 2822 αὐτήν
2649 2774 2706 2809 τε
2726 2756 3001 2822 πεισθῆναι
3014 2752 3105 2811 καὶ
3127 2750 3216 2812 τὸν
3245 2752 3472 2830 Κίμωνα
3496 2758 3580 2836 τῷ
3604 2758 3758 2817 Καλ-

2187 2839 2275 2916 λίᾳ
2292 2838 2580 2897 συνοικίσαι
2600 2838 2693 2907 τὴν
2724 2837 3057 2910 Ἐλπινίκην.

2186 2924 2301 2984 οὔτε
2332 2925 2631 3004 μουσικὴν]
2656 2929 2847 3004 Longe
2878 2931 3038 2984 aliter
3068 2930 3196 2986 Ion.
3229 2929 3295 2985 fr.
3322 2936 3374 2996 l..

2934 3084 2988 3142 l..

2263 3217 2349 3272 lb.
2374 3234 2421 3270 e.
2451 3225 2516 3280 14
2539 3234 2552 3268 :
2574 3201 2726 3271 Ἐπεὶ
2752 3209 2806 3270 δὲ
2834 3214 2936 3270 τῶν
2963 3213 3182 3291 Περσῶν
3197 3233 3327 3278 τινες
3349 3214 3442 3272 οὒκ
3469 3211 3757 3273 &milam-0

2181 3296 2275 3370 τὴν
2295 3297 2625 3376 Χερσόνησον
2643 3299 2895 3375 ἓκλιπεῖν,
2918 3298 3053 3357 ἀλλὰ
3074 3297 3298 3365 καὶτοὺς
3315 3300 3535 3380 Θρᾷκας
3556 3300 3755 3361 ἄνωθεν

2183 3388 2531 3445 ἐπεκαλοῦντο
2556 3391 2991 3468 καταφρονοῦντες
3014 3391 3107 3444 τοῦ
3138 3384 3377 3462 Κίμωνος
3402 3391 3517 3459 μετ’
3554 3390 3755 3465 ὀλίγων

2183 3472 2491 3531 παντάπασι
2517 3470 2742 3554 τριήρων
2793 3471 3065 3543 Ἀθήνηθεν
3094 3473 3537 3544 ἐκπεπλευκότος,
3576 3475 3753 3552 ὁρμή-

2182 3584 2276 3625 σας
2298 3559 2379 3618 ἐπ’
2417 3557 2599 3626 αὐτοὺς
2634 3557 2883 3639 τέσσαρσι
2913 3557 3007 3635 μὲν
3044 3557 3225 3628 ναυσὶ,
3262 3557 3608 3637 τρισκαίδεκα
3659 3559 3753 3626 τὰς

2181 3648 2387 3710 ἐκείνων
2418 3647 2623 3721 ἔλαὸεν,
2653 3647 2900 3716 ἐξελάσας
2927 3645 2982 3706 δὲ
3010 3645 3135 3716 τοὺς
3168 3644 3377 3728 Πέρσας
3420 3646 3516 3705 καὶ
3546 3650 3753 3728 κρατή·

2182 3744 2283 3802 σας
2318 3741 2420 3795 τῶν
2457 3739 2704 3817 Θρακῶν,
2751 3745 2925 3794 πᾶσαν
2971 3733 3272 3809 ᾠκειώσατο
3320 3738 3386 3807 τῆ
3437 3735 3596 3794 πόλει
3648 3736 3746 3808 τὴν

536 3827 681 3881 istud
699 3828 1041 3900 excogitasse
1070 3827 1311 3883 videtur.
1335 3859 1411 3869 -
1434 3829 1828 3883 Praetereaiter
1846 3829 2093 3883 Siculum
2134 3815 2146 3872 ί
2178 3823 2529 3903 Χερσόνησον.
2572 3823 2636 3902 (a)
2669 3822 2771 3882 Ἐκ
2806 3822 2861 3880 δὲ
2888 3825 3070 3881 τούτου
3093 3821 3325 3888 Θασίους
3351 3800 3446 3897 μὲν
3483 3823 3754 3882 ἀποστάν-

1271 3996 1321 4042 2.

600 4089 781 4138 Eodem
808 4087 1120 4139 Themistocli
1147 4088 1390 4150 Epicrates
1413 4088 1727 4138 Achai-nensis
1744 4101 1945 4137 uxorem
1974 4091 2018 4137 et
2040 4089 2093 4137 li·

533 4166 674 4214 beros
708 4165 811 4227 ejus
840 4166 995 4227 misit,
1023 4178 1148 4234 quos
1166 4165 1329 4214 furtim
1355 4165 1549 4214 Athenis
1568 4165 1838 4215 adduxerat
1859 4185 1872 4214 :
1893 4166 2092 4228 eiusque

534 4243 647 4292 sacti
674 4256 819 4292 causa
840 4246 948 4305 post
971 4256 999 4290 a
1022 4243 1220 4291 Cimone
1240 4242 1288 4290 in
1308 4242 1543 4304 judicium
1575 4245 1866 4304 pertractum
1885 4242 2016 4291 hunc
2044 4245 2093 4292 et

534 4321 690 4368 morte
724 4321 951 4372 affectum
965 4357 980 4379 ,
1001 4319 1342 4369 Stesinibrotus
1377 4319 1561 4369 scribit.
1601 4319 1736 4370 Idem
1750 4356 1765 4380 ‚
1803 4319 1963 4368 nescio
1993 4332 2092 4382 quo

532 4401 672 4459 paeto
686 4434 699 4457 ,
719 4396 893 4446 horum
911 4397 1115 4459 oblitus,
1140 4400 1226 4446 aut
1242 4395 1449 4445 oblitum
1469 4396 1618 4448 fuisse
1636 4396 2003 4446 Themistoclem
2016 4398 2093 4457 ju·

531 4475 695 4523 dicans
708 4511 724 4536 ,
745 4477 908 4536 postea
924 4475 1119 4534 scribit,
1139 4487 1251 4526 eum
1271 4474 1381 4526 iude
1399 4475 1448 4524 in
1470 4473 1679 4524 Siciliam
1701 4475 1944 4537 navigasse
1958 4511 1971 4536 ,
1991 4475 2090 4537 pol·

535 4552 814 4613 licitumque
830 4552 1021 4601 Hieroni
1042 4554 1245 4614 tyranno
1257 4589 1270 4612 ‚
1297 4552 1336 4600 si
1359 4551 1506 4600 filiam
1524 4565 1662 4600 suam
1675 4551 1981 4601 matrimonio
1999 4550 2087 4600 sibi

527 4628 774 4690 jungeret,
808 4628 930 4677 velle
952 4641 1003 4678 se
1029 4632 1222 4678 Graecos
1245 4629 1292 4676 in
1312 4629 1595 4690 potestatem
1624 4627 1725 4689 ejus
1744 4627 1980 4689 redigere,
2011 4640 2090 4677 re·

532 4707 823 4765 eusanteque
852 4705 1084 4766 Hierone,
1104 4704 1150 4754 in
1177 4704 1336 4754 Asiam
1360 4704 1544 4754 abiisse.
1573 4707 1686 4754 Haec
1705 4707 1770 4753 ita
1788 4708 1896 4753 acta
1921 4705 2090 4767 fuisse,

533 4794 627 4828 non
648 4783 720 4828 est
739 4780 1007 4830 verisimile.

596 4958 937 5006 Stesimhrotus
948 4959 1149 5007 Thasius
1159 4995 1174 5019 ‚
1192 4958 1278 5021 qui
1298 4958 1463 5007 iisdem
1485 4959 1581 5010 fere
1598 4959 1771 5021 quibus
1784 4962 1955 5009 Cimon
1974 4962 2091 5009 tem·

534 5033 728 5092 poribus
749 5034 894 5094 vixit,
915 5047 1070 5096 neque
1087 5035 1136 5082 in
1169 5034 1353 5084 musica
1375 5048 1513 5095 eum,
1539 5048 1696 5097 neque
1719 5036 1819 5084 ulla
1847 5037 1941 5084 alia
1967 5036 2089 5085 libe-

535 5107 623 5156 rali
639 5108 883 5171 disciplina
899 5147 912 5168 ,
932 5124 1042 5171 qua·
1059 5116 1166 5159 tum
1186 5110 1315 5172 apud
1335 5115 1529 5160 Graecos
1551 5111 1725 5173 passim
1748 5111 1797 5160 in
1821 5125 1911 5162 usu
1933 5116 2087 5176 erant,

536 5186 806 5235 institutum
833 5187 975 5234 fuisse
999 5187 1239 5237 affirmat:
1267 5200 1296 5235 a
1315 5188 1535 5237 facundia
1560 5188 1704 5238 etiam
1730 5190 1884 5239 Attica
1903 5191 2088 5252 lepore-

536 5276 631 5323 que
661 5263 846 5311 ‹lim-nali
879 5265 1018 5325 plane
1044 5263 1184 5312 fuisse
1210 5265 1420 5311 alienum
1445 5284 1455 5312 ε
1484 5264 1641 5314 indole
1669 5266 1809 5315 tuisse
1830 5266 2090 5318 admodum

2179 4000 2402 4050 generosa
2418 3990 2564 4050 atque
2586 3987 2749 4049 aperta
2760 4023 2775 4048 ,
2795 3987 3051 4049 animoque
3064 3984 3215 4048 magis
3233 3985 3582 4048 Peloponnesio
3599 4001 3753 4056 qnam

2182 4065 2368 4128 Attico,
2391 4068 2442 4116 et
2459 4062 2590 4128 quod
2605 4063 2665 4112 de
2686 4063 2891 4114 Hercule
2914 4061 3165 4126 Euripides
3185 4061 3332 4123 dicit,

2311 4159 2560 4212 1110111111111,
2581 4158 2807 4214 ineptum,
2832 4157 2881 4204 111
2899 4157 3099 4202 maximis
3117 4157 3251 4202 rebus
3268 4156 3437 4202 bonum
3458 4171 3472 4197 ε

2180 4244 2272 4292 11011
2288 4245 2418 4293 enim
2439 4243 2578 4293 nohis
2601 4244 2710 4292 licet
2734 4241 2909 4292 addere
2933 4241 2991 4291 iis
3014 4255 3126 4305 qum
3161 4241 3504 4291 stoetmhrotu
3532 4243 3753 4306 sei-ipa

2240 4324 2364 4373 Sunt
2382 4322 2462 4385 qui
2482 4335 2579 4370 non
2604 4323 2768 4370 furtim
2788 4321 3052 4383 Elpinicam
3078 4334 3192 4370 cum
3215 4321 3441 4380 Cimone,
3464 4319 3553 4369 sed
3581 4324 3753 4384 palam

2178 4401 2437 4450 contractis
2455 4400 2635 4463 nuptiis
2647 4400 3042 4450 consuetudinem
3060 4398 3280 4450 habuisse
3293 4399 3457 4448 dicant
3469 4436 3485 4459 ,
3500 4412 3669 4462 quum
3688 4404 3756 4452 ob

2178 4479 2507 4539 paupertatem
2529 4477 2719 4525 nullum
2740 4489 2827 4525 sua
2844 4475 3094 4525 nobilitate
3110 4475 3309 4537 dignum
3332 4475 3571 4525 inveniret
3596 4481 3754 4532 mari-

2179 4557 2283 4603 tum
2307 4568 2486 4616 :quum
2507 4558 2669 4604 autem
2692 4554 2890 4616 Callias,
2910 4567 3034 4604 unus
3053 4567 3115 4604 ex
3135 4552 3458 4617 locupietibus
3477 4553 3755 4604 Athenien-

2176 4631 2332 4693 sibus,
2354 4645 2519 4682 amore
2540 4631 2642 4693 ejus
2664 4635 2832 4693 captus
2853 4632 3148 4693 accessisset,
3166 4633 3361 4693 paratus
3382 4630 3624 4684 muletam
3644 4633 3754 4683 uit-

2176 4708 2294 4756 113ᾱί
2316 4708 2571 4771 irrogatam
2597 4708 2768 4760 11113110
2786 4707 2978 4770 publico
2994 4707 3200 4770 pendere
3211 4744 3228 4770 ‚
3246 4709 3295 4756 et
3312 4707 3463 4770 ipsam
3485 4710 3759 4762 assensisse

2177 4789 2227 4836 et
2243 4787 2495 4837 emonem
2512 4800 2619 4836 eam
2643 4787 2808 4836 callim
2824 4789 3033 4848 nuptum
3050 4785 3251 4838 «iniisse.

2241 4962 2405 5014 Quum
2435 4962 2685 5009 Persarum
2715 4959 2915 5022 quidam
2942 4959 3236 5009 Chersoneso
3262 4957 3493 5007 decedere
3522 4959 3754 5020 nollent,

2176 5035 2261 5085 sed
2283 5036 2492 5085 Thraces
2505 5049 2651 5099 supra
2666 5036 2936 5085 accolentes
2954 5035 3045 5084 sibi
3063 5036 3375 5096 asciscerent,
3394 5036 3558 5096 spreto
3581 5036 3755 5085 Cimo·

2177 5126 2236 5161 ne
2248 5149 2263 5174 ,
2283 5113 2366 5174 qui
2390 5126 2504 5162 cum
2518 5112 2763 5175 perpaucis
2779 5112 3052 5162 triremibus
3070 5112 3266 5162 Athenis
3280 5111 3519 5171 solverat,
3540 5112 3683 5162 sacto
3704 5114 3756 5163 in

2175 5204 2258 5240 eos
2275 5191 2456 5252 impetu
2470 5227 2485 5250 ‚
2504 5194 2736 5253 quattuor
2758 5192 2860 5244 suis
2876 5191 3080 5242 navibus
3096 5189 3326 5242 tredecim
3348 5189 3564 5251 ipsorum
3590 5204 3757 5242 nave<

2177 5268 2301 5330 repit
2314 5304 2326 5328 ,
2348 5267 2607 5331 ejectisque
2628 5269 2777 5318 Persis
2794 5272 2841 5319 et
2856 5267 3089 5330 superatis
3104 5266 3386 5329 Thracibus,
3407 5268 3559 5316 totam
3581 5270 3752 5318 Cher-
