3900 6042
1311 426 1999 569 CADMUS
2083 423 2904 558 MILESIUS.

586 1005 827 1065 Snidas:
861 1001 1122 1077 Κάδμος
1147 1002 1176 1057 ὁ
1200 995 1546 1069 Μιλήσιος,
1574 990 1783 1073 εὑρετὴς
1809 988 2061 1071 γραμμά·

512 1116 632 1151 των.

2155 1008 2308 1044 mum
2332 992 2653 1046 tramlatum
2692 1008 2806 1045 ense
2827 990 3071 1061 videtur,
3096 1005 3161 1049 ut
3189 993 3400 1048 scilicet
3428 993 3719 1047 concilia-

2155 1086 2282 1130 rent
2312 1078 2458 1130 inter
2473 1094 2530 1130 se
2553 1095 2679 1149 quae
2697 1074 2898 1132 Suidas
2915 1078 3086 1133 refert
3101 1099 3159 1134 ν.
3185 1075 3493 1155 Φερεκύδης
3514 1096 3530 1135 :
3555 1079 3604 1136 ll
3613 1079 3719 1151 ρῶ-

592 1181 687 1240 Ἐν
715 1181 1076 1256 ἐπιγράμματι
1100 1169 1339 1243 Ζήνωνος
1368 1169 1452 1249 (ν.
1484 1169 1654 1242 Diog.
1679 1169 1747 1222 L.
1781 1167 1884 1221 vll
1901 1207 1916 1234 ‚
1945 1161 2063 1239 3o)·
2159 1183 2247 1218 τον
2272 1159 2326 1219 δὲ
2358 1161 2728 1240 (Φερεκύδην)
2759 1161 3062 1241 συγγραφὴν
3087 1163 3365 1241 ἐξενεγκεῖν
3401 1167 3546 1243 πεζῷ
3573 1164 3719 1242 λόγῳ

636 1319 693 1369 Et
712 1318 762 1366 δὲ
779 1315 933 1378 πάτρα
948 1312 1208 1367 Φοίνισσα,
1228 1308 1298 1364 τίς
1319 1308 1347 1355 ὀ
1361 1306 1548 1365 votivam
1567 1302 1625 1362 ἦν
1644 1304 1723 1351 καὶ
1747 1303 1775 1349 ὁ
1794 1300 1978 1363 Κάδμος

700 1392 877 1447 κεῖνος,
901 1383 977 1445 ἀφ’
1003 1381 1059 1430 οὗ
1082 1379 1291 1449 γραπτὰν
1313 1375 1481 1430 Ἑλλὰς
1502 1375 1597 1435 ἔχει
1616 1372 1793 1421 σελίδα.

586 1509 870 1584 Κάδμος,
911 1500 1267 1567 Πανδίονος,
1306 1494 1659 1568 Μιλήσιος,
1696 1492 1982 1571 ἱστορικὸς,
2020 1490 2075 1558 ὃς

514 1600 714 1676 πρῶτος
752 1594 890 1653 κατά
929 1613 1071 1655 τινας
1108 1583 1409 1666 συγγραφὴν
1454 1582 1649 1662 ἔγραψε
1693 1580 2075 1656 καταλογάδην,

516 1687 688 1764 μικρῷ
709 1682 951 1760 νεώτερος
979 1675 1228 1757 Ὀρφέως.
1261 1669 1515 1737 Συνέταὶε
1542 1668 1599 1727 δὲ
1628 1669 1813 1727 Κτίσιν
1832 1666 2076 1738 Μιλήτου

515 1771 605 1830 καὶ
631 1776 724 1842 τῆς
744 1769 867 1841 ὅλης
892 1764 1094 1830 Ἰωνίας
1116 1764 1169 1821 ἐν
1201 1757 1415 1838 βιὸλίοις
1438 1758 1503 1817 δ’.

594 1854 724 1917 Ὀτι
749 1856 837 1916 τὸν
874 1853 1091 1927 Κάδμον
1114 1848 1243 1929 φασὶ
1269 1849 1471 1926 πρῶτον
1497 1846 1546 1910 ἐς
1575 1843 1670 1915 τὴν
1706 1841 1943 1902 Ἑλλάδα
1980 1863 2073 1899 κο-

519 1944 673 2021 μίσαι
694 1941 762 2001 τὰ
783 1941 1100 2021 γράμματα,
1125 1934 1258 2014 ἅπερ
1282 1936 1478 2011 πρῶτοι
1502 1928 1741 1995 Φοίνικες
1765 1931 1996 2008 ἐφεῦρον.

602 2035 651 2092 K
669 2029 889 2105 άδμος,
911 2026 963 2087 Ἀ
979 2019 1284 2102 ρχελάου,
1302 2021 1363 2079 Μ
1379 2016 1654 2089 ιλήσιος,
1679 2013 1934 2095 ἱστορικὸς
1953 2014 2077 2072 νεώ·

520 2141 685 2198 τερος.
713 2112 865 2180 Τινὲς
892 2112 946 2171 δὲ
972 2115 1190 2170 Λυκῖνον
1221 2106 1439 2181 Κάδμον
1468 2104 1782 2182 ἀνέγραψαν.
1805 2100 1966 2167 Ἴσως
1989 2093 2078 2160 οὖν

522 2208 661 2264 ἐστιν
689 2204 875 2282 ἔτερος.
904 2195 1147 2277 ’Ἔγραψε
1176 2194 1426 2252 δὲταῦτα·
1456 2189 1617 2250 Λύσιν
1649 2190 1907 2268 ἐρωτικῶν
1929 2187 2078 2265 [πα-

523 2293 662 2370 θῶν]
694 2293 745 2349 ἐν
778 2287 993 2369 βιίλίοις
1015 2283 1081 2363 δ’,
1108 2281 1200 2342 καὶ
1226 2278 1460 2346 Ἀττικὰς
1485 2275 1712 2356 ἱστορίας
1741 2275 1832 2342 ις’.
1861 2276 1943 2333 Cf.
1966 2279 2083 2332 Eu-

525 2381 690 2436 docia
707 2399 769 2453 p.
794 2378 928 2447 267.

603 2470 834 2523 Diversa
870 2465 1039 2537 plane
1085 2458 1314 2517 Suidam
1357 2467 1565 2511 temere
1602 2454 1835 2508 miscere
1874 2454 1935 2507 in
1976 2453 2082 2508 hac

526 2555 830 2626 glossarum
848 2550 1126 2622 farragine
1146 2560 1530 2617 saepenumero
1551 2542 1659 2595 viri
1671 2539 1825 2595 docti
1844 2556 2080 2595 monue-

527 2652 660 2695 runt
688 2639 935 2694 :scilicet
959 2634 1233 2692 Cadmum
1260 2631 1550 2686 literarum
1575 2629 1930 2683 inventorem
1967 2626 2080 2682 dici

527 2727 799 2783 Milesium
814 2767 831 2794 ,
858 2741 1034 2797 quum
1057 2720 1291 2776 Phoenix
1313 2719 1410 2785 sit;
1440 2714 1655 2773 Cadmo
1680 2715 1949 2769 historico
1982 2732 2084 2769 au-

530 2826 642 2869 tem
664 2812 924 2886 assignari
946 2819 1159 2864 aetatern
1179 2847 1195 2875 ,
1220 2823 1348 2879 quae
1373 2801 1670 2859 tribuenda
1696 2801 1766 2855 sit
1790 2799 1909 2857 filio
1936 2803 2083 2875 Age·

529 2902 685 2955 noris
709 2899 802 2975 (V.
827 2898 1075 2954 Clinton.
1106 2895 1174 2949 F.
1210 2894 1288 2948 H.
1321 2901 1460 2946 tom.
1495 2891 1580 2958 11,
1609 2907 1671 2961 p.
1702 2883 1856 2963 454).
1880 2889 2080 2962 Igitur,

530 2989 694 3041 misso
715 2983 916 3051 Suida,
934 2981 1006 3037 de
1026 2978 1373 3052 temporibus
1394 2973 1685 3049 scriptoris
1704 2974 1881 3029 nostri
1900 2973 2086 3029 audia-

532 3092 655 3127 mus
679 3070 986 3143 Joscphum
1020 3067 1085 3123 C.
1120 3066 1329 3138 Apion.
1362 3064 1418 3130 1,
1449 3081 1500 3117 c.
1526 3079 1559 3116 α
1590 3071 1734 3116 extr.
1767 3079 1781 3115 ι
1808 3060 1879 3118 Οἱ
1907 3056 2085 3134 μέντοι

530 3156 623 3223 τὰς
659 3153 886 3235 ἱστορίας
921 3148 1342 3230 ἐπιχειρήσαντες
1381 3143 1695 3224 συγγράφειν
1737 3146 1865 3225 παρ’
1913 3146 2087 3212 αὐτοῖς

534 3250 631 3319 (sc.
659 3242 764 3308 τοῖς
788 3236 1079 3314 Ἕλλησι),
1099 3232 1237 3311 λέγω
1265 3232 1320 3292 δὲ
1343 3231 1462 3298 τοὺς
1479 3230 1600 3314 περὶ
1628 3230 1847 3308 Κάδμον
1869 3230 1958 3290 τὸν
1987 3233 2086 3291 Μι-

532 3329 711 3399 λήσιον
739 3327 829 3386 καὶ
852 3328 939 3385 τὸν
973 3325 1203 3402 Ἀργεῖον
1231 3318 1584 3395 Ἀκουσίλαον,
1621 3318 1711 3376 καὶ
1740 3315 1873 3393 μετὰ
1908 3323 2087 3378 τοῦτον

535 3415 584 3474 εἴ
606 3438 737 3481 τινες
765 3414 914 3472 ἄλλοι
940 3410 1181 3487 λέγονται
1208 3405 1474 3487 γενέσθαι,
1503 3406 1673 3486 βραχὺ
1696 3409 1788 3476 τῆς
1808 3408 1911 3464 τῶν
1936 3408 2087 3484 Περ-

536 3507 639 3561 σῶν
659 3502 745 3560 ἐπὶ
764 3499 858 3571 τὴν
873 3497 1108 3560 Ἑλλάδα
1133 3493 1494 3573 διαστρατείας
1505 3497 1579 3572 τῷ
1602 3492 1774 3574 χρόνῳ
1790 3492 2086 3572 προῦλαὸον

540 3591 873 3665 (Exscripsit
892 3588 1009 3644 haee
1032 3584 1234 3642 Euseb.
1266 3586 1360 3640 Pr.
1386 3585 1487 3639 Ev.
1527 3584 1615 3652 X,
1641 3602 1696 3653 7,
1735 3602 1797 3657 p.
1833 3582 1946 3653 478
1971 3585 2019 3638 Α
2037 3583 2081 3658 ).

535 3678 862 3734 Accuratius
898 3692 1020 3730 rem
1064 3670 1300 3728 definire
1326 3672 1484 3740 licet,
1527 3681 1696 3743 atque
1729 3670 1994 3725 Hecataeo
2034 3682 2091 3726 et

535 3763 858 3837 Pherecyde
898 3762 1064 3835 Syrio
1098 3759 1337 3816 Cadmus
1373 3759 1568 3832 paullo
1606 3758 1891 3829 antiquior
1925 3756 2089 3813 fuisse

537 3850 808 3906 dicendus
833 3860 942 3913 est,
970 3848 1014 3901 si
1038 3844 1209 3900 fidem
1238 3855 1527 3899 merentur
1552 3843 1622 3910 ii,
1652 3844 1750 3915 qui
1776 3841 2050 3898 Cadmum
2069 3884 2086 3913 ,

538 3955 654 3990 non
676 3953 811 3989 vero
834 3935 1154 3989 Hecataeum
1172 3941 1268 3985 aut
1290 3928 1933 4001 Pherecydem,prosam
1956 3947 2091 3985 ora·

540 4024 749 4077 tionem
771 4022 857 4075 vel
878 4019 1166 4074 historiam
1178 4016 1420 4091 pedestri
1440 4032 1697 4071 sermone
1719 4017 2088 4088 conscriptam

536 4110 784 4182 primum
799 4105 1112 4162 condidisse
1128 4103 1334 4159 serunt.
1349 4099 1441 4157 Sic
1456 4112 1664 4174 praeter
1676 4099 1908 4155 Suidam
1924 4100 1943 4177 (
1962 4101 2004 4156 l.
2024 4102 2088 4175 l.)

538 4197 749 4250 Plinius
771 4195 846 4257 ῌ.
871 4193 944 4248 Ν.
965 4194 1034 4261 V,
1070 4191 1137 4247 31
1170 4209 1184 4245 ε
1216 4188 1336 4245 Nec
1362 4189 1592 4243 Miletus
1612 4187 1948 4258 fraudanda
1981 4194 2092 4245 cive

541 4284 773 4347 Cadmo,
808 4285 907 4353 qui
933 4283 1148 4352 pre‘mus
1165 4294 1391 4351 prosam
1420 4279 1724 4330 omtionem
1746 4276 1981 4329 condere
2006 4282 2090 4330 in-

538 4374 730 4425 stituit.
756 4369 903 4424 Hinc
929 4383 1027 4421 sua
1047 4364 1217 4420 habet
1236 4364 1459 4420 Solinus
1485 4380 1536 4417 c.
1567 4368 1643 4436 49
1667 4380 1682 4415 :
1710 4361 1958 4429 Miktus,
1995 4366 2090 4418 Io·

542 4464 656 4512 nioe
675 4468 864 4530 capue,
906 4453 1102 4510 Cadmi
1125 4454 1259 4507 olim
1281 4452 1496 4517 domu-5,
1519 4451 1622 4504 sed
1634 4454 1753 4520 ejus
1769 4454 1866 4522 qui
1868 4455 2093 4523 pre‘mus

543 4550 743 4600 invenit
753 4561 942 4618 prosoe
967 4545 1234 4596 orationis
1263 4540 1644 4613 discipliuam.
1677 4538 1856 4594 Aliter
1881 4539 2094 4595 Plinius

543 4633 643 4687 lib.
667 4634 805 4699 vll,
833 4628 907 4685 56
931 4648 945 4683 ι
971 4630 1204 4684 Prosam
1230 4632 1534 4683 orationem
1565 4621 1928 4701 (συγγραφήν)
1953 4644 2091 4680 con·-

544 4721 674 4773 dere
704 4716 1052 4788 Pherecydes
1079 4715 1269 4782 Syrius
1296 4718 1530 4769 instituit
1563 4711 1694 4784 Cyri
1717 4717 1863 4783 mffis
1890 4723 2082 4781 cetate,

545 4805 833 4859 historiam
881 4804 1120 4859 Cadmus
1152 4803 1426 4857 Milesius.
1475 4799 1693 4855 Eodem
1731 4799 1908 4854 modo
1947 4801 2095 4855 inter

548 4890 922 4963 Pherecydem
950 4890 1174 4964 Syrium
1196 4900 1255 4945 ct
1278 4890 1596 4944 Hecataeum
1625 4885 1916 4959 distinguit
1961 4887 2093 4943 sni-

548 4978 645 5033 das
665 4998 721 5034 ν.
744 4974 1025 5041 Ἑκαταῖος
1049 4993 1065 5034 :
1093 4971 1422 5051 Ἕκ.πρῶτος
1432 4970 1665 5050 ἱστορίαν
1693 4973 1858 5037 πεζῶς
1880 4968 2093 5043 ἐξήνεγ-

551 5083 656 5137 κεν,
701 5061 1003 5141 συγγραφὴν
1030 5060 1086 5120 δὲ
1123 5058 1445 5139 Φερεκύδης.
1494 5063 1678 5131 Atque
1711 5058 1824 5113 hoc
1864 5058 2094 5131 quidem

2158 1248 2289 1314 τινὲς
2305 1250 2613 1326 ἱστοροῦσιν,
2632 1247 2821 1327 ἑτέρων
2840 1254 2991 1307 τοῦτο
3008 1253 3080 1317 εἰς
3108 1251 3324 1326 Κάδμον
3340 1249 3429 1308 τὸν
3455 1246 3721 1320 Μιλήσιον

2162 1356 2441 1413 φιροντων.
2528 1382 2536 1397 .

2240 1422 2474 1496 Scripsit
2490 1423 2755 1492 Cadmus,
2783 1434 3013 1479 testante
3041 1424 3211 1481 Suida
3228 1466 3244 1493 ‚
3265 1426 3527 1498 Origines
3545 1416 3722 1481 Mileti

2164 1520 2219 1564 et
2243 1512 2413 1565 totius
2436 1512 2609 1565 Ioniae
2643 1510 2799 1564 libris
2826 1522 3111 1583 quattuor.
3143 1515 3219 1567 At
3238 1513 3596 1593 supposititia
3617 1514 3724 1568 ha-

2164 1596 2288 1651 beri
2312 1616 2434 1669 quae
2452 1598 2556 1652 sub
2570 1597 2766 1652 Milesii
2786 1599 3014 1652 nomine
3037 1599 3096 1651 in
3113 1600 3312 1671 vulgus
3330 1596 3726 1655 divendeban·

2168 1696 2278 1752 tur,
2304 1684 2578 1740 docemur
2598 1702 2633 1738 a
2656 1685 2930 1757 Dionysio
2957 1685 3082 1739 Hal.
3113 1686 3172 1739 in
3193 1687 3327 1740 Jud.
3357 1686 3434 1740 de
3458 1686 3642 1741 Thuc.
3667 1706 3721 1741 c.

2169 1771 2242 1826 '23
2273 1790 2286 1825 t
2315 1767 2454 1827 Ούτε
2477 1767 2578 1847 γὰρ
2601 1766 2967 1841 διασώζονται,
2991 1773 3088 1838 ait,
3110 1771 3212 1826 τῶν
3240 1769 3492 1826 πλειόνων
3511 1772 3567 1826 αἱ
3591 1793 3729 1849 γρα-

2167 1854 2261 1935 φαὶ
2281 1855 2437 1934 μέχρι
2461 1860 2564 1915 τῶν
2585 1856 2701 1914 καθ’
2724 1861 2864 1932 ἡμᾶς
2879 1856 3102 1967 γρόνων,
3124 1855 3230 1915 οὔθ’
3255 1858 3310 1914 αἱ
3335 1856 3726 1933 διασωζόμεναι

2165 1941 2313 2022 παρὰ
2339 1951 2498 2000 πᾶσιν
2524 1946 2595 2008 ὡς
2621 1943 2829 2001 ἐκείνων
2850 1965 3000 2001 ουσαι
3017 1946 3121 2001 τῶν
3141 1943 3339 2022 ἀνδρῶν
3365 1944 3730 2016 πιστεύονται,

2167 2031 2219 2087 ἐν
2250 2020 2331 2096 αἷς
2344 2032 2474 2088 εἰσιν
2499 2027 2561 2086 αἵ
2576 2052 2633 2087 τε
2659 2030 2876 2106 Κάδμου
2900 2036 2989 2089 τοῦ
3009 2029 3276 2103 Μιλησίου
3298 2030 3388 2089 καὶ
3414 2031 3727 2111 Ἀρισταίου

2168 2120 2256 2174 τοῦ
2287 2115 2672 2197 Προκοννησίου
2712 2117 2802 2174 καὶ
2829 2120 2933 2175 τῶν
2972 2117 3355 2197 παραπλησίων
3397 2119 3623 2185 τούτοις.
3657 2122 3729 2180 Et

2168 2218 2321 2261 recte
2361 2206 2590 2285 quidem
2623 2205 2899 2278 judicasse
2936 2224 3061 2271 eos,
3108 2225 3353 2279 quorum
3390 2209 3730 2263 sententiam

2168 2293 2466 2365 Dionysius
2484 2291 2692 2361 laudat,
2718 2293 2904 2348 nullus
2927 2292 3149 2348 dubito.
3173 2292 3387 2347 Eodem
3406 2292 3546 2347 facit
3567 2292 3731 2365 quod

2168 2378 2313 2432 Bion
2335 2380 2769 2446 Proconnesius,
2791 2390 2991 2434 auctor
3005 2379 3388 2452 perantiquus,
3404 2374 3473 2432 τὰ
3499 2378 3734 2453 Κάδμου

2169 2465 2262 2518 τοῦ
2294 2463 2522 2520 παλαιοῦ
2548 2462 2841 2542 μετέγραψι
2863 2463 3330 2542 κεφαλαιούμενος,
3355 2465 3438 2519 uti
3469 2465 3738 2522 Clemens

2178 2552 2256 2605 ait
2284 2551 2444 2608 Alex.
2479 2552 2687 2607 Strom.
2719 2553 2825 2619 VI,
2855 2570 2916 2624 p.
2948 2551 3081 2621 267.
3123 2553 3265 2606 Nam
3295 2552 3734 2608 vetustissimmn

2171 2638 2581 2712 logographum
2614 2650 2725 2693 tam
2763 2640 2986 2712 prolixe
3017 2656 3137 2693 rem
3165 2648 3448 2705 tractasse,
3483 2651 3551 2694 ut
3586 2660 3742 2714 opus

2170 2726 2362 2799 paullo
2388 2737 2517 2800 post
2548 2744 2582 2781 a
2619 2727 2797 2781 Bione
2835 2728 2896 2780 in
2923 2726 3324 2799 compendium
3349 2726 3735 2801 redigeretur,

2170 2812 2324 2869 haud
2345 2814 2506 2868 facile
2528 2814 2819 2886 quisquam
2843 2812 3177 2881 crediderim
3197 2814 3400 2882 immo,
3421 2814 3468 2869 si
3484 2817 3610 2871 veri
3631 2817 3739 2871 ali-

2173 2898 2312 2972 quid
2325 2899 2509 2954 subest
2521 2900 2708 2954 verbis
2724 2899 3042 2968 Clementis,
3060 2900 3334 2973 itapotius
3345 2903 3737 2972 statuendum,

2171 2998 2237 3040 ut
2264 2986 2439 3042 libros
2462 2988 2594 3042 istos
2615 2984 3127 3043 Pseudo-Cadmeos
3151 3005 3223 3042 ex
3248 2988 3440 3044 Bionis
3459 2989 3741 3046 aliorum-

2175 3091 2286 3147 que
2306 3075 2524 3148 scriptis
2540 3071 2811 3129 conflatos
2829 3091 2943 3130 esse
2961 3085 3239 3147 putemus.

2253 3162 2460 3217 Praeter
2512 3163 2843 3235 Dionysium
2897 3161 3092 3217 Cadmi
3131 3163 3474 3217 mentionem
3518 3163 3741 3221 faciunt

2174 3243 2380 3304 Strabo
2408 3260 2466 3304 et
2488 3248 2798 3305 Diodorus.
2830 3249 3086 3320 Quorum
3101 3249 3195 3303 ille
3214 3247 3292 3322 (Ι,
3313 3268 3373 3323 p.
3402 3248 3498 3325 ιδ)
3522 3268 3537 3304 :
3565 3249 3741 3330 :lp-¹,-

2174 3355 2349 3404 τιστα,
2379 3330 2589 3409 inquit,
2614 3336 2647 3403 ἡ
2670 3331 2915 3404 ποιητικὴ
2941 3325 3239 3404 κατασκεὶοὴ
3269 3335 3532 3412 παρῆλθεν
3567 3337 3643 3402 εἰς
3679 3340 3744 3395 τὸ

2179 3418 2336 3498 μέσον
2362 3420 2452 3478 καὶ
2483 3418 2843 3495 εὐδοκίμησεν·
2875 3409 2989 3478 εἶτα
3017 3416 3216 3490 ἐκείνην
3253 3420 3593 3496 μιμούμενοι,
3633 3424 3740 3482 λύ-

2177 3530 2358 3574 σαντες
2383 3507 2442 3566 τὸ
2477 3505 2682 3585 μέτρον,
2719 3506 2888 3565 τᾶλλα
2920 3506 3233 3587 φυλάξαντες
3264 3505 3332 3564 τὰ
3357 3507 3605 3579 ποιητικὰ
3637 3512 3742 3587 (⁴⁸),

2178 3591 2505 3675 συνέγραψαν
2534 3595 2580 3651 οἱ
2607 3594 2727 3673 περὶ
2755 3594 2977 3672 Κάδμον
3001 3593 3091 3651 καὶ
3116 3592 3421 3674 Φερεκύδην
3450 3595 3541 3652 καὶ
3571 3594 3743 3657 Ἕκα·

2178 3684 2339 3741 ταῖον·
2363 3673 2475 3741 εἶτα
2488 3681 2535 3740 οἱ
2559 3680 2788 3762 ὕστερον,
2811 3683 3148 3763 ἀφαιροῦντες
3171 3680 3254 3738 uisi
3271 3704 3320 3738 τι
3345 3684 3445 3738 τῶν
3463 3682 3746 3755 τοιούτων,

2179 3771 2250 3836 εἰς
2278 3768 2339 3827 τὸ
2379 3774 2468 3827 νῦν
2494 3761 2622 3836 εἶδος
2660 3768 2980 3847 κατήγαγον,
3018 3771 3088 3834 ὡς
3129 3766 3194 3825 ἂν
3230 3766 3334 3827 ἀπὸ
3372 3766 3532 3847 ὕψους
3571 3772 3742 3837 τινός.

2179 3858 2262 3915 Cf.
2295 3860 2543 3914 Eustath.
2568 3857 2641 3914 ad
2662 3858 2833 3912 Hom.
2863 3856 2932 3914 11.
2955 3875 3017 3930 p.
3049 3875 3110 3930 9,
3138 3855 3173 3911 8
3194 3856 3288 3911 ed.
3309 3859 3480 3912 Rom.
3507 3856 3627 3933 (⁸⁸).

2256 3945 2544 4002 Diodorus
2565 3964 2702 4001 vero
2724 3945 2842 3999 haec
2882 3943 2943 4021 (Ι
2958 3984 2974 4012 ,
3012 3942 3109 4014 87,
3155 3942 3211 3998 3.
3232 3945 3524 4018 Excerpsit
3546 3947 3748 4003 Theo-

2242 4114 2306 4177 (*)
2331 4117 2510 4163 Parum
2543 4111 2770 4160 accurate
2795 4108 2890 4158 hoc
2906 4107 3090 4157 dictum
3110 4121 3213 4157 esse
3228 4109 3375 4170 atque
3404 4109 3638 4170 refragari
3664 4113 3746 4161 te-

2179 4183 2417 4235 stimoniis
2438 4180 2680 4232 ciceronis
2700 4180 2800 4241 (De
2830 4181 2953 4228 orat.
2988 4181 3063 4242 n,
3091 4178 3204 4239 13),
3245 4178 3456 4240 Dionysii
3489 4180 3597 4227 Hal.
3634 4182 3751 4243 (ue

2179 4256 2332 4307 Thuc.
2364 4265 2409 4302 c.
2431 4248 2914 4313 23),Demetrii(1)e
2944 4248 3067 4298 eloe.
3099 4246 3264 4309 §¹2),
3295 4249 3404 4295 tum
3421 4248 3502 4296 alii
3528 4262 3747 4301 monue-

2180 4322 2446 4384 runt,tum
2474 4319 2624 4369 nisius
2640 4319 2847 4381 explicat
2876 4316 3063 4367 Nitzch.
3092 4320 3164 4367 De
3189 4317 3313 4366 nist.
3344 4319 3487 4366 Hom.
3518 4320 3571 4379 1,
3595 4332 3649 4381 p.
3678 4326 3746 4371 85

2179 4408 2308 4458 sqq„
2334 4397 2414 4444 91.
2437 4402 2544 4453 sqq.
2566 4387 2749 4439 Ibidem
2771 4390 2881 4450 post
2901 4387 3256 4437 Dalilmannum
3274 4389 3443 4437 contra
3458 4400 3539 4437 eos
3570 4389 3748 4453 dispu-

2179 4467 2279 4524 tat,
2297 4462 2383 4526 qui
2401 4472 2568 4509 omnes
2584 4459 2836 4508 historicos
2854 4457 3094 4508 Herodoto
3111 4457 3431 4519 antiquiores,
3454 4458 3544 4507 etsi
3564 4462 3749 4522 saepius

2180 4533 2459 4597 argumenta
2476 4541 2589 4578 vere
2609 4528 2835 4578 historica
2868 4527 2946 4576 vel
2964 4526 3192 4576 historica
3222 4527 3446 4588 mythicis
3481 4528 3640 4578 mixta
3682 4533 3754 4581 ab

2180 4605 2237 4655 iis
2251 4604 2457 4653 tractata
2472 4600 2604 4660 sunt,
2628 4608 2726 4646 uno
2746 4596 3176 4660 loqoqraphmem
3196 4596 3393 4646 nomine
3415 4599 3748 4659 compi-enm-

2179 4672 2317 4723 dunt.
2336 4672 2561 4720 ceterum
2579 4666 2643 4716 ef.
2663 4670 2888 4718 creuzer.
2911 4669 3045 4716 Hisc-
3078 4669 3245 4716 Kame
3267 4678 3316 4728 p.
3337 4672 3428 4716 265
3449 4680 3557 4729 sqq.

2240 4742 2327 4802 (¹⁸)
2345 4738 2517 4790 Strabo
2531 4739 2657 4796 xlv,
2670 4749 2721 4800 p.
2732 4742 2822 4786 6³⁵
2836 4734 2992 4784 claros
3004 4735 3211 4785 Milesios
3220 4748 3469 4785 recensens
3480 4738 3749 4798 postquam

2181 4810 2514 4861 nominaverat
2523 4808 2790 4866 Thaletem,
2811 4805 3244 4868 Anaximandrum,
3260 4806 3606 4855 Anaximenem
3625 4820 3745 4869 per-

2180 4882 2249 4943 git
2270 4900 2282 4930 ε
2301 4880 2406 4930 Ἔτι
2428 4878 2470 4927 δ’
2482 4879 2752 4935 Ἑκαταῖος,
2771 4878 2798 4925 ὀ
2818 4877 2900 4934 τὴν
2923 4876 3127 4939 ἱστορίαν
3148 4876 3392 4933 συντάξας
3417 4878 3520 4924 καθ’
3539 4879 3666 4940 ἡμᾶς
3693 4881 3748 4928 δὲ

2181 4949 2399 5013 Αἰσχίνης
2435 4950 2462 4997 ὀ
2490 4948 2640 5011 ῥήτωρ
2669 4945 2768 4995 κτλ.
2801 4944 2872 4994 lbi
2905 4948 3018 4995 ante
3062 4943 3172 4994 καθ’
3212 4949 3336 5008 ἡμᾶς
3373 4944 3603 4995 excidisse
3637 4948 3747 4997 xd-

2182 5019 2299 5082 δμου
2321 5018 2611 5066 mentionem
2628 5014 2887 5077 opinantur
2904 5016 3078 5075 Coi-ny.
3094 5013 3157 5062 ad
3176 5013 3223 5062 h.
3262 5014 3294 5062 l.
3322 5015 3372 5062 et
3392 5014 3660 5064 Groskurd.
3691 5016 3748 5064 in

2182 5088 2400 5137 versione
2448 5085 2697 5136 Strabonis
2743 5084 3038 5146 gennanica,
3083 5084 3154 5133 oti
3202 5082 3335 5132 diseo
3372 5096 3438 5133 ex.
3484 5084 3752 5147 Forbigero

552 5151 1011 5220 rectesehabere,
1035 5149 1175 5205 salso
1190 5158 1375 5203 autem
1397 5146 1470 5202 ad
1490 5144 1866 5218 Pherecydem
1885 5156 1942 5200 et
1959 5145 2097 5201 Cad·
2187 5157 2394 5208 Ηαηαὺ.
2419 5155 2469 5205 d.
2491 5156 2587 5205 au.
2616 5157 2785 5216 Geoqr.
2822 5157 2869 5213 Ι,
2888 5167 2936 5216 p.
2966 5156 3046 5202 ⁴⁸.
