3900 6042
466 506 497 552 5
516 509 528 551 ι
545 504 577 550 8
1572 479 2065 541 MANE'moms
2104 478 2578 539 SEBRNNYTAE

465 626 687 696 rejecit,
712 624 1004 677 hominum
1034 632 1284 691 tempora
1311 615 1383 671 ad
1411 633 1539 669 suos
1568 614 1737 686 ipsius
1771 613 2018 667 calculos
2103 608 2378 673 λεύσαντος
2409 605 2723 686 Κογχάρεως
2744 610 2836 675 τῆς
2863 605 3131 683 Αἰγύπτου
3171 608 3260 664 ἐπὶ
3286 611 3383 676 τῆς
3407 608 3478 673 ,ς’
3526 608 3686 665 gu„-

465 730 566 767 exe
607 713 665 765 it.

546 730 759 854 {lgr-imus
781 805 976 851 auctor
1001 791 1166 863 liujus
1191 790 1587 845 laterculorum
1617 787 1772 859 quasi
1800 785 2018 840 familiae

467 889 495 939 J
505 886 690 939 uda‘us
713 884 894 938 suerit.
932 882 1072 935 Nam
1098 880 1185 932 vel
1221 896 1285 933 ea
1310 896 1431 949 quae
1458 875 1727 930 Eusebius
1760 872 2015 939 exhibet,

471 973 541 1027 ad
569 972 800 1028 Judaica
831 982 1085 1041 tempora
1123 963 1547 1020 accommodata
1575 971 1703 1015 sunt
1739 961 1797 1013 in
1840 958 2019 1031 dyna-

471 1060 585 1113 stiis
600 1061 752 1127 XVI,
773 1053 1177 1119 XVII—XIX,
1202 1069 1385 1124 neque
1403 1048 1545 1104 illud
1565 1046 1721 1120 quod
1740 1047 1812 1101 de
1839 1056 2020 1100 trans-

472 1147 665 1219 positis
688 1145 950 1217 dynastiis
971 1141 1257 1214 Syncellus
1283 1148 1504 1211 crepat,
1532 1135 1896 1190 fundamento
1928 1150 2020 1187 ca-

473 1243 585 1301 ret,
611 1231 785 1286 modo
815 1249 884 1284 ne
913 1228 1134 1283 Eusebii
1158 1228 1369 1280 crimen
1397 1241 1510 1279 esse
1533 1222 1702 1276 dicas.

552 1318 764 1373 Mentio
803 1317 1046 1387 denique
1076 1311 1329 1367 facienda
1358 1309 1783 1375 laterculorum,
1814 1323 1937 1378 quae
1965 1305 2023 1356 in

474 1409 763 1478 Excerpcis
790 1404 1055 1458 But-baris
1082 1402 1365 1473 leguntur.
1390 1397 1583 1453 Laceri
1610 1405 1738 1449 sunt
1758 1403 1815 1447 et
1844 1410 1875 1445 a
1897 1392 2022 1444 viro

475 1492 847 1566 stupidissimo
871 1508 902 1544 e
929 1489 1118 1562 graecis
1132 1488 1299 1541 latine
1319 1484 1469 1539 facti.
1489 1485 1633 1538 Usus
1656 1499 1853 1536 eorum
1865 1495 2025 1552 paene

474 1581 661 1634 nullus
696 1591 795 1635 est.
818 1578 1047 1633 Numeri
1071 1574 1275 1648 partim
1318 1590 1445 1626 cum
1474 1570 1773 1636 Africano,
1819 1567 2026 1640 partim

475 1685 602 1721 cum
626 1666 886 1732 Eusebio,
907 1665 1109 1737 partim
1130 1679 1259 1716 cum
1282 1669 1481 1714 neutro
1502 1657 1728 1711 faciunt.
1756 1657 2026 1709 Praeterea

478 1765 859 1809 memorantur
888 1751 1150 1824 dynastiae
1179 1749 1619 1802 Bubastanorum
1645 1753 1700 1798 et
1726 1744 2028 1813 Hermupo-

478 1844 783 1906 titanorum,
819 1858 953 1911 quas
979 1838 1116 1892 alius
1137 1835 1303 1889 habet
1318 1851 1482 1887 nemo
1504 1848 1686 1904 neque
1705 1841 1890 1883 tamen
1911 1828 2029 1900 ipse

478 1928 780 1982 homuncio
817 1926 910 1979 ille
952 1923 1172 1977 finxisse
1196 1930 1406 1993 potest.

558 2013 863 2085 Quomodo
892 2011 1055 2084 graeci
1085 2018 1141 2062 et
1169 2009 1370 2080 pagani
1396 2002 1763 2079 Αἰγυπτιακῶν
1790 2002 2030 2073 scripto-

480 2119 565 2156 res
611 2099 1044 2157 Manethoniano
1080 2113 1253 2168 opere
1290 2092 1372 2147 usi
1407 2092 1546 2159 sint,
1589 2108 1791 2165 parum
1830 2088 2025 2160 liquet.

479 2190 828 2259 Quamquam
843 2187 1049 2239 horum
1072 2199 1301 2256 quoque
1314 2179 1509 2235 studiis
1524 2178 1742 2232 turbata
1760 2175 2031 2230 nonnulla

481 2292 593 2329 esse
636 2271 789 2327 haud
830 2271 1067 2325 obscure
1112 2268 1361 2323 indicant
1387 2265 1629 2319 rationes
1655 2263 2031 2336 dynastiamm

480 2361 673 2414 XVIII
688 2369 742 2412 et
760 2358 924 2425 XIX,
946 2358 1005 2411 in
1024 2356 1228 2428 quibus
1244 2356 1529 2408 Ramesses
1542 2362 1598 2405 et
1613 2352 1844 2405 Armais
1860 2349 2029 2403 iidem

483 2465 595 2501 csse
636 2465 764 2500 cum
792 2448 1033 2517 AEgypto
1061 2453 1117 2497 et
1150 2444 1351 2496 Danao
1376 2438 1733 2513 putabantur.
1755 2436 2032 2491 Nimirum

484 2535 766 2587 Ramesses
790 2533 847 2585 in
876 2531 1080 2585 nostris
1101 2528 1380 2583 laterculis
1403 2536 1489 2580 ter
1505 2525 1594 2579 vel
1622 2533 1820 2596 quater
1848 2521 2032 2594 poni-

485 2631 597 2692 tur,
629 2638 802 2692 quum
831 2620 998 2673 semel
1026 2626 1163 2671 esset
1187 2613 1498 2688 ponendus,
1526 2616 1839 2683 Antequam
1864 2611 2035 2683 igitur

486 2707 729 2777 ejusdcm
756 2708 899 2779 regis
920 2706 1131 2759 mentio
1154 2704 1231 2757 sic
1255 2710 1619 2774 repeteretur,
1640 2699 1733 2753 alii
1756 2697 1919 2751 fuisse
1944 2697 2033 2749 vi-

487 2794 710 2859 dentur,
737 2794 834 2863 qui
860 2792 1027 2845 semel
1053 2802 1298 2855 tantum,
1328 2787 1426 2841 sed
1448 2788 1539 2841 alii
1562 2787 1672 2840 alio
1694 2787 1823 2839 loco
1844 2802 2034 2858 regem

489 2890 964 2951 commemorent,
990 2877 1186 2953 prouti
1215 2875 1286 2930 de
1321 2874 1660 2947 Argivorum
1691 2873 2036 2944 temporibus

487 2968 720 3038 quisque
743 2964 1033 3020 statuebat.

566 3054 844 3107 Hactenus
885 3049 957 3104 de
991 3048 1238 3103 fontibus
1260 3066 1331 3101 ex
1371 3046 1574 3118 quibus
1606 3045 2036 3101 Manethoniana

486 3149 675 3193 nostra
707 3146 1131 3210 promanarunt.
1156 3133 1297 3188 Inde
1324 3133 1394 3187 ab
1426 3133 1667 3187 Eusebio
1703 3150 1893 3187 omnes
1913 3142 2034 3187 tur·

488 3226 651 3281 bidos
687 3243 798 3279 esse
834 3224 924 3277 vel
965 3241 1033 3276 ex
1065 3222 1257 3294 paucis
1289 3236 1412 3292 quae
1438 3219 1727 3290 hucusque
1755 3220 2036 3274 attulimus

489 3305 791 3379 colligitur.
822 3301 1005 3368 Quare
1032 3318 1153 3373 spes
1177 3298 1626 3353 Manethonianae
1656 3297 2036 3371 chronologiae

492 3389 842 3445 restituendae
861 3391 919 3442 in
937 3406 1054 3442 uno
1075 3388 1253 3460 posita
1276 3396 1356 3440 est
1379 3385 1625 3440 Africani
1642 3385 1931 3442 laterculo.
1950 3389 2036 3441 De

490 3498 559 3533 eo
583 3479 694 3549 jam
717 3478 911 3551 paullo
941 3477 1252 3531 accuratius
1278 3472 1581 3527 dicendum
1612 3484 1713 3528 est.
1746 3472 2037 3528 Africanus

491 3567 658 3640 igitur
669 3566 911 3637 primum
926 3563 1151 3618 exhibet
1165 3564 1223 3615 in
1231 3561 1487 3633 plurimis
1502 3570 1651 3615 certe
1665 3560 1927 3633 dynastiis
1936 3580 2034 3616 an·

492 3671 621 3719 nOS,
647 3651 848 3723 quibus
864 3666 1032 3723 reges
1059 3649 1259 3722 singuli
1286 3653 1618 3721 regnarunt3
1656 3646 1861 3702 deinde
1882 3667 2036 3703 sum-

492 3758 637 3794 mam
662 3756 939 3791 annorum
974 3738 1031 3790 in
1060 3754 1283 3808 quaque
1324 3734 1581 3806 dynastia
1604 3736 2035 3806 recensitorum,

493 3827 737 3900 denique
750 3842 1019 3879 summam
1045 3839 1342 3889 annorum,
1370 3838 1494 3892 quae
1508 3839 1575 3875 ex
1598 3821 1826 3895 singulis
1847 3824 2034 3877 Mane·

497 3915 683 3969 thenis
698 3914 851 3977 libris
865 3911 1167 3983 colligitur.
1193 3912 1265 3963 At
1293 3908 1530 3960 multum
1552 3907 1705 3963 abest
1720 3918 1783 3961 ut
1806 3927 2039 3984 compu-

497 4012 553 4056 ta
572 4003 686 4056 haec
697 4004 841 4055 inter
851 4018 906 4052 se
918 3999 1236 4051 concinant.
1256 3996 1324 4049 Et
1334 3995 1559 4067 quinam
1571 3997 1787 4050 numeri
1796 4015 1904 4069 pro
1917 4016 2036 4052 cor-

496 4090 675 4160 ruptis
710 4084 1029 4158 rejiciendi,
1058 4085 1285 4156 quinam
1318 4082 1603 4155 probandi
1625 4084 1753 4152 sint,
1783 4086 2039 4157 utpluri-

496 4194 651 4230 mum
684 4176 836 4229 dictu
866 4171 1257 4227 difficillimum
1293 4181 1405 4238 est;
1441 4187 1760 4241 quanquam
1799 4182 1954 4243 patet
1983 4175 2039 4227 in

495 4263 813 4316 universum
830 4260 934 4330 maj
942 4260 1054 4314 oris
1073 4256 1349 4312 faciendas
1362 4274 1475 4311 esse
1489 4275 1726 4311 summas
1739 4276 2036 4327 annorum,

497 4367 632 4420 quas
671 4348 741 4402 ad
790 4346 959 4400 finem
1005 4345 1383 4417 dynastiamm
1432 4353 1650 4397 notatas
1696 4346 2037 4417 accepimus,

498 4453 665 4506 quam
700 4436 848 4500 illas,
873 4451 995 4504 quae
1017 4451 1049 4487 a
1072 4431 1236 4485 nobis
1259 4430 1372 4501 jam
1396 4448 1427 4483 e
1454 4430 1682 4501 singulis
1702 4433 1886 4504 regnis
1902 4451 2040 4505 sup-

496 4533 793 4594 putantur.>
809 4518 1184 4587 Quaerendum
1204 4519 1374 4590 igitur
1389 4516 1789 4571 adminiculum
1803 4560 1818 4587 ,
1844 4521 1932 4573 cui
1955 4522 2041 4573 in-

497 4609 627 4675 niti,
649 4611 736 4661 vel
760 4624 958 4660 norma
994 4604 1245 4677 quaedam
1263 4645 1279 4672 ,
1319 4603 1390 4658 ad
1417 4621 1585 4676 quam
1616 4603 1857 4677 dirigere
1880 4624 2039 4659 com-

498 4695 810 4766 putationes
822 4694 1113 4765 possimus.
1131 4692 1560 4763 Circumspicien
1568 4692 1604 4743 ti
1620 4708 1756 4744 vero
1769 4691 2041 4762 ejusmodi

497 4782 809 4835 machinam
848 4790 1046 4852 sponte
1088 4797 1202 4833 sese
1255 4777 1729 4850 offert.peri0dus
1760 4780 2041 4838 Sothiaca.

498 4870 673 4921 Usum
706 4885 775 4921 eo
810 4884 923 4921 esse
960 4866 1172 4920 Veteris
1202 4865 1464 4920 Chronici
1494 4874 1776 4919 auctorem
1806 4878 2045 4937 constat;

499 4973 676 5027 porro
706 4955 867 5008 etiam
891 4954 1124 5008 Sotheos
1142 4953 1269 5006 libri
1295 4961 1579 5006 auctorem
1604 4953 1661 5005 in
1687 4953 2046 5027 chronologi·

501 5044 577 5096 cis
604 5043 713 5095 suis
740 5041 974 5095 eandem
1010 5039 1310 5113 periodum
1348 5038 1664 5093 adhibuisse
1699 5041 1886 5094 omnia
1927 5041 2046 5095 cla—

502 5138 683 5195 mant,
723 5137 1061 5199 testaturque
1092 5126 1395 5198 Syncellus,
1431 5125 1528 5196 qui
1565 5125 1625 5177 in
1652 5143 1752 5180 suo
1778 5127 2046 5181 laterculo

506 5213 601 5289 (p.
634 5213 772 5288 ¹03)
807 5215 980 5271 habet
1002 5216 1073 5268 ita
1109 5230 1122 5269 Ξ
1151 5209 1336 5289 Τούτῳ
1365 5213 1439 5289 τῷ
1465 5211 1505 5268 ε’
1536 5210 1639 5269 ἔτει
1669 5215 1761 5269 τοῦ
1788 5210 1861 5268 κε’
1893 5214 2045 5287 βασι·

2109 694 2282 760 attiae
2297 698 2388 752 τοῦ
2413 699 2619 750 κυνικοῦ
2647 691 2930 769 λεγομένου
2952 691 3146 750 κύκλου
3169 692 3318 770 παρὰ
3339 696 3417 772 τῷ
3443 695 3681 771 Moto?

2111 779 2214 839 ἀπὸ
2237 787 2325 839 τοῦ
2353 778 2560 858 πρώτου
2593 779 2848 857 βασιλέως
2874 780 2963 837 καὶ
2990 779 3224 837 οἷκίστου
3263 777 3556 860 usurpat„
3583 786 3686 851 τῆς

2109 871 2374 944 Αἰγύπτου
2389 912 2404 937 ,
2432 870 2749 946 πληροῦνται
2771 865 2860 937 ἔτη
2881 865 2962 946 ψ’.

2187 967 2370 1039 Igitur
2385 967 2563 1019 Menae
2586 965 2804 1019 initium
2828 964 2981 1036 apud
3004 964 3410 1019 Manethonem
3429 963 3676 1035 Syncefli

2108 1052 2482 1126 compositum
2503 1051 2684 1106 fuerat
2710 1069 2839 1106 cum
2865 1051 3026 1104 initio
3061 1048 3290 1122 periodi
3318 1049 3678 1104 canicularis.

2107 1140 2317 1212 Quidni
2333 1134 2625 1194 ffiactenus
2646 1149 2797 1193 certe
2839 1138 3089 1193 Africani
3136 1155 3372 1209 quoque
3411 1134 3686 1191 manetho

2109 1229 2360 1283 similiter
2383 1244 2503 1281 rem
2535 1224 2870 1293 instituerit?
2913 1227 2982 1279 Et
3012 1240 3087 1279 ne
3127 1224 3380 1279 clamites
3416 1240 3537 1277 esse
3577 1223 3680 1277 bos

2109 1315 2268 1369 lusus
2280 1314 2689 1386 astrologorum
2710 1313 2811 1366 aevi
2835 1309 3033 1378 infimi,
3051 1318 3107 1364 et
3130 1329 3164 1363 a
3181 1326 3316 1363 sana
3341 1309 3682 1381 antiquitate

2110 1403 2338 1457 alienos
2383 1402 2595 1466 Immo,
2631 1399 2692 1454 id
2734 1398 2891 1472 quod
2930 1397 3233 1453 rectissime
3275 1407 3482 1450 monet
3519 1397 3684 1451 Boec-

2111 1488 2288 1555 khius,
2302 1486 2454 1559 apud
2465 1489 2765 1560 plerosque
2778 1484 3026 1558 populos
3041 1482 3424 1538 vetustissima
3433 1482 3685 1537 historia

2112 1575 2482 1647 chronologia
2519 1574 2808 1646 cyclorum
2842 1570 3203 1645 quorundam
3245 1588 3360 1642 ope
3403 1569 3684 1625 adornata

2116 1673 2221 1716 est.
2239 1663 2436 1734 Neque
2456 1659 2739 1715 eximendi
2756 1670 2885 1714 sunt
2917 1658 3167 1732 AEgyptii
3187 1665 3505 1729 propterea
3530 1656 3690 1728 quod

2114 1760 2266 1802 certa
2293 1766 2485 1803 rerum
2511 1748 2783 1802 memoria
2801 1744 2955 1818 apud
2975 1763 3072 1800 eos
3098 1744 3301 1816 paullo
3320 1743 3496 1797 altius
3514 1761 3687 1815 quam

2115 1835 2265 1909 apud
2292 1836 2542 1908 reliquos
2562 1832 2828 1888 ascendit.
2866 1833 3008 1887 Illuc
3036 1841 3310 1886 revertor.
3359 1829 3492 1901 lpse
3529 1830 3690 1885 Afri-

2116 1941 2284 1978 canus
2307 1922 2418 1976 hoc
2440 1921 2634 1976 saltem
2656 1916 2918 1988 affirmat,
2940 1919 3233 1992 AEgyptios
3247 1915 3469 1987 jactare
3485 1918 3690 1991 ingen·

2115 2020 2196 2063 tes
2219 2008 2490 2082 quosdam
2530 2025 2812 2062 annorum
2849 2024 3118 2061 numeros
3161 2021 3375 2076 eosque
3416 2002 3694 2059 definitos

2091 2114 2230 2151 esse
2288 2092 2425 2151 κατὰ
2464 2091 2600 2150 Θέσιν
2644 2094 2746 2149 τῶν
2792 2090 2917 2169 παρ’
2961 2092 3135 2155 αὖτοῖς
3183 2088 3687 2166 ἀστρολογουμὲνων

2121 2180 2137 2253 (
2159 2184 2397 2254 Syncell.
2420 2201 2482 2256 p.
2505 2201 2528 2236 1
2542 2177 2626 2257 7).
2645 2180 2920 2237 Periodus
2938 2190 3148 2247 autem,
3167 2196 3335 2253 quam
3352 2178 3430 2232 ad
3447 2178 3572 2233 hoc
3591 2177 3694 2233 ad-

2117 2269 2350 2325 hibitam
2399 2270 2694 2349 Africanus
2735 2270 2953 2335 innuit,
2992 2268 3086 2322 vix
3125 2266 3233 2321 alia
3267 2266 3376 2320 nisi
3413 2266 3691 2321 Sothiaca

2120 2374 2232 2411 esse
2258 2367 2443 2429 potest
2463 2353 2555 2432 (Ἴ.

2197 2445 2320 2499 Jam
2355 2461 2492 2497 vero
2521 2441 2783 2497 Manetho
2826 2440 3157 2495 recensuisse
3184 2437 3394 2493 dicitur
3433 2439 3499 2492 in
3533 2439 3690 2493 libro

2117 2529 2312 2600 primo
2328 2545 2506 2582 annos
2532 2526 2685 2581 2300
2702 2568 2717 2594 ,
2748 2526 2808 2579 in
2834 2526 2981 2580 libro
3009 2524 3259 2579 secundo
3286 2541 3466 2578 annos
3499 2541 3656 2578 2121
3675 2566 3692 2588 ,

2118 2616 2180 2668 in
2204 2615 2352 2669 libro
2375 2615 2541 2668 tertio
2566 2631 2743 2667 annos
2779 2610 2950 2691 1050.
2993 2614 3074 2667 Ex
3104 2612 3191 2665 his
3214 2628 3484 2664 numerus
3537 2611 3694 2665 1050

2125 2701 2253 2776 (ριν)
2286 2712 2480 2774 aperte
2525 2710 2822 2772 corruptus
2859 2710 3035 2754 estex
3081 2693 3189 2767 (ον’,
3237 2695 3386 2767 850,
3426 2698 3535 2770 qui
3577 2700 3696 2771 ipse

2119 2789 2352 2861 ponitur
2390 2806 2500 2860 pro
2540 2784 2885 2842 accuratiore
2920 2804 3156 2840 numero
3199 2782 3312 2839 853
3351 2802 3366 2837 :
3401 2793 3490 2837 tot
3535 2788 3693 2839 enim

2119 2876 2250 2930 anni
2297 2875 2561 2929 labuntur
2589 2893 2621 2928 a
2653 2872 2767 2928 fine
2817 2862 3077 2945 dynastia.-
3110 2872 3256 2926 xtx
3281 2872 3396 2924 sive
3424 2889 3458 2923 a
3499 2872 3692 2944 Trojae

2087 2992 2088 2995 =
2122 2961 2342 3016 excidio
2386 2960 2576 3035 (1184)
2624 2978 2803 3032 usque
2848 2959 2920 3014 ad
2959 2958 3128 3013 finem
3151 2957 3420 3031 dynastiae
3445 2958 3690 3015 XXXI.

2123 3049 2269 3102 Anni
2300 3046 2451 3101 2300
2485 3064 2555 3100 ex
2582 3046 2827 3100 numeris
2853 3045 2926 3100 ad
2950 3046 3192 3118 singulas
3230 3043 3516 3116 dynastias
3555 3046 3692 3101 libri

2121 3135 2290 3207 primi
2311 3135 2587 3189 annotatis
2601 3131 2898 3188 commode
2913 3142 3145 3206 possunt
3166 3134 3463 3205 supputari
3491 3151 3510 3186 z
3537 3133 3696 3188 hunc

2185 3282 2617 3344 (*)Boeckh.1,1.
2653 3289 2792 3344 μθο
2831 3301 2844 3331 =
2877 3280 3394 3331 anema-othonna·
3427 3294 3572 3331 n-
3605 3285 3695 3333 εὴ

2124 3352 2250 3400 noch
2267 3364 2541 3414 groesserem
2559 3350 2840 3402 Nacbdruck
2862 3351 3041 3399 wieder
3057 3349 3453 3412 gesagtwerden,
3474 3363 3585 3400 was
3605 3354 3695 3402 tir

2130 3425 2275 3471 sebon
2300 3423 2423 3473 oben
2450 3423 2823 3485 ansgoeprochen
2849 3422 3005 3469 baben
3023 3456 3037 3481 ,
3059 3420 3169 3468 dass
3185 3419 3264 3468 die
3291 3433 3488 3480 grossen
3525 3424 3696 3471 Jahn-

2122 3493 2289 3541 zahlen
2322 3493 2469 3542 sebon
2501 3505 2563 3539 an
2594 3492 2694 3540 sich
2731 3490 2829 3538 und
2852 3489 2978 3537 ohne
2996 3488 3214 3537 naeberes
3246 3490 3476 3549 Zeugniss
3513 3490 3694 3539 datad

2125 3562 2298 3611 subren
2315 3599 2330 3623 ‚
2371 3564 2440 3611 sie
2476 3562 2604 3610 aeien
2639 3561 2761 3609 nacb
2785 3559 2966 3621 Cyclen
3005 3559 3299 3618 eutworfem
3337 3558 3440 3606 und
3480 3559 3694 3609 welche

2125 3633 2301 3693 cyclus
2321 3633 2393 3680 als
2414 3631 2492 3680 die
2516 3627 3004 3690 flundzsternpedode
3025 3628 3170 3676 sollte
3195 3628 3300 3677 sich
3329 3629 3408 3676 tur
3439 3628 3517 3677 die
3541 3632 3691 3691 ΛΕΚ]-

2126 3702 2308 3763 ptiscbe
2331 3701 2679 3762 Zeitrecbnnng
2699 3698 2974 3748 darbieteu?
2997 3697 3200 3746 Freiliob
3223 3697 3372 3746 findet
3387 3698 3494 3747 sich
3522 3699 3576 3748 ἰι
3599 3700 3690 3748 den

2125 3776 2374 3832 Ausziigen
2411 3783 2497 3819 aus
2519 3770 2604 3817 des
2635 3769 2857 3817 Manetlio
2898 3767 3234 3828 AEgyptischen
3270 3767 3596 3817 Gescbiobten
3627 3774 3692 3817 ἰιι

2123 3842 2308 3902 Syncell
2326 3840 2440 3889 oder
2476 3840 2525 3887 in
2547 3839 2712 3887 dassen
2749 3837 3105 3887 AsrIcanisclieu
3149 3837 3438 3899 Dynastieeu
3475 3838 3578 3887 und
3618 3838 3691 3887 bei

2130 3910 2363 3959 Eusebius
2395 3909 2534 3957 keine
2565 3907 2884 3967 Erwmbnung
2907 3905 2994 3952 der
3019 3904 3550 3966 Huudssternpefiode;
3587 3907 3690 3956 dies

2126 3981 2188 4029 ist
2211 3980 2324 4028 aber
2344 3992 2464 4040 ganz
2487 3976 2753 4035 naturlicb;
2779 3975 2874 4024 den
2894 3974 3090 4023 oelteren
3129 3972 3440 4023 christlicbffl
3463 3976 3688 4026 chrono-

2123 4050 2328 4110 graphen
2352 4049 2444 4096 wie
2475 4047 2724 4097 Africanus
2747 4045 2844 4093 und
2877 4044 3109 4093 Eusebius
3129 4056 3231 4091 war
3263 4056 3316 4093 es
3337 4044 3473 4094 bloes
3500 4060 3586 4095 um
3615 4047 3690 4096 die

2126 4117 2330 4165 nackten
2355 4115 2834 4175 Zeilbestimmungen
2852 4126 2911 4161 zu
2933 4113 3050 4161 tbun
3065 4149 3080 4172 ‚
3099 4112 3236 4161 nicht
3258 4125 3344 4160 um
3367 4113 3459 4162 das
3489 4114 3684 4175 phanta-

2124 4186 2297 4235 stiscbe
2314 4187 2497 4246 system
2517 4197 2578 4232 an
2606 4183 2809 4232 welches
2830 4183 2898 4231 sie
2924 4182 3151 4243 geknupst
3171 4193 3355 4240 waren,
3378 4182 3482 4230 und
3511 4184 3559 4231 in
3599 4184 3688 4231 den

2125 4256 2456 4317 AEgyptiscben
2475 4253 2792 4302 Gescliicliten
2810 4251 2894 4300 des
2913 4251 3137 4299 manetho
3165 4251 3362 4299 mocbte
3378 4250 3462 4300 die
3491 4252 3681 4301 nun&-

2123 4324 2444 4386 sternperiode
2461 4324 2585 4371 auch
2605 4336 2698 4372 nur
2712 4323 2823 4373 sebi·
2840 4321 3080 4371 uebeuber
3099 4320 3300 4370 berum
3314 4333 3536 4381 genesen
3557 4324 3685 4381 ιὼς

2125 4396 2238 4442 aber
2257 4406 2396 4442 wenn
2426 4392 2673 4441 Africanus
2696 4395 2800 4453 sagt
2820 4391 2897 4440 dle
2921 4394 3145 4453 AEgypter
3165 4390 3324 4438 beten
3345 4392 3676 4453 gemalem!

2128 4462 2457 4523 iibermaessige
2475 4463 2755 4509 Zeitraeume
2773 4459 2871 4508 und
2890 4459 3131 4522 Myr-iader)
3145 4472 3241 4507 von
3259 4459 3441 4507 Jahren
3473 4461 3598 4510 uada
3619 4463 3688 4509 ei-

2128 4545 2214 4581 ner
2232 4535 2437 4591 Setzung
2458 4543 2550 4578 von
2573 4530 2938 4590 astrologisclien
2963 4529 3350 4590 Bestimmungeu
3388 4530 3684 4590 animem,

2127 4615 2232 4650 wen
2244 4603 2436 4650 koeunte
2447 4614 2500 4648 er
2509 4600 2609 4648 bier
2617 4601 2806 4649 eben-im
2820 4606 2950 4657 Auge
2957 4599 3130 4660 gehabt
3141 4599 3294 4647 baben
3302 4597 3478 4648 aladen
3489 4613 3582 4648 run
3590 4600 3690 4648 Ιι

2128 4672 2390 4721 benutzten
2409 4671 2631 4719 Manetbo
2643 4706 2657 4729 ,
2677 4683 2763 4717 aus
2779 4669 3011 4718 welcbem
3029 4682 3084 4716 er
3104 4668 3157 4729 ja
3175 4668 3324 4717 m
3341 4667 3476 4717 dieue
3501 4681 3682 4730 gumen

2130 4740 2411 4789 zeitroeume
2442 4739 2741 4788 verzeichnet
2763 4739 2930 4787 hatte?
2957 4742 3073 4787 Dass
3091 4741 3233 4786 uniet
3249 4736 3344 4786 deu
3379 4737 3690 4799 astmlogisth·

2131 4809 2430 4858 bestimmten
2451 4807 2763 4856 zeitroeumen
2785 4807 2903 4855 eben
2933 4805 3457 4868 Hitndssternperioden
3483 4804 3680 4867 ζωαὶ(

2130 4880 2285 4940 scien,
2311 4879 2371 4926 ist
2401 4876 2479 4925 die
2499 4877 2757 4924 eiufacbste
2782 4875 2879 4924 und
2901 4875 3212 4924 naturliebste
3246 4877 3628 4936 Voraussetznng
3659 4892 3676 4921 ε

2130 4949 2198 4998 sie
2239 4949 2405 4997 istum
2440 4959 2491 4995 se
2533 4945 2866 5007 begrundeter,
2899 4958 3041 4995 wenn
3075 4944 3154 4993 die
3193 4944 3511 5007 Anwendung
3535 4944 3678 4992 diae

2136 5017 2333 5066 Perinde
2354 5016 2401 5063 in
2442 5014 2527 5063 der
2563 5015 2917 5074 Uebersetzung
2950 5012 3037 5062 der
3070 5013 3307 5074 siebenzig
3343 5014 3678 5063 001th

2133 5088 2255 5135 nach
2291 5085 2402 5135 dem
2436 5097 2529 5133 von
2557 5098 2649 5133 uns
2683 5083 3025 5146 Dargoetellten
3062 5082 3195 5131 nicht
3229 5096 3292 5131 zu
3328 5083 3546 5145 lengum
3577 5083 3670 5130 sein

2132 5157 2358 5206 moeclite.
2382 5174 2404 5196 υ
2428 5181 2491 5190 -
2512 5158 2579 5203 De
2597 5155 2780 5202 ratione
2801 5157 2852 5202 et
2868 5165 2956 5200 usu
2977 5151 3119 5213 hujus
3137 5153 3263 5213 cycli
3283 5152 3577 5211 doctissime,
3599 5149 3665 5198 uti

2133 5227 2276 5284 solet,
2300 5224 2496 5286 exponit
2517 5223 2767 5273 Boeckbius
2791 5224 2868 5284 (p.
2901 5228 2954 5271 18
2977 5226 3120 5284 sqq),
3145 5235 3291 5283 quem
3313 5226 3371 5271 tu
3389 5222 3542 5271 odax
