3900 6042
1503 422 1941 483 Mn-:ssssmus
1975 382 1980 392 ’

168 557 319 618 chum
344 575 477 610 vero
503 556 561 609 in
608 549 1041 628 Καταμετρήσεσι
1065 552 1231 607 ctiam
1257 550 1329 606 de
1356 552 1562 623 plantis
1597 570 1686 606 ea·

3202 431 3304 479 2³¹

1780 554 1916 607 nihil
1963 552 2199 626 probat,
2246 551 2514 623 quoniam
2549 551 2665 604 haec
2702 551 2759 602 in
2791 548 2994 603 finibus
3035 549 3328 623 Magnesiae

170 660 389 714 rumque
412 641 623 695 viribus
641 651 698 694 ct
720 638 790 694 de
816 640 1073 710 reliquis,
1113 656 1238 711 quse
1265 638 1502 711 quisque
1527 655 1690 691 mons
1777 642 1910 709 sita,
1963 640 2124 695 sicuti
2170 638 2388 704 Iolcus,
2438 636 2614 693 modo
2665 637 2955 709 Magnesiae
3001 636 3177 690 modo
3217 634 3330 693 Pe-

172 728 537 785 memorabilia
558 726 816 793 haberet,
841 725 1159 797 exposuisse
1184 734 1451 778 stamunt.
1481 726 1687 778 Verum
1780 725 2060 799 lasgiotidi
2081 726 2367 782 tribuitur.
2395 721 2506 797 (Cf.
2525 721 2747 778 Miiller.
2767 724 2832 776 Z.
2861 723 3033 775 Kar-te
3045 723 3101 779 d.
3126 725 3326 777 noerdl.

171 818 273 871 hac
292 825 415 870 sunt
442 813 856 885 desperantium
882 811 1113 866 consilia
1130 811 1379 867 extrema
1396 852 1411 878 ,
1441 829 1565 883 quai
1593 829 1689 865 co·

172 901 343 955 dicum
359 898 579 953 indiciis
601 896 1065 964 condemnantur,
1090 908 1259 969 atque
1280 915 1350 952 eo
1376 896 1690 965 diluuntur,

173 986 314 1058 quod
329 984 774 1056 Peliidescriptio
791 984 985 1055 juncta
1009 993 1130 1039 erat
1154 984 1517 1057 descriptioni
1539 981 1697 1037 urbis

173 1071 538 1127 Demetriadis.

242 1159 411 1232 Igitur
433 1175 558 1228 quse
578 1157 868 1228 hucusque
888 1156 1292 1228 disputavimus
1309 1196 1325 1223 ,
1351 1157 1409 1210 in
1441 1174 1563 1211 eam
1596 1172 1699 1209 nos

178 1246 368 1299 ducunt
384 1244 715 1299 senteutiam
731 1283 749 1311 ‚
779 1253 842 1297 ut
868 1244 1239 1316 geographica
1258 1243 1376 1297 haec
1394 1243 1698 1316 fragmenta

179 1333 239 1387 ab
256 1348 417 1405 opere
447 1326 565 1391 nio<
582 1325 840 1392 Ἑλλάδος
864 1330 1135 1403 inscripto
1157 1330 1337 1385 aliena
1370 1346 1511 1396 esse,
1536 1337 1589 1381 et
1626 1327 1698 1381 si·

178 1421 277 1473 cuti
295 1418 537 1489 reliqua,
560 1434 685 1489 quae
709 1414 931 1470 codices
957 1417 1269 1482 continent,
1292 1431 1360 1469 ex
1376 1429 1550 1487 opere
1565 1428 1700 1466 vere

178 1503 561 1578 geographico,
588 1498 719 1577 Περὶ
745 1502 838 1567 τῆς
860 1497 1116 1564 Ἑλλάδος
1141 1496 1343 1556 πόλεων
1363 1512 1420 1555 et
1450 1499 1705 1555 similiter

178 1596 420 1666 inscripto
444 1632 461 1659 ‚
488 1592 671 1664 petita
698 1606 1032 1644 censeamus.
1059 1589 1215 1661 Opus
1236 1588 1348 1643 hoc
1377 1585 1706 1662 geographi·

179 1698 327 1735 cuma
337 1677 658 1735 Dicaearcho
667 1675 1127 1749 profectumesse‚
1141 1673 1705 1729 etsiresincertissima

181 1776 273 1833 est,
301 1776 477 1819 tamen
503 1773 808 1836 propterea
827 1762 1067 1816 maxime
1088 1762 1353 1833 suspicari
1372 1760 1525 1828 licet,
1549 1756 1706 1832 quod

182 1870 290 1923 quae
323 1850 390 1906 de
428 1849 625 1904 indole
670 1858 726 1902 et
752 1847 1007 1902 moribus
1048 1848 1275 1901 urbium
1313 1848 1374 1901 in
1402 1846 1602 1920 fragm.
1634 1844 1707 1900 58

182 1939 334 1991 multa
377 1944 762 2009 exponuntur,
809 1935 1060 2006 apprime
1100 1932 1301 1987 cadere
1348 1932 1612 1988 videntur
1650 1932 1711 1985 in

184 2042 295 2079 eum
314 2033 601 2077 auctorem
615 2063 630 2088 ,
659 2039 825 2094 quem
846 2021 1011 2075 etiam
1036 2022 1096 2074 in
1112 2019 1349 2092 reliquis
1362 2020 1473 2073 suis
1494 2020 1712 2093 scriptis

184 2109 245 2165 ad
299 2110 407 2165 haec
468 2108 715 2163 maxime
768 2107 1065 2163 attendisse
1131 2118 1564 2162 consentaneum
1619 2107 1708 2160 sit.

185 2197 506 2267 Quamquam
549 2194 601 2247 si
626 2192 935 2248 Dicaearchi
958 2210 1101 2266 opus
1126 2202 1208 2248 est
1230 2233 1247 2261 ,
1275 2210 1305 2246 a
1328 2210 1459 2249 sene
1485 2191 1715 2248 demum

186 2279 446 2354 decrepito
472 2279 857 2351 conscriptum
876 2296 989 2333 esse
1018 2277 1205 2334 debet.

251 2369 339 2423 Sin
364 2387 429 2423 ex
455 2368 573 2423 alio
604 2377 835 2421 auctore
860 2366 1033 2439 petita
1074 2364 1382 2439 fragmenta
1408 2372 1564 2431 sunt,
1598 2363 1715 2418 duo

187 2455 401 2511 maxime
439 2453 764 2507 offeruntur
806 2452 1105 2525 scriptores
1122 2491 1139 2517 ,
1181 2468 1428 2523 quorum
1464 2451 1718 2505 alterutri

190 2540 496 2595 vindicanda
525 2557 649 2595 esse
673 2539 986 2612 putaveris,
1018 2537 1250 2592 Phileas
1276 2535 1631 2592 Atheniensis
1665 2548 1722 2591 et

192 2629 487 2681 Heraclides
500 2630 837 2682 criticus.-·
851 2627 935 2681 De
949 2624 1138 2679 Philea
1152 2623 1472 2680 Atheniensi
1487 2634 1721 2697 propter

192 2733 245 2771 ea
264 2714 496 2788 cogitare
523 2713 663 2767 licet
680 2753 697 2782 ,
727 2730 850 2784 quae
875 2702 1136 2786 leguntur
1152 2711 1213 2765 in
1234 2710 1489 2783 Dionysii
1512 2707 1719 2787 Ἆναγρ.

193 2821 239 2855 ν.
269 2801 331 2855 33
362 2819 375 2857 :

296 2912 350 2962 ‘n
373 2911 533 2967 mm
546 2911 651 2960 ἀπὸ
668 2916 750 2969 τῆς
768 2907 1043 2973 Ἀμορραίας
1070 2907 1190 2956 εἶναι
1210 2906 1338 2955 seut

299 2981 491 3041 μάλιστα
514 2980 739 3043 συνεχής·
763 2980 817 3028 τὸ
849 2979 988 3040 πέρας
1009 2977 1149 3035 αὐτῆς
1170 2974 1210 3024 δ’
1226 2974 1410 3037 toxa-tat

299 3050 366 3097 ἐπὶ
384 3051 460 3097 τὸν
478 3050 699 3111 ποταμὸν
716 3048 930 3106 Πηνειὸν,
958 3049 1020 3101 ὡς
1035 3049 1080 3094 Φ
1093 3064 1108 3093 ι
1118 3047 1144 3092 λ
1155 3047 1176 3093 ε’
1186 3062 1218 3093 α
1232 3062 1253 3101 ς
1267 3044 1447 3106 γράφει,

298 3118 394 3178 ὄρος
409 3132 457 3166 τε
482 3118 750 3178 Μαγνήτων
764 3116 970 3177 Ὁμόλην
992 3114 1293 3175 καλούμενον.

301 3188 485 3242 Teste&
503 3190 592 3243 τὴν
617 3186 895 3248 Μαγνησίαν
920 3188 1000 3244 τῆς
1021 3184 1236 3237 Ἑλλάδος

302 3255 505 3318 λέγουσιν
522 3257 668 3314 εἶναι,
689 3256 771 3305 τὸν
789 3255 839 3305 δὲ
861 3255 1035 3304 Φιλέω
1057 3253 1240 3314 ἀγνοεῖν

308 3324 689 3388 ἀποχωρίσαντα,
720 3330 858 3373 τοῦτο
870 3324 910 3373 δ’
923 3324 1041 3372 εἶναι
1055 3321 1284 3384 συμφανὲς

304 3398 391 3448 τοῖς
412 3395 682 3457 φιλομαθεῖν
696 3393 897 3455 μάλιστα
913 3392 1323 3456 φιλοτιμουμένας.

200 3496 377 3553 Noster
404 3517 539 3555 vero
568 3500 649 3555 ita
692 3499 790 3571 (l'r.
821 3498 897 3555 60
925 3499 1050 3554 init.
1073 3506 1128 3552 et
1152 3494 1302 3568 fine)
1337 3514 1352 3549 :
1382 3490 1498 3562 Τὴν
1527 3488 1620 3565 μὶν
1643 3481 1731 3550 οὖν

202 3577 415 3639 Ἑλλάδα
438 3582 605 3663 μέχρι
638 3588 728 3642 τοῦ
758 3581 1054 3658 Μαγνήτων
1079 3578 1304 3660 ἀφορίζει»
1323 3577 1612 3657 sopolim
1645 3577 1735 3637 καὶ

202 3669 288 3723 τῶν
309 3671 609 3729 Θετταλῶν.
634 3674 765 3729 Haec
785 3672 1118 3726 omittuntur
1136 3670 1299 3724 initio
1319 3665 1554 3741 fragam]
1573 3664 1736 3736 στάμ·

204 3775 291 3811 που
312 3756 427 3831 (vel
456 3755 704 3832 στομίους
730 3759 808 3813 sic
837 3757 1009 3812 codd.
1037 3766 1325 3829 corrupte.
1350 3755 1581 3828 Τεμπῶν
1608 3756 1734 3828 plu·

206 3845 315 3899 rimi
353 3851 557 3925 corrigi
582 3850 843 3922 volunt).
886 3849 937 3906 T
941 3844 1047 3923 άχα
1085 3846 1139 3904 δὲ
1185 3844 1407 3926 φήσουσί
1432 3867 1563 3911 τινες
1598 3848 1737 3920 ἡμᾶς

207 3930 385 4004 ἀγνοεῖν
404 3931 499 4003 τὴν
538 3932 845 3995 Θεσσαλίαν
872 3938 963 4004 τῆς
993 3931 1246 3999 Ἑλλάδος
1266 3937 1707 4011 καταριθμοῦντας
1723 3979 1738 4003 ,

208 4014 387 4096 ἄπειροι
406 4025 495 4090 τῆς
517 4024 625 4077 τῶν
650 4018 973 4098 πραγμάτων
994 4019 1134 4085 ὄντες
1154 4018 1415 4090 ἀληθείας.

274 4107 520 4183 Utroque
543 4111 674 4165 loeo
694 4108 908 4165 Graecia
928 4111 1211 4182 pertinere
1232 4109 1441 4164 dicitur
1465 4126 1640 4181 usque
1666 4107 1737 4163 ad

213 4192 469 4251 Homolen
494 4198 613 4251 sive
640 4196 971 4253 Homolium
1014 4195 1031 4270 (
1054 4191 1261 4269 λέγεται
1283 4192 1385 4272 γὰρ
1407 4190 1738 4272 ἀμφοτέρως,

209 4277 391 4334 Strabo
429 4300 490 4354 p.
543 4281 658 4348 443
680 4277 719 4354 ).
745 4285 951 4363 lfioster
998 4301 1136 4337 vero
1185 4283 1513 4337 sententiam
1554 4299 1738 4349 suam,

211 4380 307 4433 qua
332 4368 663 4424 Thessaliam
690 4371 749 4423 in
772 4370 981 4426 Graecia
1004 4369 1406 4439 comprehendi
1432 4370 1573 4438 vult,
1597 4369 1740 4423 mul·

214 4451 467 4509 tisverbis
508 4456 761 4529 probare
796 4456 1013 4523 studet,
1049 4455 1192 4511 adeo
1220 4464 1284 4509 ut
1312 4464 1595 4527 tamquam
1625 4455 1742 4528 pri·

212 4554 321 4593 mus
364 4541 480 4611 ejus
525 4555 728 4598 auctor
763 4544 923 4599 citari
961 4561 993 4598 a
1036 4541 1340 4598 serioribus
1379 4542 1745 4614 scriptoribus

215 4627 463 4692 potuerit.
516 4629 781 4685 Ceterum
809 4629 1026 4684 Phileas
1055 4646 1088 4683 a
1117 4627 1323 4684 Graecia
1352 4626 1599 4681 excludit
1620 4624 1745 4682 Μι-

214 4713 437 4779 gnesiam
453 4755 468 4780 ,
488 4710 606 4769 siv'e
624 4725 864 4770 metum
883 4715 1041 4769 illum
1061 4714 1336 4769 litoralem
1352 4752 1368 4781 ,
1400 4716 1496 4786 qui
1518 4731 1551 4768 a
1576 4714 1741 4769 Penei

217 4797 352 4851 ostiis
387 4798 458 4853 ad
512 4802 731 4857 Pelium
759 4812 1010 4856 montem
1050 4812 1107 4857 et
1147 4801 1331 4856 sinum
1368 4800 1741 4874 Pagaseticum

217 4886 463 4939 excurrit.
486 4888 573 4942 De
592 4888 676 4944 his
702 4891 763 4943 in
781 4887 1094 4960 fragmento
1123 4898 1316 4943 nostro
1343 4887 1484 4941 nihil
1507 4887 1745 4961 legitur-3

216 4964 575 5029 demonstrari
600 4992 736 5029 vero
767 4976 964 5046 nequit
996 4974 1380 5030 Dicam-chum
1399 5013 1415 5039 ,
1446 4990 1617 5045 quem
1653 4972 1746 5027 di-

218 5071 333 5109 cere
370 5057 532 5114 liceat
550 5101 566 5127 ‚
607 5063 942 5135 Magnesiam
983 5063 1207 5119 Gracia
1245 5062 1568 5134 ascripsisse.
1607 5060 1746 5116 Nam

216 5141 359 5207 quod
380 5145 789 5202 Demetriadem
808 5147 1002 5202 urbem
1034 5150 1090 5203 in
1112 5166 1282 5222 opere
1306 5166 1404 5202 suo
1428 5146 1746 5220 descripsit,

1785 816 1879 867 Gr.
1923 831 1985 886 p.
2019 830 2051 881 7
2077 809 2118 888 ).
2150 813 2357 868 Contra
2383 828 2553 877 vero,
2592 810 2637 863 si
2673 810 3006 882 Magnesiam
3040 810 3098 862 in
3125 809 3337 865 Graecia

1783 899 2294 971 comprehendisset
2332 909 2553 967 auctor,
2580 896 2709 967 jure
2744 913 2985 967 quaeras,
3009 913 3110 949 cur
3133 896 3337 951 dixerit

1784 998 1975 1059 patere
2015 1004 2138 1041 eam
2175 1003 2208 1040 a
2247 985 2637 1058 Peloponneso
2676 983 2908 1057 boream
2935 1000 3125 1037 versus
3162 1003 3338 1057 usque

1785 1073 1857 1128 ad
1889 1075 2176 1129 Homolen
2201 1084 2453 1128 montem
2480 1074 2496 1145 (
2520 1073 2616 1143 qui
2651 1073 2711 1124 in
2741 1068 2945 1124 finibus
2970 1069 3260 1126 Thessalia!
3287 1082 3341 1126 et

1786 1161 2076 1234 Magnesiae
2120 1159 2192 1214 ad
2229 1161 2471 1214 Peneum
2511 1156 2746 1212 fluvium
2783 1158 2917 1211 situs
2955 1153 3090 1229 est).
3140 1159 3343 1212 Nonne

1786 1247 2109 1319 simpliciter
2131 1246 2384 1300 dicturus
2409 1245 2594 1299 fuisset
2621 1263 2634 1297 ε
2661 1261 2837 1315 usque
2861 1242 2934 1298 ad
2962 1240 3210 1298 Peneum
3240 1242 3343 1298 flu·

1788 1335 1942 1387 vium
1981 1343 2037 1387 et
2070 1334 2348 1387 montium
2385 1328 2651 1398 tractum,
2692 1348 2835 1402 quos
2869 1330 3204 1385 Cambunios
3243 1350 3343 1385 vo·

1790 1419 2012 1474 camus?
2050 1422 2182 1476 Haec
2225 1420 2397 1492 igitur
2427 1417 2662 1473 suadent
2699 1417 2890 1489 potius
2923 1418 3188 1472 Nostrum
3228 1437 3344 1472 non

1792 1504 2102 1560 dissensisse
2141 1523 2176 1559 a
2201 1504 2408 1562 Philea.
2446 1502 2546 1561 Sin
2576 1521 2714 1558 vero
2749 1520 3064 1574 expressam
3099 1502 3215 1573 ejus
3264 1505 3344 1557 rei

1792 1594 2135 1647 mentionem
2167 1589 2447 1647 desideras
2465 1632 2480 1658 ,
2522 1607 2780 1645 accusare
2810 1606 3028 1662 possem
3051 1600 3344 1662 excerpto-

1794 1698 1945 1748 rem,
1991 1681 2087 1752 qui
2139 1680 2305 1752 plura
2343 1679 2610 1733 omiserit.
2658 1677 2856 1748 Neque
2896 1687 3082 1730 tamen
3125 1688 3204 1731 est
3246 1695 3348 1731 cur

1795 1765 1868 1821 ad
1898 1766 2006 1820 tale
2042 1765 2182 1837 quid
2226 1764 2630 1838 confugiamus
2666 1762 3154 1833 Quemadmodum
3199 1765 3348 1818 enim

1796 1861 1991 1905 nostro
2023 1850 2153 1905 loco
2182 1849 2520 1924 declaratur,
2554 1867 2849 1922 quousque
2883 1867 2920 1903 a
2959 1847 3194 1902 meridie
3237 1846 3348 1899 bo·-

1800 1956 1949 1992 ream
1981 1954 2176 1992 versus
2201 1937 2412 1992 Graecia
2451 1947 2666 2009 pateat,
2698 1939 2773 1990 sic
2809 1938 2870 1989 in
2898 1932 3352 1989 antecedentibus

1799 2037 1997 2080 auctor
2031 2026 2348 2099 exposuisse
2380 2024 2664 2097 putandus
2700 2035 2809 2091 est,
2850 2040 3141 2095 quousque
3167 2029 3354 2094 pateat

1800 2112 1871 2167 ab
1914 2130 2114 2167 occasu
2150 2113 2422 2167 orientem
2463 2130 2670 2167 versus.
2705 2115 2888 2183 Atque
2915 2111 3019 2164 hac
3047 2110 3106 2162 in
3130 2110 3355 2181 exposi-

1804 2200 1956 2253 tione
1977 2199 2246 2254 Homoles
2271 2218 2315 2257 s.
2341 2199 2587 2253 Homolii
2611 2198 2956 2252 mentionem
2979 2194 3190 2249 faciunt
3215 2195 3356 2250 Dio-

1802 2286 1990 2357 nysius
2007 2297 2064 2341 et
2083 2286 2279 2357 Scylax
2303 2287 2400 2358 qui
2425 2285 2663 2339 eundem
2685 2284 2931 2338 Phileam
2949 2281 3236 2353 exscripsit
3261 2278 3351 2351 (Ἴ.

1804 2374 2015 2427 Dicunt
2050 2372 2199 2425 enim
2227 2371 2493 2427 Graeciam
2534 2371 2815 2443 pertinere
2842 2369 2913 2422 ab
2945 2366 3238 2422 Ambracia
3267 2387 3358 2421 us-

1807 2476 1917 2532 que
1945 2457 2020 2512 ad
2049 2458 2369 2513 Homoliam
2387 2498 2403 2523 ,
2429 2459 2488 2511 in
2513 2457 2806 2530 Magnesiae
2833 2453 3070 2522 finibus,
3093 2452 3360 2507 docentes

1808 2548 1997 2618 itaque
2020 2563 2143 2601 eam
2170 2556 2387 2617 partem
2428 2562 2552 2617 quae
2588 2544 2659 2598 ab
2684 2542 2955 2597 Homolio
2981 2551 3061 2595 est
3085 2558 3262 2612 usque
3285 2540 3359 2595 ad

1809 2650 1989 2697 mare,
2010 2631 2253 2686 excludi.
2277 2632 2402 2686 Hoc
2429 2632 2601 2703 igitur
2623 2630 2750 2683 loco
2773 2628 2938 2683 etiam
2956 2629 3157 2681 Noster
3185 2625 3360 2682 dehis

1808 2718 2064 2793 pluribus
2096 2719 2408 2785 monuerit,
2452 2716 2697 2789 ideoque
2733 2725 2927 2769 nostro
2971 2713 3099 2768 loco
3137 2714 3360 2767 Homo-

1812 2809 1947 2861 lium
1969 2817 2254 2878 tamquam
2272 2806 2570 2859 terminum
2591 2844 2607 2870 ,
2633 2802 2704 2857 de
2732 2820 2846 2874 quo
2865 2801 2978 2872 jam
3006 2801 3357 2871 exposuerit,

1814 2894 1990 2950 verbo
2019 2910 2460 2949 commemorare
2492 2891 2753 2946 habuerit
2791 2891 2936 2945 satis.
2977 2889 3098 2942 Jam
3141 2905 3277 2942 vero
3318 2888 3362 2942 si

1812 2980 2150 3056 Magnesiam
2177 2981 2443 3047 exclusit,
2463 2980 2714 3050 sequitur
2734 2975 3110 3048 conjecturam
3140 2992 3360 3041 eorum,

1815 3071 1911 3141 qui
1934 3086 2048 3142 pro
2074 3068 2175 3123 τῶν
2196 3065 2484 3124 Θεσσαλῶν
2504 3061 2746 3138 arduum,
2773 3063 2861 3117 vel
2882 3058 3094 3133 στομίου
3113 3060 3366 3115 scribunt

1815 3177 1866 3214 τ.
1898 3154 1971 3213 Θ.
2001 3154 2255 3227 Τεμπῶν,
2282 3153 2499 3208 admitti
2534 3170 2650 3207 non
2672 3168 2847 3225 posse.
2870 3150 3012 3205 Nam
3037 3149 3361 3203 Homolium

1816 3260 1925 3297 sec.
1949 3239 2284 3297 Strabonem
2314 3249 2395 3294 at
2420 3238 2559 3293 κατὰ
2587 3234 2682 3305 τὴν
2705 3231 2874 3312 ἀρχὴν
2902 3236 2996 3301 τ’ἧς
3013 3237 3103 3289 τοῦ
3139 3233 3362 3301 Πηνειοῦ

1819 3323 1904 3382 διὰ
1942 3327 2047 3382 τῶν
2074 3326 2308 3398 Τεμπῶν
2337 3321 2633 3393 διεκὸολῆς;
2657 3323 2846 3395 itaque
2879 3324 3087 3394 Tempe
3126 3339 3243 3375 non
3279 3322 3365 3376 so·

1818 3425 1944 3469 rent
1970 3414 2353 3469 Thessalorum
2372 3453 2388 3479 ‚
2423 3410 2522 3467 sed
2547 3408 2884 3485 Magnetum.
2919 3410 3103 3480 Quare
3145 3408 3369 3463 latuerit

1820 3511 1914 3555 aut
1940 3502 2029 3555 τοῦ
2054 3498 2342 3558 Θεσσαλῶν
2362 3495 2637 3571 Ὀλύμπου
2653 3538 2668 3564 ,
2696 3498 2773 3550 ita
2795 3496 3008 3551 scilicet
3033 3504 3096 3549 ut
3123 3513 3248 3549 cum
3269 3513 3369 3548 an-

1822 3587 2161 3659 tiquioribus
2182 3585 2548 3658 scriptoribus
2569 3584 2842 3655 Olympus
2864 3580 3088 3636 dicatur
3109 3590 3254 3634 totus
3276 3581 3368 3634 illc

1822 3676 2102 3729 montium
2132 3683 2369 3739 tractus,
2402 3673 2500 3744 qui
2530 3670 2862 3725 Thessaliam
2892 3679 2949 3723 et
2983 3667 3369 3724 Macedoniam

1823 3760 2112 3834 dispescit3
2146 3770 2244 3816 aut
2272 3758 2626 3815 scribendum
2670 3776 2684 3810 ι
2716 3756 2822 3812 τῶν
2853 3755 3141 3813 Θεσσαλῶν
3178 3754 3221 3811 Γ
3222 3748 3369 3809 όννου

1822 3848 1936 3901 sive
1966 3846 2009 3903 Γ
2008 3843 2192 3915 όννων,
2223 3863 2347 3919 qua
2388 3844 2673 3901 Thessaliae
2718 3842 2855 3898 urbs
2891 3843 3054 3896 sicuti
3093 3841 3368 3906 Homolc,

1824 3950 1893 3989 eo
1919 3935 2040 4009 ipso
2060 3935 2188 3988 loco
2214 3934 2317 3989 sita
2332 3943 2412 3987 est
2426 3933 2522 3986 ubi
2546 3933 2755 4002 Tempe
2773 3929 2930 3985 vallis
2950 3928 3100 4000 capit
3126 3927 3368 3983 initium.

1902 4021 2056 4076 Nihil
2082 4022 2252 4095 igitur
2274 4019 2549 4093 impedire
2584 4018 2809 4073 videtur
2837 4017 2977 4088 quin
3016 4008 3204 4069 riostra
3245 4025 3373 4085 apte

1826 4126 1957 4164 cum
1975 4109 2059 4175 iis,
2081 4126 2204 4181 que
2220 4124 2288 4162 ex
2310 4107 2500 4163 Philea
2524 4105 2842 4170 traduntur,
2861 4102 3122 4175 componi
3137 4102 3368 4173 possint.

1890 4261 1954 4319 ('')
1984 4260 2160 4322 scylax
2187 4259 2219 4322 §
2240 4264 2299 4308 33
2322 4278 2336 4309 ε
2360 4258 2595 4307 Ἐντεῦθεν
2620 4260 2721 4315 (sc.
2746 4256 2840 4304 ἀπὸ
2865 4254 3161 4316 neopum)
3187 4252 3371 4312 ἄρχεται

2019 4345 2041 4384 ς
2063 4329 2260 4388 συνεχὴς
2283 4328 2402 4375 εἶναι
2425 4328 2559 4388 μέχρι
2589 4328 2792 4382 Πηνειοῦ
2815 4330 3032 4382 ποταμοῦ
3049 4324 3128 4368 καὶ
3151 4322 3373 4380 Ὀμολίου

1827 4398 2007 4453 πόλεως
2044 4400 2291 4455 (montem
2324 4394 2656 4457 cognonunem
2691 4395 2826 4455 pontt
2865 4390 3178 4453 Dionysius),
3211 4390 3240 4447 ἥ
3277 4390 3371 4437 ἐστι

1828 4468 1954 4529 παρὰ
1974 4469 2056 4516 τὸν
2080 4464 2304 4526 ποταμόν.
2327 4463 2512 4513 Deinde
2535 4463 2567 4526 ς
2591 4470 2670 4520 os.
2685 4464 2939 4524 postquam
2964 4458 3214 4520 Magnesiae
3240 4470 3373 4506 oram

1829 4536 2225 4599 perlustraverat,
2239 4534 2392 4595 pergit
2410 4547 2424 4581 t
2443 4533 2521 4583 Ἕν
2540 4532 2761 4595 μεσογείᾳ
2774 4532 2824 4580 δὲ
2841 4532 3083 4580 summust
3103 4526 3343 4589 Περραιδοὶ
3357 4561 3372 4584 ,

1828 4608 2060 4663 Ἕλληνες.
2079 4606 2225 4666 Μέχρι
2248 4602 2443 4652 ἐνταῦθά
2461 4604 2555 4663 (sc.
2571 4613 2723 4663 usquc
2743 4600 2802 4649 ad
2821 4597 3102 4650 Perrhaebiae
3120 4600 3170 4645 et
3191 4598 3375 4657 Magne-

1830 4675 1914 4723 siae
1938 4672 2169 4733 confinia)
2190 4673 2316 4720 ἐστιν
2338 4672 2433 4721 ἀπὸ
2457 4670 2731 4733 Ἀμβρακίας
2751 4669 2947 4730 συνεχὴς
2983 4668 3015 4724 ἡ
3035 4664 3216 4717 Ἑλλάς.
3243 4663 3375 4711 Ἐπι-

1833 4750 1968 4799 εικῶς
1985 4743 2035 4792 δὲ
2058 4744 2138 4791 καὶ
2161 4742 2236 4790 ἐπὶ
2268 4741 2494 4790 θάλατταν
2524 4746 2658 4790 πᾶσα
2681 4738 2863 4787 Ἑλλάδι
2891 4734 3051 4799 ὅμοιόν
3075 4733 3200 4783 ἐστίν
3226 4732 3377 4794 (lege-

1838 4815 1926 4863 rim
1943 4814 2024 4862 καὶ
2042 4815 2074 4871 ἡ
2091 4810 2402 4861 ὶπιθαλασσία
2416 4815 2551 4860 πᾶσα
2578 4811 2627 4859 tv
2644 4808 2768 4858 Ἑλλ.
2793 4805 2966 4870 ὁμοίως
2983 4803 3109 4854 ἐστίν
3123 4803 3159 4863 ).
3189 4806 3378 4851 Postre-

1835 4883 1925 4931 mis
1940 4882 2187 4936 Ἔπιεικῶς
2206 4881 2307 4928 κτλ.
2332 4878 2498 4929 eadem
2523 4878 2813 4936 indicantur,
2844 4888 2956 4938 quae
2983 4872 3237 4934 Dionysius
3266 4870 3378 4919 dicit

1834 4951 1945 5001 inde
1961 4964 1992 5000 ι
2013 4950 2172 5000 verbls
2187 4951 2317 5004 Τινὲς
2333 4950 2384 4998 δὲ
2402 4951 2482 4997 καὶ
2504 4950 2587 5005 τὴν
2608 4948 2902 5008 Μαγνησίαν.
2921 4946 3044 5000 Quae
3066 4942 3270 4992 Fuhrius
3294 4940 3350 4988 iis
3365 4978 3377 4997 ‚

1833 5034 1944 5084 quae
1957 5021 2006 5069 in
2019 5018 2410 5069 antecedentibus
2421 5018 2484 5068 de
2501 5017 2661 5067 Philea
2673 5016 2950 5076 traduntur,
2964 5011 3201 5062 contraris
3216 5012 3349 5072 putet
3366 5045 3379 5065 ,

1837 5090 2183 5140 versificatores
2200 5088 2495 5151 negligentiae
2509 5089 2711 5148 incusat,
2734 5087 2958 5147 virosque
2971 5084 3140 5132 doctos
3160 5082 3378 5135 miratur.

1838 5159 1918 5221 qni
1944 5160 2304 5221 repugnantiam
2328 5159 2468 5208 istem
2495 5170 2591 5208 non
2613 5155 2831 5206 viderint.
2853 5153 3140 5204 Dormitavit
3160 5149 3377 5201 Fuhrius.
