3900 6042
504 451 574 500 26
1625 428 2110 493 DEMocmTus
2150 427 2487 489 ABDERlT
2497 426 2557 485 Α.

496 590 669 627 mum.
694 572 961 642 Aequum
978 570 1177 624 Bolum
1200 566 1354 641 apud
1369 570 1675 622 Varronem
1696 566 1757 618 in
1776 564 2046 618 Eubolum
2131 560 2327 639 phistis
2352 558 2625 614 Indorum
2640 598 2655 626 ,
2679 576 2806 637 cum
2836 559 3010 633 magis
3031 561 3342 628 Persarum,
3360 578 3490 616 cum
3517 560 3692 616 chal-

496 669 827 730 corruptum
847 654 1160 724 videamuS,
1191 654 1364 710 facilis
1389 653 1710 725 conjectura
1729 662 1808 706 est
1846 668 1877 704 a
1904 650 2047 705 Bolo

495 756 691 800 nostro
705 762 824 799 nou
860 742 1142 797 diversum
1178 740 1615 807 aeseEubulum,
1638 740 1737 810 qui
1756 738 2046 792 historiam

501 829 718 887 Mithrae
736 830 1098 903 consignavit.
1121 830 1497 900 Hieronymus
1511 826 1656 881 Adv.
1678 827 1710 879 J
1715 827 1867 879 ovin.
1895 843 1909 877 t
1933 825 2049 878 Eu-

499 921 656 973 bulus
672 935 884 992 quoque
904 920 997 989 qui
1030 916 1316 970 historiam
1349 913 1586 969 Mithroe
1612 914 1798 967 multis
1822 913 2042 965 volumi·

497 999 654 1052 nibus
685 998 1005 1069 explicavit,
1054 1005 1250 1048 nan-at
1285 995 1442 1067 apud
1466 993 1666 1046 Persas
1703 996 1809 1045 m'a
1838 1008 2049 1062 genera

497 1102 812 1155 magorum,
851 1100 1078 1154 quorum
1112 1086 1348 1154 primos,
1383 1085 1481 1153 qui
1506 1085 1623 1133 sint
1657 1081 1958 1132 doctissimi
1996 1088 2051 1130 et

498 1173 941 1242 eloquentissimi,
981 1179 1214 1240 excepta
1239 1164 1450 1237 farina
1488 1178 1545 1219 ee
1567 1167 1714 1220 olere
1740 1164 1885 1218 nihil
1920 1182 2049 1217 am-

491 1259 645 1329 plius
668 1262 726 1310 in
751 1258 874 1311 cibo
899 1274 1131 1309 sumere.
1158 1254 1413 1310 Eundem
1446 1253 1731 1309 Eubulum
1761 1264 2051 1307 auctorem

498 1345 832 1397 narrationis
859 1342 930 1398 de
960 1352 1122 1396 antro
1143 1340 1533 1414 Nympharum
1570 1339 1760 1394 laudat
1790 1338 2052 1411 Porphy-

499 1449 632 1485 rius,

541 1548 549 1558 -
577 1518 807 1571 Restant
826 1515 955 1571 libri
992 1514 1063 1569 de
1090 1514 1265 1569 literis
1283 1514 1481 1580 sacris,
1507 1531 1651 1585 quos
1676 1514 1808 1567 item
1853 1512 1926 1567 de
1954 1512 2056 1566 do·

501 1605 680 1658 ctrina
703 1621 997 1675 magorum
1013 1602 1174 1656 suisse
1203 1619 1423 1656 censeo.
1446 1602 1765 1655 Tractatum
1789 1597 1923 1675 Περὶ
1948 1601 2053 1654 τῶν

501 1689 555 1744 ἓν
575 1687 847 1746 Βαὸυλῶνι
868 1689 1018 1766 ῖέρῶν
1034 1686 1362 1765 γραμμάτων
1376 1688 1606 1759 respicit
1623 1688 1876 1743 Clemens
1893 1687 2053 1743 Alex.

501 1775 712 1831 Strom.
736 1777 797 1843 1,
828 1795 891 1848 p.
935 1775 1037 1830 131
1073 1775 1227 1847 sylb.
1264 1771 1416 1852 (356
1453 1775 1606 1828 Pott.
1634 1772 1651 1847 )
1688 1792 1703 1826 z
1733 1769 2056 1849 Δημόκριτος

502 1860 619 1927 τοὺς
649 1859 1009 1933 Βριὸυλωνίους
1037 1858 1217 1934 λόγους
1251 1856 1459 1929 ἠθικοὺς
1484 1856 1791 1927 πεποίηται·
1848 1857 2055 1933 λέγεται

504 1950 607 2028 γὰρ
645 1947 741 2017 τὴν
784 1946 1059 2024 Ἀκικάρου
1094 1945 1291 2016 στήλην
1343 1949 1740 2024 ἑρμηνευθεῖσαν
1780 1953 1885 2010 τοῖς
1913 1944 2058 2012 ἰδίοις

507 2033 753 2102 συντάξαι
780 2032 1175 2110 συγγράμμασι.
1199 2057 1259 2067 -·
1278 2037 1364 2089 De
1382 2036 1620 2089 Acicaro
1641 2052 1841 2107 parum
1858 2036 2052 2107 liquet.

512 2120 671 2178 Idem
712 2134 899 2176 tamen
936 2122 1054 2175 sine
1082 2120 1258 2174 dubio
1305 2132 1385 2175 est
1426 2121 1523 2192 qui
1570 2117 1914 2196 Ἀκίχαρος
1958 2139 2052 2194 ap.

509 2211 677 2282 Diog.
702 2211 771 2263 L.
794 2204 864 2277 V,
889 2207 979 2262 50.
999 2210 1084 2262 Ita
1106 2208 1255 2261 enim
1277 2207 1688 2279 Theophrastus
1709 2208 2060 2280 inscripserat

510 2295 717 2349 librum
736 2334 752 2362 ,
776 2312 942 2366 quem
973 2295 1254 2367 Diogenes
1285 2312 1411 2348 cum
1434 2292 1681 2364 ejusdem
1701 2295 1920 2367 scriptis
1939 2292 2059 2372 περὶ

518 2378 775 2448 αὐξήσεως
791 2422 807 2449 ,
867 2378 987 2458 περὶ
1033 2379 1307 2435 δικανικῶν
1351 2378 1551 2454 λόγων,
1605 2377 1725 2455 περὶ
1774 2377 2020 2450 διαὸολῆς
2039 2424 2057 2458 ,

518 2467 816 2532 ἐπιστολαῖς
857 2469 1155 2541 componit
1198 2466 1287 2543 (*).
1320 2467 1489 2541 Apud
1517 2468 1851 2524 Strabonem
1887 2472 2051 2540 XVI,

511 2576 571 2629 p.
591 2556 702 2626 762
715 2552 1021 2631 Ἀχαΐκαρος
1030 2557 1743 2629 Bosporanussapienscum
1756 2575 2061 2632 gymnoso-

579 2720 642 2779 (*)
676 2721 803 2767 Num
825 2719 951 2767 sorte
980 2717 1182 2768 eandem
1210 2718 1564 2780 inscriptionem
1585 2719 1860 2783 (Ἀκίχαρος
1888 2721 1962 2770 vel
1990 2722 2060 2772 Ἄ.

513 2788 767 2850 χαικαρος)
807 2787 1041 2836 habebant
1082 2786 1296 2850 epistolae
1330 2788 1649 2850 Theopompi,
1683 2802 1803 2850 quas
1836 2790 2063 2853 ἀρχαῖκὰς

2136 646 2269 702 daeis
2295 648 2676 720 Assyriorum,
2708 647 2827 701 aliis
2859 658 3235 721 comparatur.
3262 648 3436 719 Quod
3465 649 3688 721 Bospo-

2131 738 2329 803 ranus,
2352 753 2470 788 non
2504 752 2640 788 vero
2664 733 3004 806 Babylonius
3046 734 3276 803 dicitur,
3303 735 3444 789 nihil
3466 752 3688 803 moror,

2136 840 2354 877 memor
2379 840 2577 876 eorum
2595 862 2610 889 ,
2654 839 2776 893 quae
2801 820 2872 875 de
2900 823 3082 896 patria
3099 823 3410 877 Zoroastris
3427 821 3691 877 diversis-

2134 910 2270 963 sima
2293 907 2848 963 circumferebantur.
2872 909 3126 963 Fortasse
3141 909 3407 963 Acicarus
3433 909 3589 964 idem
3610 919 3695 963 est

2137 1015 2200 1051 ac
2217 1000 2525 1061 Azonacus‚
2543 1012 2711 1067 quem
2729 996 3008 1049 Zoroastri
3025 996 3348 1069 magistrum
3371 995 3535 1051 fuisse
3549 996 3691 1051 dicit

2136 1083 2346 1137 Plinius
2367 1083 2557 1149 XXX,
2580 1099 2612 1136 a
2647 1078 2756 1154 (1).
2783 1080 3276 1151 Quemadmodum
3289 1082 3461 1156 igitur
3481 1083 3575 1137 hic
3597 1084 3696 1137 Ba·

2136 1170 2344 1242 bylone
2363 1187 2472 1223 suae
2497 1168 2778 1241 sapientiae
2805 1180 3167 1224 monumenta
3200 1170 3350 1224 stelae
3378 1170 3692 1241 insculpse-

2139 1269 2259 1325 rat,
2289 1260 2366 1312 sic
2392 1256 2544 1312 idem
2566 1257 2705 1311 alius
2728 1256 2974 1327 ejusdem
2990 1257 3209 1330 generis
3223 1256 3398 1311 homo
3413 1258 3474 1310 in
3494 1259 3694 1312 Meroe

2139 1343 2325 1399 secisse
2365 1343 2648 1417 putandus
2686 1354 2782 1398 est.
2828 1343 3095 1417 Suspicor
3141 1360 3270 1398 eum
3328 1343 3491 1399 fuisse
3527 1345 3696 1399 istum

2138 1429 2566 1501 Apollobechen
2606 1430 2901 1502 Coptiten,
2946 1447 3114 1501 quem
3148 1431 3506 1485 Democritus
3532 1431 3696 1484 sicuti

2138 1515 2462 1570 Dardanum
2492 1513 2509 1592 (
2531 1517 2589 1571 in
2613 1511 2832 1593 Φρυγίῳ
2858 1511 2997 1591 λόγῳ
3017 1514 3070 1588 Ρ)
3095 1516 3388 1569 illustrasse
3417 1515 3694 1572 credeba-

2141 1612 2248 1656 tur.
2268 1599 2460 1658 Simile
2504 1612 2898 1676 argumentum
2931 1611 3185 1656 tractasse
3209 1598 3514 1658 Χαλδαῖκὸν
3540 1599 3696 1676 λόγον

2140 1700 2341 1763 sponte
2368 1690 2718 1762 intelligitur.
2740 1688 3052 1744 Obscurum
3096 1705 3235 1741 vero
3262 1687 3402 1759 quid
3431 1698 3698 1743 tractave-

2142 1777 2218 1830 rit
2238 1787 2436 1831 auctor
2457 1777 2516 1830 in
2531 1777 2678 1831 libro
2691 1772 2809 1851 περὶ
2835 1776 3057 1850 πυρετοῦ
3085 1772 3233 1842 κτλ.;
3254 1774 3533 1846 siquidem
3557 1793 3696 1848 pro·

2144 1862 2328 1917 babile
2350 1874 2431 1917 est
2458 1864 2620 1917 etiam
2639 1861 2807 1934 hujus
2831 1863 2960 1916 libri
2989 1880 3120 1917 cum
3147 1862 3379 1933 reliquis
3400 1862 3699 1935 cognatio-

2141 1969 2270 2003 nem
2285 1950 2528 2022 aliquam
2550 1950 2726 2005 fuisse.
2741 1950 2882 2005 Utut
2897 1960 3007 2015 est,
3032 1948 3142 2002 hoc
3160 1949 3287 2003 satis
3304 1989 3319 2017 ,
3347 1959 3516 2022 puto,
3541 1949 3700 2003 intel·

2145 2036 2334 2111 ligitur
2359 2032 2714 2109 ὑπομνήματα
2737 2036 3077 2103 Democriti,
3103 2035 3192 2089 vel
3216 2035 3332 2106 ejus
3347 2036 3568 2107 potius,
3601 2035 3698 2108 qui

2143 2123 2465 2195 philosophi
2499 2141 2709 2177 nomen
2733 2125 2998 2178 mentitus
3017 2132 3127 2189 est,
3152 2122 3292 2176 nihil
3325 2123 3697 2190 continuisse,

2145 2209 2304 2282 quod
2329 2227 2461 2265 vere
2476 2211 2806 2265 historicum
2823 2210 3006 2265 fuerit.
3030 2209 3170 2263 Cum
3188 2209 3322 2264 stela
3338 2210 3559 2264 Acicari
3571 2208 3702 2281 jure

2149 2308 2248 2352 tuo
2272 2296 2526 2352 conseras
2561 2315 2713 2367 eam,
2758 2315 2828 2353 ex
2856 2314 2968 2371 qua
2995 2295 3235 2351 deorum
3269 2296 3559 2351 historiam
3598 2296 3705 2351 de·-

2146 2385 2364 2458 scripsit
2383 2385 2702 2442 Evemerus.

2209 2551 2271 2612 (⁴)
2301 2553 2505 2601 Movet-s.
2529 2551 2831 2603 Pkoenizien
2853 2554 2971 2601 tom.
2988 2555 3037 2613 1,
3065 2565 3114 2614 p.
3143 2557 3201 2604 97
3231 2553 3415 2615 (Bonn.
3447 2557 3558 2603 1841
3580 2553 3706 2616 >pro

2147 2620 2389 2685 Ἇκικάρου
2406 2621 2710 2670 scribendum
2728 2621 2952 2683 proponit
2971 2622 3194 2685 Μακάρου
3206 2657 3222 2683 ,
3239 2622 3370 2685 quod
3384 2636 3564 2672 nomeu
3587 2624 3705 2672 Her·

2151 2692 2269 2741 culis
2290 2693 2394 2741 erat
2416 2692 2546 2754 apud
2579 2692 2825 2742 Phoenioes
2840 2695 2891 2740 et
2910 2693 3171 2754 AEgypssos,
3197 2693 3397 2742 confert
3419 2693 3494 2742 vir
3520 2693 3706 2743 doctis·

2148 2763 2298 2812 simus
2318 2762 2633 2825 Theophilum
2652 2761 2722 2810 Ad
2738 2762 2961 2824 Autolyc.
2989 2765 3087 2825 111,
3107 2769 3135 2813 2
3160 2782 3174 2813 ι
3199 2763 3257 2813 Τί
3271 2763 3515 2827 ὠφέλησαν
3543 2765 3709 2815 Πυθα-

514 2857 591 2906 vel
624 2858 832 2918 ἀχαῑκὰς
867 2856 1011 2920 vulgo
1042 2857 1292 2919 inscriptas
1316 2855 1516 2905 dicunt?
1554 2857 1630 2917 (v.
1656 2861 1845 2920 Fragm.
1881 2860 2062 2909 Histor.
2152 2831 2292 2896 Υόραν
2327 2832 2387 2881 τὰ
2409 2832 2650 2881 &6me
2671 2833 3278 2897 Ἡρακλέουςστῆλωῗ

516 2939 567 2987 p.
587 2926 782 2975 Lxxlll
803 2926 840 2985 ).
