3900 6042
515 458 761 510 xxxviri

510 584 614 637 τῶν
650 580 727 637 ἔτι
755 582 1059 645 ἐνδοιαστῶς
1088 582 1430 660 ἀκροωμένων
1461 586 1697 661 Λατίνων
1727 588 2025 661 στησόμεθα
2053 613 2065 626 ·

511 666 924 744 ἠναγκασμένοις
953 667 997 725 δ’
1027 667 1311 747 ἀνθρώποις
1340 670 1431 728 καὶ
1459 671 1544 728 τὸν
1568 671 1789 751 ἔσχατον
1815 674 1935 749 περὶ
1959 679 2060 756 ψυ-

508 758 609 832 χῆς
639 754 876 834 τρέχουσι
922 754 1109 831 δρόμον
1152 754 1261 813 οὔτ’
1302 755 1495 836 δίπορον
1526 759 1668 816 οὐδὲν
1708 759 1812 818 οὔτ’
1848 761 2067 820 ἀντίπα-

508 843 621 902 λον.
671 867 693 893 u
736 843 970 900 Τοιαῦτα
1015 843 1368 920 διαλεγόμενοι
1403 845 1527 923 πρὸς
1574 846 1859 920 ἀλλήλους,
1898 848 2062 927 ὀλίγοι

510 926 605 1003 μὲν
630 926 696 985 τὰ
720 931 903 1006 πρῶτα
920 973 935 998 ,
959 928 1139 986 ἔπειτα
1162 929 1365 996 πλείους
1393 930 1621 1009 ἔγνωσαν
1646 936 1922 1014 ἐπιχειρεῖν
1945 944 2060 1002 ταῖς

511 1014 721 1085 πόλεσι,
768 1012 858 1071 καὶ
889 1017 955 1072 δι’
999 1014 1165 1094 ὅρκων
1209 1016 1441 1074 ἐδίδοσαν
1485 1019 1730 1088 ἀλλήλοις
1772 1020 1829 1078 τὸ
1857 1022 2060 1083 πιστόν.

510 1098 748 1181 ’Έφθασε
788 1101 842 1159 δὲ
884 1100 978 1172 τὴν
1015 1102 1335 1183 ἐπιχείρησιν
1366 1106 1535 1163 αὐτῶν
1575 1109 1646 1170 εἷς
1673 1109 1895 1186 ἐμφανὲς
1925 1111 2061 1185 ἀγα-

517 1192 685 1263 γοῧσα
708 1187 950 1262 μήνυσις,
969 1188 1033 1260 ἣν
1051 1194 1153 1247 τῶν
1173 1191 1584 1266 συνωμοσοίντων
1604 1194 1735 1259 τινὲς
1756 1194 2067 1265 ἐποιήσαντο

511 1272 637 1350 πρὸς
681 1273 767 1331 τὸν
811 1273 979 1353 ἕτερον
1025 1280 1125 1334 τῶν
1165 1277 1372 1336 ὑπάτων
1416 1280 1678 1358 Μάρκιον,
1720 1273 1880 1362 ᾧτὸν
1924 1283 2060 1342 κατὰ

513 1362 778 1419 Σαυνιτῶν
810 1362 1033 1438 πόλεμον
1064 1367 1090 1422 ὁ
1127 1367 1314 1444 κλῆρος
1343 1366 1646 1444 ἀπένειμεν,
1677 1368 1777 1441 ἤδη
1810 1371 2059 1450 παρειλη-

511 1445 626 1524 φότι
654 1447 714 1526 (s)
746 1447 837 1514 τὰς
859 1451 909 1506 ἐν
933 1454 998 1527 τῇ
1023 1448 1211 1528 Ῥώμῃ
1234 1454 1657 1533 καταγραφείσας
1681 1456 1948 1532 δυνάμεις,
1977 1459 2067 1516 καὶ

508 1532 619 1590 ὄντι
659 1537 710 1590 ἐν
754 1536 871 1613 ὁδῷ.
918 1533 988 1594 ‘0
1030 1537 1083 1593 δὲ
1125 1536 1317 1602 ὕπατος
1355 1536 1742 1616 ἀπροσδοκήτου
1774 1542 1863 1601 καὶ
1902 1544 2065 1601 δεινοῦ

508 1618 812 1697 πράγματος
841 1620 1064 1688 ἀκούσας
1091 1621 1256 1701 ἔκρινε
1291 1623 1363 1698 μὴ
1389 1624 1549 1691 λέξειν
1587 1626 1645 1684 τὸ
1683 1637 1902 1708 πρᾶγμα
1944 1629 2079 1706 μήτ’·

508 1707 703 1777 εἰδέναι
728 1709 924 1780 δοκεῖν,
955 1708 1092 1767 ἀλλὰ
1127 1710 1193 1767 δι’
1221 1710 1427 1782 ἀπάτης
1456 1712 1590 1779 τινὸς
1621 1715 1711 1772 καὶ
1751 1717 2065 1795 στρατηγίας

510 1796 746 1853 κωλῦσαι
772 1795 836 1853 τὰ
861 1797 1238 1872 συμὸησόμενα
1262 1804 1375 1864 ταῖς
1393 1800 1624 1860 πόλεσιν.
1651 1802 1982 1868 Ἀποστείλας
2002 1804 2066 1875 δή

511 1904 653 1948 τινας
682 1881 793 1957 ἅμα
817 1885 920 1949 τοῖς
944 1892 1193 1958 μηνυταῖς
1223 1885 1675 1953 κατασκευαστοὶις
1697 1890 1767 1953 εἷς
1784 1888 1877 1954 τὰς
1892 1888 2067 1956 πόλεις

490 1968 632 2045 ’πρὶν
660 1968 814 2025 αὐτὸν
845 1969 906 2047 (a)
930 1972 1110 2041 ἐλθεῖν,
1139 1973 1523 2049 προσεσκεύασε
1538 1971 1777 2045 λέγεσθαι
1804 1975 1930 2053 πρὸς
1953 1976 2069 2042 τοὺς

513 2056 567 2113 ἓν
591 2063 702 2119 ταῖς
728 2055 1171 2132 παραχειμασίαις
1188 2103 1204 2129 ,
1235 2054 1315 2113 ὅτι
1338 2054 1429 2123 τὰς
1458 2056 1551 2133 μὲν
1577 2059 1798 2137 φρουρὰς
1821 2060 1954 2135 ἔγνω
1975 2085 2064 2119 κα·

510 2144 745 2199 ταλιπεῖν
766 2144 817 2199 ἐν
838 2146 949 2209 ταῖς
973 2142 1153 2201 πόλεσι
1175 2142 1266 2209 τὰς
1289 2141 1403 2201 τότε
1428 2143 1602 2219 οὔσας,
1624 2147 1737 2203 ἐπεί
1753 2170 1810 2222 γε
1831 2148 1917 2224 (ιο)
1954 2152 2068 2225 βου-

511 2227 745 2304 λομένοις
785 2227 923 2288 ἐστὶν
971 2237 1074 2294 τοῖς
1120 2232 1430 2305 Καμπανοῖς
1467 2229 1628 2297 αὐτὰς
1664 2230 1862 2306 μένειν,
1904 2239 1969 2312 τῇ
2010 2235 2065 2293 δὲ

446 2368 458 2389 ,
514 2315 708 2373 οἴκοθεν
760 2315 1019 2395 ἀφιγμένη
1068 2315 1160 2372 σὺν
1203 2318 1345 2395 αὐτῷ
1388 2317 1604 2392 δυνάμει
1649 2321 1895 2394 πολεμεῖν
1944 2321 2069 2400 πρὸς

516 2403 775 2467 Σαυνίτας
829 2402 1305 2481 παρασκευάζεται.
1413 2402 1515 2462 Καὶ
1573 2404 1777 2463 ἔπεισεν
1835 2405 2069 2473 ἅπαντας

513 2494 676 2546 ταῦτα
710 2489 1013 2548 ὃπολαὸεἰν.
1066 2489 1392 2569 Ἀφικόμενος
1424 2491 1479 2548 δὲ
1509 2493 1580 2557 εἷς
1609 2494 1702 2561 τὴν
1747 2494 2068 2569 Καμπανίαν

514 2577 646 2651 μετὰ
680 2580 770 2646 τῆς
797 2585 1040 2654 στρατιᾶς
1068 2575 1277 2645 ἁπάσης
1306 2579 1375 2643 εἰς
1404 2577 1630 2647 ἑκάστην
1660 2578 1856 2658 παρῄει
1888 2581 2067 2653 πόλιν,

514 2664 604 2721 καὶ
644 2664 758 2731 τοὺς
803 2666 855 2721 ἐν
901 2665 1015 2729 ταῖς
1063 2668 1307 2743 φρουραῖς
1351 2664 1767 2741 ἀνακαλούμενος
1823 2666 2068 2747 διέκρινεν

514 2751 759 2808 ἁπάντων
799 2750 915 2819 τοὺς
960 2752 1317 2829 μετασχόντας
1352 2757 1445 2823 τῆς
1487 2753 1846 2829 συνωμοσίας,
1889 2754 2068 2813 ἔπειτα

513 2838 884 2917 φιλανθρώπως
912 2839 1148 2904 ἑκάστοις
1185 2837 1572 2916 διαλεγόμενος,
1602 2839 1687 2905 οὒς
1716 2840 1809 2914 μὲν
1841 2840 2069 2899 ἀπέλυσε

512 2928 613 2982 τῶν
642 2925 871 3000 σημείων
888 2969 906 2995 ,
930 2929 1002 2990 ὡς
1027 2924 1087 2982 ἂν
1111 2925 1448 3002 χαριζόμενος
1474 2925 1569 2994 τὴν
1595 2925 1775 3003 ἄφεσιν
1804 2930 1896 2996 τῆς
1920 2951 2071 3005 στρα-

514 3012 655 3076 τείας
671 3057 686 3082 ,
715 3011 800 3077 οὓς
830 3010 884 3068 δὲ
907 3016 980 3091 τῷ
999 3010 1294 3089 πρεσὸευτῇ
1325 3011 1415 3068 καὶ
1437 3014 1512 3090 τῷ
1534 3013 1795 3090 χιλιάρχῳ
1808 3014 2072 3089 παραδοὺς

516 3103 586 3165 ὡς
615 3098 700 3156 ἐπὶ
727 3097 910 3176 χρείας
948 3097 1010 3167 δή
1047 3120 1188 3179 τινας
1231 3096 1609 3177 στρατιωτικὰς
1640 3099 1866 3157 ἀπέλυσε
1898 3092 2071 3177 (οὗτοι

518 3189 567 3242 δ’
594 3177 725 3256 ἦσαν
755 3190 802 3244 οἱ
831 3184 1170 3263 πονηρότατοι
1198 3185 1287 3249 καὶ
1320 3186 1418 3263 οὐχ
1463 3186 1802 3259 ὑπομένόντες
1830 3190 2070 3268 ἀφεῖσθαι

515 3277 608 3341 τῆς
651 3271 980 3348 στρατείας),
1008 3271 1361 3347 ἐντειλάμενος
1390 3274 1492 3340 τοῖς
1527 3271 1738 3351 ἄγουσιν
1784 3272 1968 3341 αὐτοὺς
2001 3279 2070 3344 εἷς

519 3356 739 3430 Ῥώμην
760 3359 1058 3433 διακομίσαι
1080 3358 1171 3417 καὶ
1190 3358 1463 3437 φυλάττειν
1484 3362 1536 3417 ἕν
1561 3359 1767 3429 ἀδήλοις
1786 3363 2041 3440 φυλακαῖς
2055 3409 2070 3436 ,

517 3446 861 3525 χωρήσαντας
889 3444 1073 3509 ἄλλους
1113 3447 1205 3502 ἀπ’
1236 3444 1436 3516 ἀλλων,
1469 3444 1565 3510 ἕως
1596 3446 1657 3504 ἂν
1694 3446 1847 3513 αὐτὸς
1873 3447 2068 3527 ἀφίκη-

519 3556 623 3593 ται.
665 3535 789 3597 Τοῖς
815 3531 869 3589 δὲ
898 3531 1143 3609 ἀνδράσιν
1173 3532 1565 3609 ἐνθυμουμένοις
1587 3532 1666 3591 ὅτι
1692 3534 1877 3600 πάντες
1905 3539 1952 3593 οἱ
1975 3559 2066 3595 κο-

521 3617 849 3698 ρυφαιότατοι
893 3622 985 3686 τῆς
1011 3617 1334 3693 συνωμοσίας
1378 3620 1425 3676 οἱ
1468 3618 1562 3694 μὲν
1608 3620 1923 3678 ἀπολύονται
1968 3624 2069 3678 τῶν

521 3704 777 3778 σημείων,
807 3707 854 3761 οἱ
899 3703 943 3761 δ’
968 3704 1375 3762 ἀποστέλλονται
1416 3705 1537 3783 δίχα
1569 3710 1671 3763 τῶν
1713 3707 1887 3765 ἄλλων
1918 3711 2067 3765 ὁποι-

521 3791 743 3862 δήποτε,
779 3790 1024 3865 λογισμὸς
1071 3792 1271 3861 εἰσῆλθε
1320 3797 1577 3872 περιφανῆ
1623 3795 1883 3871 γεγονέναι
1932 3799 2073 3874 σφῶν

521 3876 615 3946 τὴν
640 3878 997 3953 συνωμοσίαν,
1021 3880 1111 3935 καὶ
1141 3877 1275 3952 μετὰ
1304 3884 1453 3937 τοῦτο
1479 3880 1613 3951 δέος,
1641 3882 1687 3938 εἷ
1707 3880 1867 3960 χωρὶς
1895 3881 2066 3952 ἀλλή-

521 3967 625 4023 λων
662 3963 889 4041 γίνοιντο
916 3965 1005 4022 καὶ
1032 3963 1097 4021 τὰ
1133 3964 1269 4023 ὅπλα
1299 3970 1458 4038 θεῖεν,
1490 3966 1562 4041 μὴ
1593 3967 1736 4034 δίκας
1766 3968 2071 4047 ὑπόσχωσιν

521 4053 592 4117 εἷς
628 4049 844 4126 Ῥώμην
908 4052 1251 4129 ἀπαχθέντες.
1305 4052 1572 4118 Συνιόντες
1614 4053 1668 4111 δὲ
1713 4055 1829 4113 κατ’
1873 4055 2074 4129 ὀλίγους

522 4130 771 4197 ἐσκόπουν
801 4137 851 4195 τί
872 4137 975 4216 χρὴ
1010 4138 1273 4216 πράττειν.
1301 4135 1527 4199 Ἔπειτα
1549 4140 1761 4218 γνώμην
1782 4141 1914 4207 τινὸς
1933 4143 2077 4211 εἰση-

521 4224 824 4302 γησαμένου
870 4230 955 4299 (11)
1003 4225 1122 4304 περὶ
1171 4226 1536 4297 ἀποστάσεως,
1600 4226 1962 4294 ἐπαινέσαντες
2016 4228 2076 4286 τὸ

524 4310 804 4386 βούλευμα,
830 4310 917 4369 καὶ
942 4314 1140 4379 πίστεις
1169 4313 1488 4393 ἀπορρήτους
1512 4319 1564 4372 ἐν
1589 4313 1829 4385 ἀλλήλοις
1846 4314 2077 4384 ποιησά-

523 4421 683 4470 μενοι,
704 4404 795 4469 τῆς
815 4408 1056 4478 στρατιᾶς
1077 4399 1340 4479 ἀφειμένοι
1365 4402 1481 4478 περὶ
1499 4402 1801 4482 Ταρρακινὰ
1814 4402 1966 4458 πόλιν
1987 4402 2075 4479 (12)

522 4487 573 4540 ἐν
628 4485 931 4556 ἐπιτηδείοις
982 4487 1190 4564 χωρίοις
1243 4490 1365 4567 παρ’
1399 4488 1559 4557 αὐτὴν
1608 4488 1701 4557 τὴν
1750 4488 1863 4545 ὁδὸν
1913 4511 2074 4566 στρα-

521 4574 895 4631 τοπεδεύονται.
952 4571 1156 4632 Ἔπειθ’
1196 4578 1244 4633 οἱ
1301 4573 1433 4649 μετὰ
1479 4580 1566 4632 τοῦ
1622 4573 1939 4652 πρεσὸευτοῧ
1989 4574 2076 4631 καὶ

522 4661 623 4714 τῶν
670 4659 957 4737 χιλιάρχων
998 4660 1435 4735 ἀποστελλόμενοι
1467 4657 1581 4723 τοὺς
1613 4660 1869 4737 ἡγεμόνας
1910 4684 2058 4718 κατα-

523 4744 772 4813 λιπόντες,
819 4744 954 4801 ἔστιν
1001 4745 1045 4803 δ’
1072 4745 1156 4811 οὓς
1192 4747 1281 4803 καὶ
1323 4750 1425 4805 τῶν
1470 4746 1697 4824 ἀγόντων
1740 4748 1870 4826 σφὰς
1911 4770 2075 4823 στρα-

522 4834 720 4888 τιωτῶν
764 4830 1033 4898 πείσαντες
1062 4836 1378 4905 ἀποστῆναι,
1412 4835 1531 4911 περὶ
1571 4833 1656 4892 τὸν
1685 4833 1839 4891 αὑτὸν
1880 4833 2074 4912 ῖδρύον·

520 4939 607 4973 ται
635 4917 808 4976 τόπον.
856 4916 947 4984 Ὦς
982 4918 1035 4976 δὲ
1071 4917 1212 4986 ἅπαξ
1246 4911 1385 4978 οὗτοι
1428 4918 1520 4986 τὰς
1565 4922 1817 4998 παρόδους
1856 4919 2073 4978 κατελά-

523 5003 703 5075 ὅοντο,
733 5005 915 5063 πολλοὶ
938 5006 1232 5084 προσῄεσαν
1262 5009 1433 5071 αὐτοῖς
1465 5006 1735 5084 ὁσήμεραι.
1764 5006 1871 5065 Καὶ
1892 5005 1993 5086 γὰρ
2017 5008 2075 5036 *⁴⁵

3135 356 3172 389 N

1166 454 1262 513 ΕΚ
1308 456 1459 515 ΤΗΣ
1502 458 1862 518 ΙΣΤθΡΙΑΣ
1905 461 2320 522 ΔΙΟΝΥΣΙΟΥ
2367 466 3034 527 ΑΛΙΚΑΡΝΑΣΣΕΩΣ.

2155 598 2279 648 inter
2333 603 2589 663 utramque
2641 604 2825 663 partem
2880 603 3142 663 fluctuant,
3192 603 3449 664 jungemus
3505 574 3718 653 societass

2155 710 2272 758 tem.
2297 709 2516 770 Denique
2541 710 2682 770 viris,
2702 724 2824 772 quos
2844 711 2893 759 in
2909 716 3128 760 extremo
3161 712 3274 759 vitae
3293 712 3508 774 periculo
3529 714 3717 775 positos

2155 819 2416 867 Necessitas
2433 820 2604 881 agitat,
2629 819 2746 869 nibil
2764 834 2860 869 non
2878 820 3097 882 pervium
3113 856 3128 881 ,
3149 821 3266 870 nihil
3293 835 3389 870 nou
3413 826 3485 872 est
3512 837 3715 886 supera-

2156 926 2264 975 bile.
2293 946 2315 969 u
2339 927 2624 988 Huiusmodi
2643 930 2830 977 utentes
2846 929 3148 978 sermonibus
3165 930 3373 991 primum
3400 933 3543 993 pauci
3562 969 3576 991 ,
3598 946 3716 982 mox

2156 1035 2426 1097 complures
2449 1004 2646 1086 urbibus
2667 1037 2714 1086 vi
2742 1037 3027 1099 potiundum
3059 1052 3162 1089 esse
3193 1040 3456 1091 decernunt
3481 1056 3543 1092 ac
3565 1044 3716 1093 iidem

2154 1157 2294 1194 suam
2313 1147 2624 1195 sacramentis
2641 1146 2845 1195 invicem
2868 1147 3092 1209 obligant.
3116 1150 3174 1197 At
3191 1150 3376 1200 exitum
3400 1153 3719 1203 consiliorum

2157 1254 2398 1315 praevertit
2441 1254 2619 1303 delatio
2655 1255 3016 1324 conjuratorum
3050 1259 3351 1319 quorundam
3367 1296 3382 1320 ‚
3423 1262 3506 1323 qui
3551 1265 3717 1312 totum

2156 1366 2397 1426 negotium
2432 1367 2609 1415 Marcio
2638 1369 2824 1418 consuli
2843 1370 3187 1431 patefecerunt.
3231 1373 3354 1419 Huic
3378 1373 3506 1421 enim
3531 1373 3718 1423 bellum

2155 1472 2466 1522 Samniticum
2485 1476 2614 1524 sorte
2627 1478 2867 1535 evenerat,
2888 1488 2944 1525 ac
2958 1478 3061 1525 tum
3076 1490 3185 1525 cum
3199 1479 3348 1539 copiis
3366 1481 3533 1528 Romae
3549 1496 3721 1531 recens

2155 1580 2434 1641 conscriptis
2445 1579 2546 1640 jam
2569 1582 2739 1630 eratin
2760 1582 2943 1631 itinere.
2968 1584 3145 1633 Consul
3160 1620 3174 1643 ,
3188 1589 3434 1648 comperta
3457 1600 3509 1636 re
3526 1591 3718 1649 gravis-

2154 1685 2274 1734 sima
2294 1688 2343 1734 et
2357 1686 2596 1748 inopinata
2610 1724 2625 1749 ,
2648 1701 2744 1736 non
2763 1688 3080 1751 evulgandum
3099 1690 3180 1739 sed
3200 1689 3592 1741 dissimulandam
3614 1706 3721 1743 esse

2154 1792 2396 1852 censebat,
2421 1798 2475 1842 ut
2496 1794 2663 1843 fraude
2679 1795 2889 1856 quadam
2907 1799 2957 1846 et
2977 1797 3178 1847 artificio
3195 1798 3496 1861 imperatorio
3534 1802 3722 1865 impen-

2156 1899 2349 1949 dentem
2368 1901 2567 1951 urbibus
2598 1906 2927 1964 tempestatem
2949 1905 3213 1967 dissiparet.
3249 1910 3413 1970 itaque
3433 1910 3726 1962 subornavit
3755 1895 3764 1903 ⁹

2157 2010 2412 2059 nonnullos
2425 2047 2440 2073 ,
2458 2016 2541 2074 qui
2561 2015 2611 2064 in
2637 2016 2780 2066 urbes
2798 2018 2978 2067 dimissi
2995 2021 3107 2067 ante
3137 2018 3283 2079 ipsius
3301 2018 3565 2069 adventum
3592 2022 3722 2071 inter

2156 2117 2459 2171 hibernantes
2472 2122 2537 2171 ibi
2551 2126 2725 2176 milites
2738 2141 2981 2177 rumorem
2994 2132 3282 2191 spargerent,
3297 2129 3568 2180 decrevisse
3591 2146 3718 2183 eon·

2154 2236 2328 2299 sulem,
2342 2240 2399 2287 ut
2410 2239 2685 2300 proesidiarii
2702 2239 2752 2287 in
2764 2239 2928 2289 iisdem
2940 2238 3120 2301 quique
3137 2239 3335 2288 urbibus
3346 2253 3473 2289 anno
3493 2244 3724 2303 sequenti

2158 2351 2430 2410 manerent,
2458 2349 2692 2411 siquidem
2719 2349 2950 2410 Campani
2972 2361 3165 2397 manere
3196 2350 3502 2409 eosvellent,
3531 2351 3718 2399 bellum

2160 2471 2281 2507 vero
2312 2459 2480 2507 contra
2496 2457 2732 2507 Samnites
2753 2470 2864 2506 eum
2883 2470 2994 2505 cum
3012 2457 3160 2518 copiis
3176 2459 3422 2518 gesturum
3441 2471 3545 2507 esse
3558 2495 3574 2518 ,
3593 2471 3722 2520 quas

2157 2567 2306 2614 Roma
2323 2578 2483 2614 secum
2498 2563 2756 2614 eduxisset.
2771 2565 3032 2626 Effecitque
3047 2568 3100 2614 ut
3114 2566 3337 2614 omnibus
3350 2567 3397 2615 id
3409 2569 3724 2628 persuadere·

2158 2677 2255 2722 tur.
2269 2672 2448 2722 Deinde
2458 2671 2537 2721 ubi
2550 2673 2646 2734 ipse
2661 2673 2966 2733 Campaniam
2983 2674 3112 2722 venit
3122 2686 3234 2722 cum
3248 2677 3351 2723 toto
3364 2675 3603 2737 exercitu,
3618 2678 3720 2727 sin-

2158 2785 2293 2847 gulas
2315 2783 2457 2832 urbes
2479 2783 2789 2844 circumibat,
2814 2791 2862 2832 et
2875 2755 3158 2832 nominatim
3173 2784 3486 2845 praesidiarios
3501 2799 3722 2837 evocans

2159 2893 2477 2955 distinguebat
2500 2894 2622 2942 inter
2640 2905 2751 2954 eos,
2784 2893 2867 2954 qui
2892 2893 3232 2954 conjurationis
3268 2896 3522 2958 participes
3545 2903 3718 2959 erant;

2160 3002 2439 3064 blandisque
2469 3015 2864 3065 unumquemque
2899 3003 3057 3053 verbis
3086 3005 3355 3067 alloquens,
3394 3007 3515 3055 alios
3548 3021 3720 3055 sacra·

2161 3108 2324 3155 mento
2358 3107 2658 3169 exsolvebat,
2691 3109 2826 3170 quasi
2848 3109 3115 3170 gratificans
3144 3123 3226 3158 eos
3246 3112 3410 3158 militia
3445 3112 3720 3172 eximeret,

2157 3215 2275 3264 alios
2287 3217 2436 3278 legato
2450 3219 2499 3265 et
2517 3217 2711 3266 tribuno
2723 3220 2844 3265 tram
2889 3233 2911 3267 s
2927 3219 3224 3281 pei-speciem
3238 3218 3513 3269 militarium
3533 3235 3729 3276 usuum

2158 3325 2406 3387 ablegabat
2425 3326 2500 3386 (et
2523 3325 2570 3374 lii
2602 3325 2795 3387 quidem
2833 3339 2848 3350 ‘

2159 3433 2462 3481 exauctorari
2502 3431 2781 3495 volebant);
2816 3434 3023 3494 iusserat
3047 3437 3212 3483 autem
3237 3437 3293 3483 ut
3327 3437 3528 3485 Romam
3562 3438 3722 3487 duce-

2915 3327 3044 3375 aium
3065 3327 3410 3377 sceleratissimi
3431 3332 3599 3390 eraut,
3625 3343 3721 3382 nec

2161 3545 2345 3603 rentur,
2364 3541 2529 3604 ibique
2556 3541 2634 3590 am
2669 3542 2731 3590 ab
2760 3542 2864 3591 aliis
2894 3542 3119 3604 segregati
3155 3543 3467 3603 clandestinis.
3481 3548 3722 3599 custodiis
3785 3520 3794 3527 ’

2161 3655 2544 3715 observarentur,
2571 3667 2722 3716 usqne
2740 3653 2858 3703 dum
2881 3655 2982 3716 ipse
2998 3654 3280 3704 advenisset.
3306 3659 3532 3706 ceterum
3553 3660 3723 3720 conju-

2163 3764 2250 3811 rati
2279 3766 2553 3825 reputantes
2568 3762 2804 3825 principes
2824 3763 3035 3823 ipsorum
3053 3776 3219 3813 omnes
3240 3765 3414 3825 partim
3437 3765 3609 3814 militia
3626 3780 3720 3814 ex·

2161 3868 2308 3928 solvi,
2340 3846 2515 3930 partim
2536 3868 2632 3917 buc
2661 3868 2776 3916 illuc
2796 3867 3001 3929 dimitti,
3032 3871 3378 3935 perspexerunt
3408 3870 3605 3919 consilis
3628 3884 3722 3923 sua

2162 3982 2437 4030 emanasse,
2463 3970 2705 4032 timorque
2730 3970 2916 4019 animos
2938 3971 3153 4031 incessit,
3181 3984 3267 4033 ne,
3299 3971 3342 4021 si
3367 3971 3459 4020 boc
3477 3974 3620 4033 pacto
3637 3986 3719 4022 se·

2163 4076 2314 4136 parati
2336 4077 2490 4124 essent
2511 4090 2738 4138 armaque
2768 4077 3061 4139 posuissent,
3086 4080 3286 4126 Romam
3310 4077 3504 4127 abducti
3533 4078 3719 4139 judicia

2163 4182 2212 4228 et
2231 4194 2392 4241 poenas
2414 4184 2568 4230 essent
2591 4180 2809 4229 subituri.
2841 4184 3078 4232 coeuntes
3099 4182 3238 4243 igitur
3261 4183 3475 4235 nonnulli
3494 4182 3722 4244 dispicie-

2165 4283 2280 4331 bant
2310 4283 2428 4344 quid
2460 4282 2727 4331 faciendum
2758 4285 2897 4332 esset.
2930 4287 3052 4333 Tum
3096 4287 3388 4345 proponente
3408 4284 3620 4345 quodam
3653 4286 3719 4335 de

2164 4385 2423 4435 desectione
2439 4387 2750 4445 sententiam,
2781 4387 3108 4435 collaudantes
3128 4386 3176 4435 id
3211 4387 3465 4436 consilium
3485 4391 3537 4437 et
3569 4388 3720 4438 iidem

2165 4490 2334 4537 mutuo
2367 4488 2455 4537 sibi
2485 4488 2535 4537 in
2557 4491 2746 4538 occulto
2777 4488 3146 4550 obstringentes,
3179 4490 3357 4539 relictis
3390 4489 3557 4539 eastris
3583 4490 3717 4543 liauil

2164 4597 2372 4659 procula
2388 4597 2640 4646 Tarracina
2659 4597 2775 4646 urbe
2792 4596 2840 4645 in
2859 4597 2975 4646 locis
2992 4597 3174 4646 idoneis
3190 4597 3249 4646 ad
3269 4598 3418 4660 ipsam
3441 4599 3568 4646 viam
3593 4612 3720 4647 con-

2163 4700 2340 4749 sidunt.
2363 4700 2544 4771 Deinde
2562 4700 2593 4748 ii
2610 4701 2692 4762 qui
2717 4713 2829 4748 cum
2851 4699 3014 4761 legatis
3034 4702 3083 4748 et
3100 4699 3306 4767 tribunis
3326 4699 3532 4761 ablegati
3554 4704 3716 4760 erant,

2163 4780 2307 4853 duces
2327 4816 2439 4853 suos
2470 4802 2738 4852 deserentes
2775 4805 2823 4851 et
2855 4816 2916 4852 ex
2953 4803 3064 4864 ipds
3092 4792 3295 4852 ducibus
3319 4802 3573 4851 nonnullos
3593 4815 3715 4851 sua-

2162 4908 2318 4958 dendo
2349 4908 2410 4957 ad
2431 4907 2745 4958 defectionem
2774 4908 3125 4970 pertrahentes,
3157 4907 3363 4957 eundem
3389 4908 3515 4956 eirea
3547 4908 3715 4957 locum

2165 5016 2320 5063 castra
2349 5015 2603 5061 metantur.
2642 5012 2737 5070 Qui
2763 5025 2914 5074 quum
2945 5011 3092 5061 semel
3123 5011 3350 5060 transitus
3369 5015 3712 5073 occupassent,

592 5172 639 5216 8.
667 5170 944 5231 παρείληψεν
985 5168 1054 5217 ὅτι
1075 5168 1182 5217 cod.
1204 5195 1264 5204 —
1284 5173 1330 5218 9.
1352 5168 1519 5223 αὐτοὺς
1542 5167 1652 5217 cod.
1673 5197 1733 5209 —-
1765 5174 1834 5217 10.
1856 5168 1954 5216 ἐπεὶ
1977 5168 2026 5216 δὲ
2044 5168 2150 5215 cod.
2188 5170 2299 5216 Mox
2323 5166 2487 5215 malim
2537 5166 2745 5215 ἔπεισαν.
2774 5192 2836 5200 -
2865 5173 2934 5213 ll.
2960 5166 3083 5220 τινας
3108 5165 3488 5226 εἰσηγησαμένων
3523 5166 3632 5214 cod.
3653 5195 3709 5207 —

535 5244 603 5285 12.
619 5238 988 5300 Ταρακινόιπολιν
999 5238 1088 5285 cod
1118 5236 1186 5286 Ad
1198 5237 1245 5286 Ιι.
1262 5238 1294 5286 Ι.
1312 5240 1495 5299 spectat
1507 5237 1670 5299 Stepli.
1686 5239 1798 5299 Byz.
1819 5240 2117 5299 ιΤαρρακηνόι
2136 5239 2188 5295 (Ι.
2207 5238 2509 5299 Ταρρακινά),
2521 5238 2649 5292 πόλις
2667 5237 2880 5292 Ἰταλίας.
2895 5237 3135 5290 Διονύσιος
3152 5235 3550 5297 πεντεκαιδεκάτῳ
3564 5235 3576 5252 ‘
3589 5238 3720 5295 Ρωμ.
