3900 6042
1519 452 2018 517 raAGMENTA.
2888 422 2894 427 ’
3249 484 3368 535 m
3440 465 3445 469 ·

176 594 376 641 runtur
402 601 530 657 qua
569 601 636 638 ex
669 584 790 657 ipso
828 583 1178 656 Hieronymo
1210 583 1307 659 (fr.
1356 605 1376 640 1
1408 586 1491 660 a.)
1519 589 1591 642 ab
1621 591 1726 662 Ap·
1826 592 2039 663 tipatro
2063 601 2117 646 ει
2139 592 2370 648 Cratero
2407 595 2478 649 de
2511 596 2772 651 Eumenis
2799 600 3076 669 exercitu,
3108 621 3231 674 quae
3269 607 3378 660 Eu-

178 675 343 745 piano
369 682 427 726 ει
466 670 721 726 Luci-ano
762 671 898 725 locis
922 671 1366 744 supra‘laudatis
1407 674 1730 731 referuntur
1818 694 2008 731 menes
2034 677 2295 747 instituit,
2342 691 2404 733 ut
2438 682 2627 753 copias
2664 700 2785 737 suas
2819 685 3029 740 Crateri
3072 688 3366 744 adventum

182 758 360 832 (adde
381 757 629 814 Diodor.
651 758 875 827 XVIII,
907 757 938 811 3
965 777 979 812 z
1009 756 1462 818 Καππαδοκίαν...
1494 758 1727 826 Ἀλέξαν-
1820 759 2030 816 celaret
2052 762 2226 833 (Plut.
2280 766 2440 818 Eum.
2473 766 2538 834 63
2579 767 2820 824 Diodor.
2849 771 3067 840 xvm,
3103 773 3242 848 29),
3274 775 3375 830 de-

182 846 291 919 δρος
316 844 415 901 οὐκ
442 843 665 911 ἐπῆλθεν
688 842 997 912 ἱκκλεισθεὶς
1019 843 1120 900 ὑπὸ
1140 847 1242 901 τῶν
1266 847 1481 923 καιρῶν,
1508 844 1593 903 ὅτε
1626 846 1728 903 διε-

178 927 389 1002 πολέμει
410 926 544 1006 πρὸς
570 925 817 1006 Δαρεῖον)
846 948 915 986 ex
944 930 1146 986 eodem
1178 935 1365 988 omnia
1393 936 1559 989 etiam
1579 934 1729 1008 apud

120 1066 123 1099 ς
178 1015 492 1071 Diodorum
521 1027 774 1089 repetere
792 1035 909 1071 non
931 1020 1166 1091 amplius
1181 1019 1478 1079 dubitabis.

118 1106 121 1199 J

260 1128 284 1154 α
316 1106 450 1159 Haec
474 1114 664 1158 autem
691 1123 800 1177 qua
825 1102 939 1159 fide
975 1106 1299 1162 tribuuntur
1346 1110 1693 1181 Hieronymo
1710 1150 1726 1177 ,

116 1202 119 1271 Ι
179 1192 366 1247 eadem
401 1191 732 1265 abroganda
765 1193 818 1245 ei
843 1192 1130 1260 videntur,
1161 1211 1285 1266 quae
1307 1195 1568 1268 leguntur
1581 1195 1730 1269 apud

114 1274 119 1307 l

114 1312 117 1363 :
179 1280 451 1333 Justinum
474 1279 649 1345 xm,
684 1278 720 1332 6
754 1297 767 1331 ε
820 1282 1048 1333 Interea
1076 1282 1376 1335 Perdiccas
1414 1293 1524 1337 etc.
1555 1301 1729 1354 usque

180 1365 246 1420 ad
265 1366 586 1438 spectacula
607 1361 952 1433 fruerentur.
982 1368 1209 1423 Tradita
1245 1368 1364 1423 haec
1393 1368 1464 1423 ab
1487 1387 1558 1424 eo
1594 1371 1731 1424 scri-

180 1464 337 1524 ptore
360 1450 648 1521 videntur,
682 1454 781 1524 qui
819 1453 1103 1508 Perdiccae
1127 1454 1379 1509 infestior
1398 1465 1562 1522 esset,
1607 1458 1731 1510 ani-

180 1541 384 1611 misque
442 1540 702 1611 inprimis
758 1538 1186 1594 commovendis
1238 1539 1514 1609 studeret,
1562 1560 1732 1614 quam

181 1627 465 1699 Phylarchi
505 1625 674 1681 fuisse
711 1629 985 1682 rationem
1013 1644 1045 1681 e
1075 1627 1315 1699 Polybio
1346 1638 1579 1685 constat.
1620 1630 1731 1682 Ea-

180 1714 300 1769 dem
316 1714 692 1787 discrepantia
725 1715 785 1768 in
819 1715 886 1769 iis
929 1716 1226 1787 reperitur,
1254 1733 1377 1787 quae
1412 1715 1485 1770 de
1509 1717 1731 1784 Nicaeae,

182 1801 449 1873 Antipatri
474 1798 607 1854 filiae
626 1841 643 1868 ,
672 1809 728 1855 et
756 1800 1094 1873 Cleopatrae,
1139 1801 1447 1857 Alexandri
1489 1803 1728 1871 sororis,

182 1906 209 1940 a
252 1887 512 1942 Perdicca
559 1888 747 1961 petitis
798 1888 1006 1960 nuptiis
1050 1887 1121 1942 ab
1167 1898 1411 1960 utroque
1461 1890 1732 1961 scriptore

184 1975 406 2045 (lustin.
433 1975 614 2042 x111,
640 1974 711 2043 6;
740 1975 985 2029 Diodor.
1016 1976 1228 2049 XVIII,
1261 1974 1362 2045 23)
1395 1975 1729 2036 referuntur.

182 2062 349 2116 Verba
368 2062 517 2117 enim
538 2062 574 2116 J
575 2061 743 2115 ustini
767 2080 782 2116 ε
813 2062 987 2132 Quem
1005 2063 1190 2116 dolum
1203 2068 1596 2135 prce-sentiente
1611 2067 1735 2118 An-

183 2152 369 2221 tipatro
382 2189 401 2216 ‚
427 2150 560 2202 dum
580 2149 723 2201 duas
753 2150 943 2203 eodem
984 2159 1227 2222 tempore
1258 2167 1456 2204 uxores
1494 2156 1720 2223 quoeric,

183 2249 415 2290 neem-am
432 2234 682 2303 obtinuit,
706 2233 865 2289 nullo
879 2234 1056 2289 modo
1075 2236 1417 2290 conveniunt
1429 2254 1458 2290 a
1473 2236 1731 2292 Diodoro

184 2323 382 2378 traditis
398 2365 414 2392 ,
445 2343 479 2379 a
521 2341 644 2397 quo
664 2341 786 2395 quae
804 2333 1122 2391 narrantur,
1146 2322 1243 2377 hic
1267 2341 1497 2396 quoque
1523 2325 1582 2377 in
1607 2342 1732 2398 gra-

98 2472 111 2489 ·
183 2413 303 2465 tiam
348 2414 519 2486 magis
546 2410 829 2466 Perdiccae
856 2409 1006 2465 dicta
1041 2421 1199 2478 sunt,
1228 2428 1297 2465 eo
1317 2412 1483 2465 etiam
1520 2413 1731 2467 Hiero-

184 2499 324 2570 nymi
356 2500 639 2554 rationem
667 2497 991 2566 referentia,
1021 2496 1180 2570 quod
1222 2515 1318 2552 sua
1352 2498 1515 2552 simul
1562 2499 1731 2553 Anti-

182 2603 323 2657 gono
361 2587 478 2641 laus
522 2585 795 2640 tribuitur
836 2580 932 2657 (Ὁ
961 2581 1015 2640 δὲ
1073 2581 1353 2657 Ἀντίγονος
1397 2581 1597 2642 συνέσει
1640 2582 1731 2642 καὶ

186 2669 341 2746 τόλμῃ
371 2669 629 2750 διαφέρων
648 2671 762 2727 κτλ.
783 2690 837 2728 c.
863 2668 990 2748 23).

261 2783 283 2807 ι
307 2761 545 2815 Multum
574 2778 706 2815 sane
732 2760 850 2814 haec
887 2760 1117 2832 quaestio
1144 2758 1455 2831 juvaretur,
1496 2761 1542 2814 si
1567 2761 1729 2833 plura

185 2844 437 2915 ejusmodi
457 2848 772 2922 fragmenta
787 2857 1082 2915 exstarent,
1101 2864 1133 2901 e
1147 2846 1350 2919 quibus
1364 2845 1728 2919 Hieronymo,

185 2950 295 3004 quae
312 2945 402 2988 aut
425 2933 718 2990 Diodorus
744 2944 840 2989 aut
857 2933 1184 2989 Plutarchus
1198 2944 1295 2987 aut
1306 2934 1401 2988 alii
1414 2951 1484 2989 ex
1504 2952 1571 2989 eo
1590 2936 1727 2988 hau-

183 3032 381 3091 serunt,
400 3022 693 3077 vindicare
716 3023 931 3079 liceret.
982 3023 1109 3076 Hoc
1137 3031 1324 3075 autem
1354 3022 1400 3075 si
1440 3039 1570 3076 usos
1604 3023 1731 3076 illos

183 3122 286 3161 esse
309 3118 551 3177 constat,
594 3108 655 3163 id
691 3125 920 3181 quoque
945 3109 1107 3162 statui
1136 3106 1354 3174 licebit,
1382 3107 1728 3179 Hieronymo

183 3211 270 3248 eos
281 3213 389 3267 prae
412 3197 616 3251 ceteris
640 3213 772 3250 usos
798 3212 940 3263 esse,
974 3194 1203 3266 ejusque
1234 3192 1349 3248 fere
1371 3195 1595 3268 agnosci
1626 3212 1728 3249 ve-

183 3280 354 3353 stigia,
411 3284 508 3337 ubi
579 3283 752 3337 verba
810 3298 1009 3337 eorum
1063 3282 1210 3335 inter
1269 3297 1327 3336 se
1384 3282 1724 3354 conspirant.

184 3362 448 3437 Ejusmodi
475 3371 637 3424 locus
654 3369 726 3424 de
759 3369 1062 3423 certamine
1105 3365 1374 3440 singulari
1408 3378 1490 3424 εει
1520 3370 1726 3423 Eume·

184 3453 260 3507 nis
299 3464 350 3508 et
370 3456 733 3529 Neoptolemi
758 3453 912 3528 apud
946 3453 1266 3509 Diodorum
1297 3455 1524 3523 XVIII,
1558 3454 1623 3509 31
1674 3467 1731 3511 ct

183 3539 446 3597 Plutarch.
492 3545 661 3598 Eum.
689 3561 743 3612 7.

255 3649 278 3674 α
292 3628 617 3686 Plutarchus
634 3630 784 3684 enim
801 3646 816 3686 ε
832 3624 946 3694 Τὰς
962 3625 1110 3696 ἡνίας
1131 3624 1340 3706 ἀφέντες
1357 3624 1598 3696 ἀλλήλων
1619 3626 1731 3684 ἕπε.

183 3709 416 3787 δράξαντο
434 3723 548 3782 ταῖς
571 3715 737 3793 χερσί.
768 3717 1056 3772 Diodorus
1083 3735 1098 3771 t
1129 3716 1265 3779 Ταῖς
1288 3713 1578 3792 ἀριστεραῖς
1604 3736 1729 3794 χερ-

184 3797 258 3853 σὶν
283 3800 487 3880 ἀφέντες
500 3801 596 3868 τὰς
617 3802 765 3872 ἡνίας
780 3802 1022 3870 ἀλλήλων
1042 3798 1341 3880 ἐδράξαντο.
1361 3804 1689 3859 Plutarchus
1710 3823 1723 3858 :

185 3874 307 3943 Εἶτα
334 3891 361 3946 ὁ
378 3887 470 3963 μὲν
494 3888 737 3964 Εὐμένης
767 3894 857 3946 τοῦ
883 3886 1253 3963 Νεοπτολέμου
1276 3884 1727 3966 προεξανισταμέ-

183 3994 265 4030 νου
298 3973 386 4043 τὴν
407 3974 587 4052 ἰγνύαν
609 3973 862 4054 ὑπέκοψεν
887 3974 1038 4039 αὐτὸς
1057 3975 1130 4039 εἰς
1155 3972 1303 4052 ὀρθὸν
1337 3972 1536 4049 φθάσας
1562 3996 1727 4032 κατα·

184 4062 372 4130 στῆναι.
399 4064 688 4119 Diodorus
719 4082 733 4118 ε
760 4060 830 4121 ‘O
858 4059 953 4136 μὲν
985 4059 1220 4135 Εὐμένης
1258 4058 1450 4140 ἔφθασε
1479 4058 1728 4140 πρότερον

184 4147 443 4215 διαναστὰς
460 4195 477 4220 ,
508 4153 603 4207 τοῦ
630 4148 1005 4224 Νεοπτολέμου
1049 4145 1190 4225 ἰγνὺν
1222 4145 1478 4214 πατάξας.
1509 4151 1729 4206 Plutar-

184 4236 310 4292 chus
333 4256 348 4294 :
382 4237 612 4312 Πληγεὶς
636 4236 690 4293 δὲ
717 4236 862 4315 παρὰ
888 4234 978 4294 τὸν
1016 4234 1279 4314 τράχηλον
1320 4236 1473 4291 ἔπεσε
1506 4236 1596 4292 καὶ
1622 4257 1725 4291 πα·

186 4320 334 4398 ρείθη.
360 4325 647 4380 Diodorus
670 4344 684 4379 ι
706 4322 772 4381 Ὁ
790 4322 1030 4399 Εὐμένης
1053 4320 1294 4399 δευτέραν
1312 4319 1517 4396 πληγὴν
1536 4321 1624 4379 ἐπὶ
1639 4321 1727 4379 τὸν

183 4405 426 4485 τράχηλον
446 4405 725 4486 ἐπενέγκας
745 4409 1014 4468 ἀπέκτεινε
1040 4408 1127 4466 τὸν
1147 4407 1529 4484 Νεοπτόλεμον.
1552 4411 1620 4465 In
1646 4411 1731 4465 his

185 4506 358 4551 autem
381 4504 499 4573 qui,
512 4500 847 4573 Hieronymi
870 4498 1023 4572 apud
1060 4510 1366 4570 utrumque
1397 4499 1729 4571 scriptorem

182 4597 303 4637 usus
326 4597 435 4653 est,
476 4592 538 4644 in
573 4587 640 4641 iis
663 4586 829 4641 etiam
869 4603 983 4640 esse
1021 4585 1265 4652 videtur,
1308 4603 1433 4656 qua·
1467 4584 1541 4639 de
1576 4583 1728 4639 bello

184 4665 285 4723 hoc
304 4668 558 4731 Eumenis
580 4673 772 4750 paullo
798 4683 927 4728 ante
957 4684 1277 4729 narrantur.
1304 4676 1389 4728 De
1410 4691 1526 4745 quo
1553 4691 1730 4745 quum

186 4752 451 4812 Plutarchi
486 4772 653 4832 atque
678 4760 913 4831 Nepotis
931 4761 1131 4832 passim
1165 4759 1449 4831 copiosior
1480 4760 1729 4814 narratio

185 4840 275 4907 sit,
293 4842 349 4896 hi
370 4863 597 4919 quoque
617 4847 836 4919 plenius
858 4864 1263 4919 nonnunquam
1288 4845 1498 4900 referre
1518 4846 1730 4900 Hiero-

186 4943 402 4997 nymum
423 4934 703 4989 videntur.
731 4935 858 5004 Quo
876 4935 1161 5005 pertinent
1187 4951 1311 5005 quae
1345 4932 1417 4986 de
1440 4930 1728 4986 conditio-

188 5013 340 5069 nibus
360 5019 432 5072 ab
470 5022 768 5095 Antipatro
797 5019 1103 5092 propositis
1124 5020 1360 5073 Eumeni
1404 5018 1730 5090 produntur

188 5115 217 5151 a
247 5100 535 5161 Plutarcho
574 5127 626 5164 c.
661 5107 724 5175 5,
769 5106 841 5161 dc
886 5106 1089 5179 quibus
1114 5105 1266 5178 apud
1300 5105 1617 5160 Diodorum
1658 5124 1729 5161 ne

190 5187 409 5245 verbum
436 5194 691 5267 quidem,
721 5211 843 5269 quae
864 5192 1161 5266 praetendit
1182 5193 1582 5267 Neoptolemus
1612 5195 1726 5248 An·

1821 848 1994 919 nique
2018 848 2089 902 de
2117 861 2297 904 morte
2315 851 2526 905 Crateri
2543 871 2667 924 quae
2681 855 2833 927 apud
2854 857 3172 913 Diodorum
3189 863 3373 929 XVII,

1824 933 1917 1000 30,
1953 934 2024 990 cf.
2066 932 2290 992 Cornel.
2323 938 2478 993 Eum.
2515 957 2567 994 c.
2595 944 2650 1004 ί..

1899 1044 1923 1070 ι
1935 1022 2260 1094 Comparari
2277 1041 2456 1097 porro
2474 1032 2912 1100 operaepretium
2929 1042 3006 1085 est
3021 1033 3378 1088 Plutarchum

1820 1126 1868 1161 c.
1895 1106 1929 1161 8
1955 1120 2011 1163 et
2031 1108 2350 1163 Diodorum
2370 1112 2557 1166 XVIII
2578 1112 2699 1184 ,37.
2725 1116 2827 1169 Ille
2845 1118 2994 1171 enim
3021 1138 3033 1172 :
3059 1115 3196 1174 Ἀλλ’
3221 1118 3264 1174 εἰ
3286 1117 3381 1188 μὲν

1819 1190 1946 1269 ἔφθη
2002 1191 2296 1271 Περδίκκας
2344 1193 2628 1271 πυθόμενος
2655 1196 2749 1267 τὴν
2798 1199 3068 1280 Κρατέρου
3112 1204 3378 1276 τελευτὴν,

1822 1280 1916 1336 οὐκ
1940 1277 2002 1335 ἂν
2042 1279 2194 1346 ἄλλος
2222 1280 2512 1360 ἐπρώτευσε
2543 1284 2885 1344 Μακεδόνων·
2913 1292 3002 1346 νῦν
3029 1289 3077 1347 δ’
3116 1292 3378 1369 ἀνῃρημέ-

1819 1387 1906 1427 νου
1934 1364 2227 1444 Περδίκκου
2248 1366 2385 1425 κατὰ
2414 1368 2594 1426 στάσιν
2623 1371 2677 1428 ἐν
2698 1371 2954 1453 Αἰγύπτῳ
2988 1375 3131 1433 δυσὶν
3163 1377 3382 1456 ἡμέραις

1819 1452 2070 1531 πρότερον
2099 1444 2225 1523 ἡκεν
2270 1444 2414 1521 οὗτος
2441 1459 2469 1512 ὁ
2507 1456 2627 1536 περὶ
2671 1461 2763 1527 τ’ῆς
2802 1460 2979 1538 μάχης
3018 1462 3168 1538 λόγος
3201 1466 3272 1531 εἰς
3315 1464 3376 1522 τὸ

1823 1529 2189 1608 στρατόπεδον,
2230 1531 2470 1612 καὶπρὸς
2496 1534 2653 1611 ὀργὴν
2682 1535 2826 1603 εὐθὺς
2853 1543 2900 1596 οἱ
2943 1540 3240 1608 Μακεδόνες
3276 1543 3377 1601 θά-

1823 1646 1978 1682 νατον
2001 1630 2091 1684 τοῦ
2141 1625 2401 1701 Εὐμένους
2426 1626 2780 1705 κατέγνωσαν.
2818 1636 2925 1690 Hic
2958 1655 2972 1689 ε
3002 1634 3154 1693 Μετὰ
3184 1634 3239 1692 δὲ
3278 1634 3375 1707 τὴν

1824 1710 2008 1771 τούτου
2041 1712 2285 1783 τελευτὴν
2308 1713 2449 1781 euolog
2495 1706 2620 1786 ἧκόν
2662 1740 2799 1784 τινες
2828 1719 3265 1796 ἀπαγγέλλοντες,
3299 1720 3379 1780 ὅτι

1823 1797 2163 1878 παρατάξεως
2215 1803 2490 1877 γενομένης
2538 1804 2657 1881 περὶ
2713 1807 3100 1864 Καππαδοκίαν
3145 1809 3381 1885 Εὐμένης

1822 1884 2083 1959 νενίκηκε,
2132 1886 2397 1966 Κράτερος
2447 1887 2503 1945 δὲ
2553 1889 2643 1946 καὶ
2677 1890 3036 1968 Νεοπτόλεμος
3072 1894 3378 1966 ἡττηθέντες

1823 1972 2125 2052 ἀνῄρηνται.
2152 1975 2320 2033 Τοῦτο
2346 1974 2392 2031 δ’
2414 1977 2462 2031 εἰ
2491 1975 2606 2033 δυσὶ
2644 1976 2890 2056 πρότερον
2913 1978 3134 2057 ἡμέραις
3178 1978 3381 2055 ἐγένετο

1826 2062 1917 2128 τῆς
1949 2059 2239 2139 Περδίκκου
2264 2061 2537 2132 τελευτῆς,
2572 2063 2735 2128 οὐδεὶς
2763 2062 2824 2120 ἂν
2854 2064 3108 2140 ἐτόλμησε
3150 2064 3241 2131 τὰς
3265 2070 3379 2144 χεῖ·

1824 2169 1916 2226 ρας
1948 2146 2212 2226 Περδίκκα
2242 2152 2602 2226 προσενεγκεῖν
2631 2148 2716 2207 διὰ
2739 2149 2797 2208 τὸ
2827 2150 3039 2229 μέγεθος
3073 2158 3163 2223 τῆς
3190 2155 3380 2228 εὐημε-

1824 2233 1964 2314 ρίας·
1993 2238 2041 2293 οἱ
2070 2236 2114 2293 δ’
2142 2206 2231 2292 σόν
2262 2236 2556 2303 Μακεδόνες
2582 2237 2858 2314 πυθόμενοι
2894 2238 2961 2296 τὰ
2992 2240 3113 2318 περὶ
3144 2241 3230 2296 τὸν
3271 2241 3377 2299 Εὗ-

1821 2323 1980 2398 μὲνη,
2008 2322 2344 2401 κατέγνωσαν
2373 2326 2529 2382 αὐτοῦ
2552 2326 2788 2385 θάνατον.
2820 2330 2952 2384 Haec
2981 2330 3150 2403 igitur
3164 2329 3263 2384 ubi
3288 2330 3377 2384 in-

1822 2423 1907 2467 ter
1948 2431 2007 2467 se
2052 2425 2470 2485 comparantur,
2498 2426 2565 2468 ut
2607 2432 2676 2469 ex
2722 2415 2924 2470 eodem
2966 2415 3150 2485 fonte,
3185 2418 3260 2471 ita
3308 2436 3378 2472 ex

1820 2501 2169 2572 Hieronymo
2192 2498 2411 2555 fluxisse
2426 2500 2697 2556 credibile
2716 2512 2813 2559 est.
3363 2544 3372 2555 .

1900 2611 1924 2637 «
1942 2589 2080 2658 Quae
2104 2587 2451 2642 machinatus
2473 2597 2555 2641 est
2581 2590 2853 2643 Eumenes
2873 2582 3372 2662 post‘interfcctum

1817 2675 2282 2747 Neoptolemum,
2309 2674 2548 2727 maxime
2567 2685 2630 2728 ut
2651 2674 2853 2728 milites
2871 2676 2930 2728 in
2957 2673 3069 2730 fide
3096 2688 3372 2744 servaret,

1818 2761 1972 2817 bello
1991 2780 2119 2816 cum
2148 2761 2432 2835 Antigono
2447 2759 2792 2828 imminente,
2819 2761 3108 2817 Diodorus
3125 2764 3377 2830 retinuit,

1819 2848 2146 2904 Plutarchus
2164 2866 2214 2904 c.
2247 2849 2285 2902 8
2301 2849 2548 2901 narravit
2585 2847 2843 2920 pluribus
2865 2859 2921 2903 et
2948 2867 3074 2903 cum
3113 2868 3181 2905 eo
3208 2851 3373 2905 Justi-

1818 2953 1922 2989 nus
1947 2935 2111 3002 xlv,
2143 2952 2194 2991 1.
2214 2935 2368 3004 Quos
2393 2933 2708 2988 notandum
2742 2934 2973 3007 quidem
2994 2946 3074 2989 est
3101 2938 3161 2990 in
3190 2937 3375 3009 pleris-

1818 3039 1929 3094 que
1959 3021 2305 3087 consentire;
2327 3038 2445 3074 non
2467 3020 2544 3075 ita
2563 3030 2777 3099 tamen,
2809 3023 2948 3093 quin
2978 3023 3138 3094 quod
3173 3024 3234 3078 in
3257 3023 3378 3079 aliis

1819 3127 2049 3182 quoque
2071 3109 2209 3163 locis
2236 3107 2600 3178 conjecimuS,
2632 3108 2799 3163 etiam
2840 3109 2930 3163 hic
2951 3127 3115 3164 suum
3136 3123 3374 3182 uterque

1816 3207 2135 3265 auctorem,
2161 3194 2390 3249 fortasse
2434 3195 2762 3249 Plutarchus
2789 3195 3189 3269 Hieronymum
3207 3237 3225 3265 ,
3274 3199 3377 3252 Ju-

1815 3284 1991 3337 stinus
2036 3281 2410 3354 Phylarchum
2436 3282 2591 3353 sequi
2617 3284 2886 3354 potuerit.
2909 3283 3269 3338 Rhetoricam
3291 3301 3377 3338 ra·

1817 3371 2031 3426 tionem
2061 3369 2153 3424 hic
2182 3385 2412 3441 quoque
2439 3369 2641 3422 Justini
2669 3371 2844 3441 magis
2878 3388 3047 3441 quam
3094 3371 3375 3425 Plutarchi

1818 3458 2001 3512 oratio
2015 3457 2176 3529 sapit.
2194 3455 2409 3510 Retulit
2421 3465 2690 3527 praeterea
2709 3456 2848 3511 alter
2867 3474 2989 3528 quae
3007 3457 3148 3512 alter
3168 3459 3375 3531 omisit,

1817 3561 2002 3616 neque
2028 3542 2230 3598 eodem
2246 3552 2485 3614 uterque
2502 3541 2677 3597 modo
2696 3541 2927 3597 tradidit
2943 3583 2959 3611 ,
2981 3561 3105 3615 quae
3120 3545 3191 3598 ab
3211 3555 3374 3599 utro-

1819 3649 1929 3702 que
1947 3629 2150 3686 tradita
2173 3629 2332 3685 simul
2362 3639 2596 3685 exstant.
2680 3630 2890 3684 Contra
2908 3630 3149 3684 eundem
3167 3631 3371 3686 iterum

1825 3718 2110 3773 Plutarchi
2148 3725 2203 3772 ει
2241 3715 2485 3771 Diodori
2521 3715 2733 3769 sontem
2765 3716 3036 3788 suspicari
3073 3716 3241 3785 licet,
3275 3717 3373 3771 ubi

1825 3804 1898 3860 de
1919 3805 2074 3859 bello
2092 3803 2352 3858 Eumenis
2369 3811 2425 3857 et
2440 3804 2711 3876 Antigoni
2730 3820 2853 3875 qnae
2876 3804 3122 3857 narravit
3139 3815 3376 3877 uterque

1824 3909 2234 3966 comparamus.
2260 3889 2459 3947 Clades
2484 3908 2596 3963 qua
2624 3888 2970 3964 Antigonum
2999 3891 3273 3945 Eumenes
3293 3891 3375 3945 af·

1821 3978 1953 4034 fecit
1973 4021 1989 4050 ‚
2016 3977 2373 4052 Apollonidis
2396 3975 2682 4048 cujusdam
2712 3975 2783 4031 ab
2808 3977 3097 4049 Antigono
3121 3979 3373 4050 corrupti

1815 4064 2069 4139 perfidiae
2100 4064 2346 4139 (XVIII,
2381 4063 2490 4136 40)
2526 4062 2815 4130 tribuitur,
2857 4080 3026 4135 quem
3061 4063 3373 4136 intelligere

1817 4152 2042 4207 videtur
2073 4152 2398 4207 Plutarchus
2424 4168 2474 4206 c.
2504 4167 2540 4221 9
2565 4164 2581 4205 ε
2611 4146 2847 4216 ἡττηθεὶς
2874 4146 2960 4202 ὑπ’
2984 4145 3268 4223 Ἀντιγόνου
3291 4148 3375 4204 διὰ

1819 4234 2100 4315 προδοσίαν
2137 4236 2253 4294 κτλ.
2296 4236 2647 4292 Omittuntur
2684 4253 2822 4290 vero
2863 4233 3015 4307 apud
3054 4234 3376 4291 Diodorum

1819 4344 1869 4384 c.
1913 4332 1987 4390 4ο
2026 4325 2239 4397 quaejn
2281 4322 2411 4397 suga
2451 4320 2755 4389 Eumenes,
2795 4321 2930 4376 dum
2968 4323 3155 4396 copias
3186 4340 3374 4377 secum

1818 4412 2053 4467 haberet
2069 4451 2086 4479 ,
2108 4409 2454 4465 machinatus
2472 4418 2582 4482 est,
2608 4419 2666 4461 et
2692 4410 2874 4462 omitti
2895 4419 3159 4480 poterant
3178 4428 3210 4464 a
3229 4411 3370 4465 Dio-

1819 4498 1968 4554 doro
1983 4538 1998 4565 ‚
2029 4515 2204 4569 quum
2228 4496 2300 4551 ad
2339 4495 2600 4550 Eumenis
2626 4496 2801 4568 magis
2823 4495 3180 4551 calliditatem
3203 4514 3373 4569 quam

1819 4585 1890 4641 ad
1913 4601 2103 4639 rerum
2121 4593 2397 4658 gestarum
2417 4583 2691 4638 rationem
2706 4591 2760 4636 et
2777 4598 2984 4637 nexum
2997 4584 3344 4655 pertinerent
3355 4605 3374 4653 3

1819 4671 2014 4727 eadem
2035 4689 2172 4725 vero
2200 4670 2272 4725 de
2295 4687 2456 4724 causa
2477 4670 2659 4724 omitti
2676 4670 2772 4724 vix
2791 4679 3056 4742 poterant
3076 4669 3147 4724 ab
3169 4671 3371 4725 Hiero-

1819 4776 1990 4830 nymo
2010 4797 2025 4823 ,
2054 4773 2226 4829 quem
2260 4755 2560 4829 probabile
2587 4767 2668 4811 est
2698 4757 2758 4810 in
2786 4757 2878 4823 iis,
2910 4774 3032 4827 quae
3056 4754 3130 4811 ad
3161 4755 3368 4812 Eume-

1821 4863 1947 4898 nem
1980 4844 2254 4909 facerent,
2279 4843 2530 4915 inprimis
2548 4843 2837 4915 copiosum
2861 4842 3044 4897 fuisse.
3069 4842 3206 4914 Quae
3225 4843 3370 4897 inter

1818 4930 2137 4987 Diodorum
2163 4930 2353 4984 XVIII
2372 4969 2388 4997 ,
2424 4936 2488 4993 41
2528 4931 2652 4984 init.
2686 4942 2743 4984 et
2770 4929 3128 4984 Plutarchum
3166 4927 3362 5002 (Eum.

1820 5038 1868 5076 c.
1903 5038 1972 5073 ιο
1995 5018 2012 5089 )
2043 5018 2306 5072 dissensio
2335 5028 2442 5085 est,
2466 5035 2710 5089 quorum
2732 5017 2826 5071 ille
2849 5018 3151 5070 Eumenem
3178 5027 3370 5070 narrat

1820 5108 1997 5178 ipsum
2025 5105 2311 5159 hortatum
2339 5123 2450 5159 esse
2479 5105 2750 5177 plurimos
2768 5103 3006 5157 militum
3025 5112 3087 5156 ut
3127 5102 3364 5157 decede-

1827 5201 1972 5257 rent,
1992 5191 2080 5243 hic
2101 5209 2197 5245 eos
2221 5190 2481 5246 defecisse
2499 5189 2571 5245 ad
2599 5191 2961 5264 Antigonum,
2995 5190 3210 5243 tollitur
3226 5207 3369 5261 qno-
