3900 6042
459 462 571 510 51ss

457 583 592 637 dum
635 583 804 655 igitur
836 594 915 636 est
950 581 1102 635 haud
1135 580 1338 648 dubie,
1383 581 1706 634 Eusebianis
1741 579 2016 651 excerptis

457 669 619 724 aliam
650 668 933 741 quandam
969 668 1386 722 Manethoniani
1422 667 1609 739 operis
1635 667 2015 719 recensionem

455 756 691 811 subesse.
716 758 843 809 Haec
872 773 1028 823 vero,
1058 755 1161 808 nisi
1190 754 1410 826 egregie
1441 752 1624 819 fallor,
1651 751 1845 806 eadem
1875 761 2017 815 erat,

459 860 527 897 ex
547 860 658 915 qua
686 842 938 896 laterculi
980 838 1262 895 Panodori
1309 850 1363 893 et
1408 837 1620 893 Veteris
1664 838 1928 894 Chronici
1964 847 2019 891 et

459 930 630 1002 ipsius
650 929 887 1000 Syncelli
913 938 1340 1000 promanarunt.

540 1016 859 1071 Panodorus
884 1027 940 1070 et
970 1018 1290 1080 Annianus,
1325 1012 1584 1066 monachi
1618 1011 1864 1085 AEgyptii
1886 1029 2018 1079 ‚sae-

462 1104 572 1158 culi
614 1103 825 1174 quinti,
870 1103 929 1155 in
976 1099 1451 1172 Ch‘ronographiis
1486 1099 1597 1152 suis
1629 1099 1741 1153 hoc
1780 1099 2020 1153 maxime

463 1189 798 1242 allaborasse
831 1186 1119 1256 videntur,
1150 1196 1212 1238 ut
1239 1183 1592 1239 Chaldaicam
1619 1194 1673 1237 et
1701 1184 2018 1256 AEgyptiam

464 1276 893 1346 chronologiam
922 1292 1046 1327 cum
1074 1271 1309 1326 Judaica
1331 1271 1716 1327 conciliarent.
1762 1272 1922 1325 Certe
1952 1288 2019 1324 ex

463 1359 723 1433 Syncello
779 1360 1036 1414 discimus
1092 1356 1383 1430 quomodo
1444 1356 1776 1412 Panodorus
1847 1374 2024 1411 annos

470 1446 761 1519 432,000‚
805 1466 949 1519 quos
988 1444 1299 1500 Chaldaicis
1336 1444 1560 1517 regibus
1599 1442 2025 1499 antediluvianis

465 1537 700 1590 Berosus
717 1536 969 1607 assignat,
1012 1531 1084 1587 ad
1111 1548 1287 1586 annos
1335 1530 1478 1585 1183
1526 1533 1597 1601 Ἰ.
1639 1531 2019 1597 revocaverit,

466 1622 565 1693 qui
591 1619 925 1674 numerandi
947 1619 1057 1672 sint
1078 1617 1148 1671 ab
1173 1616 1371 1671 mundi
1395 1634 1543 1671 anno
1580 1636 1601 1670 1
1620 1614 1724 1684 157
1753 1634 1928 1688 usque
1950 1614 2025 1671 ad

466 1723 676 1761 annum
726 1712 908 1772 224¹,
956 1706 1068 1758 sive
1108 1720 1286 1775 usque
1318 1702 1389 1757 ad
1446 1720 1654 1757 annum
1694 1704 1792 1775 qui
1832 1719 1865 1757 e
1912 1704 2022 1756 Ju-

467 1793 718 1848 doeorum
742 1790 1253 1847 Alexandrinorum
1289 1799 1557 1862 computo
1586 1790 1845 1862 proxime
1868 1799 2026 1844 ante-

469 1880 621 1935 cedit
648 1879 941 1935 diluvium.
990 1876 1054 1950 (*)
1095 1875 1185 1931 Ad
1228 1876 1451 1931 eosdem
1494 1894 1630 1931 vero
1666 1894 1844 1931 annos
1878 1874 2023 1930 1183

468 1966 799 2022 Panodorus
843 1964 1126 2019 revocavit
1173 1964 1339 2018 ctiam
1390 1981 1565 2017 annos
1610 1982 1753 2035 quos
1785 1962 2024 2017 deorum

471 2064 528 2107 et
553 2051 929 2107 semideorum
958 2049 1221 2121 dynastiis
1243 2048 1391 2120 apud
1418 2050 1813 2104 Manethonem
1837 2048 1933 2125 (fr.
1968 2048 2021 2122 a)

469 2139 732 2212 assignari
753 2138 990 2192 dicebat.
1018 2136 1283 2190 Manetho
1312 2154 1447 2190 vero
1464 2177 1479 2204 ,
1502 2154 1669 2208 quem
1698 2136 2028 2191 Panodorus

470 2227 769 2294 intellexit,
798 2225 890 2278 ille
918 2234 1025 2291 est,
1052 2224 1151 2295 qui
1179 2222 1414 2277 Sotheos
1438 2223 1642 2277 librum
1678 2224 2023 2296 composuit,

470 2313 557 2366 uti
608 2329 677 2366 ex
730 2321 927 2365 tenore
978 2309 1372 2381 disputationis
1437 2309 1797 2381 Syncellianae
1848 2319 2021 2380 patet.

471 2402 651 2474 Supra
700 2399 818 2470 jam
866 2400 1063 2453 monui
1108 2398 1505 2453 Manethonem
1548 2396 1701 2452 hunc
1755 2398 1832 2451 ita
1900 2415 2020 2452 rem

473 2487 800 2555 adornasse,
829 2499 894 2542 ut
916 2488 1143 2559 triginta
1167 2485 1428 2558 dynastiae
1455 2502 1575 2539 non
1602 2494 1778 2540 essent
1811 2494 2026 2539 morta-

475 2575 612 2630 lium
651 2573 732 2649 (ut
771 2573 923 2647 apud
972 2572 1368 2627 Manethonem
1394 2570 1641 2626 Africani
1667 2582 1724 2625 et
1752 2571 2025 2643 Eusebii),

474 2661 573 2716 sed
596 2673 650 2716 et
674 2662 992 2716 mortalium
1031 2670 1086 2713 et
1108 2659 1504 2712 immortalium
1524 2698 1540 2726 ,
1570 2658 1730 2712 sicuti
1758 2659 1814 2711 in
1849 2658 2028 2712 Chro-

476 2749 606 2802 nico
626 2750 846 2802 Vetere.
864 2748 987 2800 Jam
1008 2763 1077 2799 ex
1099 2745 1358 2816 Syncello
1383 2744 1655 2799 docemur
1667 2744 2030 2799 Panodorum

477 2852 792 2889 numerasse
833 2832 1071 2887 deorum
1109 2832 1385 2903 dynastias
1427 2850 1548 2900 sex,
1593 2831 1867 2886 semideos
1892 2850 2029 2887 vero

478 2923 537 2974 in
565 2919 701 2973 duas
742 2918 1018 2991 dynastias
1048 2917 1373 2972 distinxisse.
1400 2918 1603 2990 Igitur,
1632 2918 2031 2973 immortalium

478 3007 742 3078 dynastiae
771 3023 946 3077 quum
967 3015 1097 3058 octo
1121 3006 1259 3075 sint,
1284 3004 1614 3057 mortalibus
1637 3005 2032 3077 relinquuntur

479 3180 625 3229 schen
643 3180 856 3228 Gewirre
873 3178 988 3227 alles
1003 3178 1187 3236 dessein,
1208 3191 1309 3226 was
1335 3177 1413 3227 die
1430 3177 1794 3228 verschiedenen
1829 3178 2032 3228 Schrift-

478 3250 640 3298 steller
683 3250 772 3298 auf
829 3248 1054 3297 Manetho
1097 3247 1477 3308 zuruckfubren‚
1520 3248 1665 3297 kaum
1707 3248 1785 3297 ein
1829 3249 2032 3299 audet-er

488 3325 693 3380 Ausweg
728 3317 888 3367 finden
902 3318 1055 3365 lassen
1077 3318 1147 3365 als
1168 3317 1518 3377 anzunehmen,
1547 3317 1632 3365 das
1650 3319 2036 3369 Manethonische

484 3388 660 3446 Werk‚
682 3387 791 3437 dem
818 3386 895 3435 die
920 3391 1137 3448 Auszuge
1161 3388 1377 3435 eullelint
1396 3387 1503 3436 sind
1522 3422 1535 3447 ,
1562 3387 1686 3436 habe
1718 3382 1810 3437 den
1836 3390 2035 3439 Auserli·

480 3470 597 3520 geru
624 3458 711 3506 der
734 3458 969 3506 letzteren.
984 3457 1034 3504 in
1074 3457 1206 3505 einer
1238 3457 1424 3506 Gestalt
1445 3456 1560 3506 oder
1596 3457 1645 3505 in
1664 3458 1906 3507 Gestalten
1934 3473 2036 3508 vor·

479 3527 669 3588 gelegen
683 3562 698 3586 ,
715 3528 958 3587 ·verm6ge
992 3525 1139 3575 deren
1174 3526 1259 3575 das
1304 3526 1693 3576 verschiedenste
1726 3527 1899 3578 daraus
1934 3532 2034 3578 ent·

482 3609 705 3645 nommen
746 3596 939 3644 werden
973 3595 1167 3644 konnte.
1205 3599 1312 3656 Mag
1339 3609 1441 3645 nun
1471 3598 1596 3645 auch
1636 3598 1860 3646 Manetho
1883 3598 2036 3648 selber

485 3667 588 3714 hier
610 3665 710 3714 und
735 3665 798 3714 da
823 3665 1158 3714 verschiedene
1195 3666 1478 3728 Meinungeu
1501 3667 1752 3729 angelilhrt
1776 3667 1958 3730 haben,
1983 3682 2036 3717 so

487 3738 657 3796 genugl
688 3734 841 3784 dieses
857 3734 1026 3795 gewiss
1052 3734 1177 3783 doch
1214 3735 1374 3797 nicht,
1412 3749 1497 3784 um
1520 3735 1694 3785 daraus
1734 3737 1797 3787 all
1828 3736 1906 3786 die
1928 3751 2035 3787 ver·

497 3806 779 3855 schiedenen
808 3804 1031 3867 Angaben
1076 3819 1135 3853 zu
1175 3806 1404 3855 erklaeren
1445 3825 1456 3853 :
1496 3807 1728 3855 vielmehr
1772 3821 1904 3855 muss
1934 3809 2035 3857 sein

488 3876 635 3925 Werk
676 3875 879 3924 vielfach
918 3875 1215 3937 interpolirt,
1248 3875 1298 3936 J’a
1319 3889 1370 3924 es
1401 3880 1590 3925 mussen
1616 3879 1823 3925 ausser-st
1856 3877 2035 3926 abwei-

487 3944 669 3995 eliende
689 3945 933 4006 Ausgaben
951 3945 1067 3995 oder
1088 3946 1407 3995 Recensionen
1433 3940 1588 3993 davon
1604 3946 1823 4006 gemacht
1841 3944 2038 3996 worden

482 4016 608 4076 sein,
640 4015 715 4064 sur
737 4015 919 4064 welche
949 4028 1001 4064 es
1025 4015 1183 4065 weder
1211 4029 1271 4063 an
1305 4014 1658 4075 veraniassung
1679 4014 1803 4062 noch
1827 4027 1891 4062 an
1913 4017 2037 4064 Stofl

486 4085 639 4133 temen
658 4083 854 4132 konntc.
882 4104 904 4126 n

549 4155 614 4215 (*)
638 4153 913 4202 Panodorus
943 4167 1094 4202 annos
1112 4155 1217 4203 illos
1242 4159 1360 4203 1¹83
1388 4157 1446 4212 ¹1,
1472 4155 1538 4201 ita
1555 4154 1832 4214 extimavit,
1859 4157 1915 4203 ut
1940 4157 2038 4202 sta·

495 4224 650 4270 lueret
668 4222 794 4282 apud
818 4225 1042 4271 Bel-osum
1061 4235 1239 4271 annum
1253 4221 1346 4270 dici
1366 4230 1578 4269 mensem
1595 4220 1782 4270 dierum
1807 4226 1866 4271 29
1890 4230 2031 4277 Ἰ».-

489 4294 540 4336 ln
570 4290 875 4351 Septuaginta
905 4291 968 4339 ab
999 4291 1182 4339 Adamo
1205 4290 1265 4338 ad
1296 4289 1532 4338 diluvium
1563 4293 1879 4340 numerantur
1917 4296 2036 4340 2242

480 4359 596 4406 anni
611 4375 625 4419 ;
641 4372 783 4419 porro
800 4360 862 4407 ab
875 4359 1055 4407 diluvio
1075 4360 1135 4408 ad
1150 4358 1475 4407 Abrahamum
1496 4359 1709 4408 nonnulli
1728 4364 2041 4409 numerarunt

487 4439 636 4476 annos
650 4432 756 4476 944.
774 4433 881 4478 Jam
903 4441 1034 4487 vero,
1050 4430 1107 4476 ut
1124 4428 1305 4490 egregie
1322 4430 1485 4477 monet
1505 4428 1753 4478 Boeckliius
1772 4442 1820 4490 p.
1835 4435 1894 4479 86
1909 4442 2037 4491 sqq„

486 4497 599 4545 anni
618 4498 794 4546 solares
817 4502 937 4546 2242
965 4499 1211 4547 continent
1235 4502 1407 4559 27‚759
1427 4498 1561 4557 (sive
1583 4499 1714 4559 ιῦ-Ι-
1731 4503 1841 4547 1461
1867 4498 1885 4558 )
1907 4510 2042 4547 men-

487 4579 563 4615 ses
579 4566 766 4616 dierum
788 4574 849 4617 20
870 4570 963 4627 ¹123
996 4580 1138 4630 porro
1159 4567 1269 4616 anni
1293 4566 1470 4615 solares
1492 4570 1585 4617 944
1611 4567 1857 4617 continent
1891 4573 2040 4618 11688

492 4637 622 4689 (sive
644 4638 1091 4698 8÷1461)menses
1113 4638 1300 4687 dierum
1324 4641 1471 4696 297..
1486 4637 1623 4687 Unde
1643 4638 1885 4687 concludit
1900 4641 2042 4688 Boeo·

490 4705 628 4755 kliius
642 4709 919 4768 computum
935 4707 1063 4755 hunc
1080 4721 1180 4758 esse
1193 4711 1220 4758 J
1225 4708 1469 4756 udaeorum
1486 4707 1910 4756 Alexandrinorum
1923 4744 1937 4768 ‚
1957 4709 2042 4769 qui

489 4773 691 4823 ,Iudaica
726 4776 1162 4826 accommodassent
1188 4776 1249 4825 ad
1276 4776 1603 4838 AEgyptiacam
1636 4776 1873 4837 quandam
1897 4778 2039 4825 cliro·

493 4843 757 4904 nologiam,
800 4857 857 4892 ex
894 4857 987 4905 qua
1022 4848 1211 4907 tempus
1244 4845 1444 4894 deornm
1474 4850 1529 4894 19
1568 4846 1774 4907 periodis
1811 4847 2044 4896 sothiacis

492 4913 1001 4975 comprehendet-etun
1034 4914 1204 4963 deinde
1224 4915 1354 4964 aliud
1388 4915 1616 4977 temporis
1637 4915 1842 4976 spatium
1866 4916 2042 4975 (semi-

495 4980 697 5030 ‹leorum
734 4984 809 5030 vel
852 4983 1084 5046 heroum)
1123 4987 1377 5047 poneretur
1397 4984 1474 5033 vel
1506 4988 1616 5033 octo
1647 4984 1946 5046 periodorum
1971 4986 2044 5046 (si

494 5050 605 5098 anni
625 5050 942 5100 semideorum
961 5053 1074 5102 item
1097 5054 1286 5104 ruerunt
1304 5053 1555 5115 menstrui)
1574 5054 1648 5103 vel
1662 5054 1822 5116 potius
1838 5054 2044 5103 duorum
2102 5078 2108 5085 -

498 5118 797 5178 periodorum
832 5121 900 5177 (si
935 5122 1045 5169 anni
1068 5121 1384 5172 semideorum
1410 5122 1702 5184 putabantur
1731 5136 1831 5175 esse
1851 5123 2044 5186 quadri-

500 5188 712 5247 mam-es,
732 5188 887 5250 ὧροι).
1115 5208 1125 5224 ·

1590 447 2093 508 MANETHOMS
2140 447 2611 508 SEBENNYTAE

2107 580 2366 652 dynastiae
2399 582 2596 654 viginti
2639 581 2782 635 duae.
2835 582 2916 636 Ex
2947 580 3194 635 Africani
3229 579 3518 635 laterculis
3551 576 3679 636 llb-

2107 667 2277 720 netlio
2323 669 2520 741 viginti
2567 667 2783 721 duabus
2806 667 3070 739 dynastiis
3093 670 3397 739 postremis
3447 668 3500 739 (e
3528 668 3675 739 dyn.

2108 754 2468 829 lx—XXX)
2498 753 2802 809 secundum
2845 751 3680 809 Boeckhiumtribuunturanni

2108 840 2330 894 circiter
2367 839 2537 909 3700.
2571 840 2738 894 Haud
2772 841 2846 894 ita
2877 841 3116 894 multum
3152 839 3225 893 ab
3271 839 3386 894 hoc
3427 858 3682 895 nurnero

2107 926 2320 982 recedit
2369 928 2633 982 Manetho
2651 967 2667 993 ,
2716 945 2884 999 quem
2916 926 3249 982 Panodorus
3288 926 3579 985 adhibuit.
3629 929 3685 983 Is

2109 1016 2258 1067 enim
2303 1014 2487 1087 regnis
2547 1014 2870 1068 mortalium
2912 1014 3206 1086 assignavit
3258 1028 3440 1068 annos
3491 1013 3679 1070 3555.

2109 1101 2332 1155 Scilicet
2363 1101 2650 1173 Syncellus
2691 1110 2988 1174 postquam
3018 1101 3231 1154 Veteris
3271 1101 3548 1156 chronici
3581 1120 3680 1156 ra·-

2110 1188 2320 1240 tionem
2349 1197 2705 1259 exposuerat,
2739 1188 2926 1259 pergit
2949 1187 3101 1245 hunc
3127 1187 3189 1238 in
3212 1184 3454 1240 modum
3485 1206 3503 1239 ε
3547 1188 3682 1243 Μα-

2113 1274 2269 1327 νεθῶν
2288 1272 2406 1348 περὶ
2425 1273 2527 1327 τῶν
2549 1271 2716 1328 αὐτῶν
2735 1270 2785 1327 λ’
2811 1271 3119 1327 δυναστειῶν
3138 1269 3343 1348 γράψας
3356 1314 3374 1339 ,
3395 1272 3456 1328 ἐκ
3475 1272 3682 1329 τούτων

2114 1355 2313 1426 δηλαδὴ
2341 1356 2519 1414 λαὸὼν
2546 1356 2638 1422 τὰς
2669 1355 2928 1435 ἀφορμὰς,
2955 1354 3091 1413 κατὰ
3117 1354 3250 1414 πολὺ
3280 1357 3535 1435 διαφωνεῖ
3559 1357 3682 1436 περὶ

2111 1442 2227 1508 τοὺς
2244 1442 2455 1521 χρόνους
2479 1442 2607 1522 πρὸς
2643 1448 2836 1514 ταῦτα,
2860 1441 3031 1507 καθώς
3052 1444 3164 1500 ἐστι
3180 1442 3270 1500 καὶ
3289 1445 3351 1499 ἐιι
3369 1446 3477 1500 τῶν
3493 1466 3682 1520 sepeci-

2115 1529 2349 1609 ρημίνων
2370 1534 2495 1603 ἡμῖν
2519 1529 2758 1608 ἀνωτέρω
2776 1531 2958 1605 μαθεῖν
2987 1532 3078 1587 καὶ
3103 1532 3165 1586 ἐκ
3191 1534 3296 1587 τῶν
3325 1530 3448 1597 ἑξῆς
3473 1532 3678 1609 λεχθη-

2114 1615 2365 1691 σομένων.
2394 1619 2515 1676 Τῶν
2541 1615 2643 1693 γὰρ
2672 1619 2725 1674 ἐν
2749 1617 2855 1682 τοῖς
2884 1615 3022 1695 τρισὶ
3047 1615 3225 1691 τόμοις
3268 1617 3367 1694 ριγ’
3393 1622 3592 1694 γενεῶν
3625 1619 3678 1674 ἐν

2114 1702 2434 1769 δυναστείαις
2482 1703 2529 1761 λ’
2580 1691 3053 1781 ἀναγεγραμμένων
3103 1705 3243 1781 αὐτῷ
3297 1707 3325 1761 ὁ
3374 1704 3566 1782 χρόνος
3615 1702 3682 1760 τὰ

2113 1788 2284 1848 πάντα
2320 1789 2530 1861 συνῆξεν
2561 1788 2651 1860 ἔτη
2689 1788 2831 1870 γφνι’
2858 1790 3054 1869 (3555)
3092 1787 3357 1866 ἀρξάμενα
3399 1794 3477 1870 τῷ
3503 1791 3678 1870 capte-¹

2116 1875 2311 1955 (1586)
2362 1876 2465 1934 ἔτει
2509 1882 2598 1936 τοῦ
2648 1878 2845 1952 κόσμου
2890 1876 2979 1934 καὶ
3025 1874 3256 1946 λήξαντα
3301 1878 3374 1942 εἰς
3421 1878 3484 1935 τὸ
3529 1879 3680 1954 ερμζ
3703 1886 3712 1891 “

2118 1964 2311 2042 (5ι47)
2341 1962 2480 2038 ἔτος,
2509 1964 2623 2034 ἤτοι
2643 1964 2746 2042 πρὸ
2772 1968 2865 2034 τῆς
2893 1954 3224 2041 Ἀλὶξᾶνδρου
3251 1968 3342 2020 τοῦ
3375 1965 3682 2031 Μακεδόνος

2115 2051 2557 2131 κοσμοκρατορίας
2582 2050 2672 2122 ἔτη
2696 2073 2795 2109 που
2818 2049 2904 2109 ιε’.
2926 2054 3158 2107 Diversa
3183 2054 3244 2106 in
3265 2054 3420 2109 hisce
3455 2056 3680 2110 misceri

2121 2160 2241 2195 non
2269 2141 2507 2197 dubium
2539 2152 2638 2196 est.
2665 2142 2765 2197 Sin
2790 2141 2961 2195 verba
2983 2141 3218 2213 premis,
3242 2141 3477 2215 triginta
3498 2141 3685 2214 dyna-

2114 2230 2227 2282 stiae
2254 2246 2369 2283 esse
2397 2228 2604 2283 debent
2627 2226 2861 2282 deorum
2901 2227 3315 2299 hominumque
3331 2270 3348 2299 ,
3372 2238 3442 2281 ut
3468 2229 3528 2281 in
3554 2231 3678 2285 Vct.

2115 2316 2417 2372 Chronico.
2468 2318 2610 2370 Tum
2661 2332 2798 2369 vero
2859 2314 2992 2367 anni
3048 2312 3201 2368 3555
3257 2315 3536 2387 explicari
3583 2333 3683 2369 ne·

2117 2410 2359 2474 queunt,
2397 2401 2502 2455 nisi
2547 2401 2656 2468 ita,
2702 2409 2767 2454 ut
2809 2410 3014 2455 statuas
3057 2419 3235 2455 annos
3273 2402 3682 2456 immortalium

2115 2506 2229 2543 esse
2252 2490 2383 2543 istos
2412 2507 2435 2542 1
2452 2485 2581 2555 183,
2610 2505 2751 2559 quos
2777 2486 3106 2542 Panodorus
3131 2506 3205 2543 ex
3228 2489 3684 2543 Manethonian’ss

2117 2576 2274 2630 annis
2331 2575 2549 2643 elicuit,
2611 2573 2858 2647 ideoque
2912 2574 3239 2628 mortalium
3292 2591 3477 2628 annos
3522 2574 3686 2629 fuist

2120 2661 2303 2732 2372,
2334 2664 2432 2734 qui
2471 2661 2732 2735 proxime
2777 2660 3110 2716 accederent
3153 2661 3229 2715 ad
3270 2678 3454 2715 annos
3495 2660 3681 2721 2325.

2120 2768 2262 2823 quos
2290 2753 2454 2804 Vetus
2479 2749 2801 2804 Chronicon
2825 2749 3157 2804 mortalibus
3179 2748 3378 2802 tribuit
3399 2748 3686 2822 (suppletis

2119 2856 2198 2893 sc.
2237 2838 2342 2901 184
2384 2838 2570 2905 annis,
2609 2854 2753 2908 quos
2792 2835 3062 2891 excidisse
3097 2842 3356 2910 constat).
3386 2837 3482 2892 sie
3516 2838 3686 2910 igitur

2122 2925 2302 2978 omnis
2324 2922 2689 2995 discrepantia
2715 2922 3067 2978 Manethonis
3088 2934 3146 2977 et
3176 2924 3394 2978 Veteris
3421 2923 3685 2979 chronici

2121 3021 2430 3067 versaretur
2469 3013 2530 3065 in
2565 3012 2752 3084 regnis
2777 3009 3044 3079 deorum3
3087 3005 3144 3064 id
3173 3000 3324 3065 vero'
3362 3009 3683 3083 syncellum

2121 3096 2430 3173 significare
2453 3099 2723 3166 noluisse,
2752 3097 2851 3153 sed
2871 3115 3051 3152 annos
3074 3095 3228 3152 3555
3250 3096 3326 3151 ad
3353 3098 3510 3152 solos
3533 3116 3685 3152 mor-

2125 3187 2258 3240 tales
2300 3185 2540 3251 referre,
2623 3185 2757 3239 inde
2823 3184 3041 3257 colligis
3098 3183 3258 3256 quod
3289 3184 3471 3239 hosce
3510 3200 3684 3239 anuos

2128 3270 2276 3327 3555
2308 3273 2601 3345 componit
2625 3290 2756 3327 cum
2780 3273 2938 3325 annis
2962 3270 3114 3325 2365
3131 3312 3149 3342 ,
3179 3288 3327 3342 quos
3351 3272 3475 3345 ipse
3497 3270 3631 3325 inde
3653 3288 3684 3324 a

2124 3362 2285 3414 Mene
2311 3377 2444 3433 rege
2471 3360 2775 3432 exputavit.
2805 3358 3104 3413 Boeckhius
3128 3357 3304 3431 igitur
3340 3359 3528 3430 ipsum
3552 3358 3684 3431 Syn-

2125 3447 2327 3501 cellum
2371 3448 2432 3500 in
2470 3464 2708 3500 numero
2749 3443 2900 3500 3555
2947 3463 3155 3499 errasse
3214 3447 3411 3499 statuit
3437 3448 3680 3518 atquein

2125 3534 2279 3588 fonte
2307 3532 2424 3604 ejus
2450 3550 2559 3605 pro
2611 3530 2762 3588 3555
2802 3541 3027 3586 notatos
3066 3530 3232 3587 fuisse
3269 3543 3464 3587 censet
3517 3550 3684 3587 annos

2128 3609 2313 3679 5355,
2373 3622 2517 3683 quot
2568 3612 2684 3666 sere
2739 3620 3005 3682 exputare
3053 3611 3185 3664 licet
3247 3628 3280 3664 e
3347 3611 3684 3665 Manethoue

2124 3698 2394 3753 Africani.
2449 3729 2530 3740 —
2599 3699 2720 3772 Ego
2783 3707 3023 3770 propter
3078 3695 3512 3751 similitudinem
3567 3713 3685 3768 qut

2125 3785 2309 3840 veteri
2336 3784 2618 3841 Chronico
2656 3802 2783 3838 cum
2814 3782 3153 3838 Manethone
3187 3783 3486 3838 Panodori
3509 3786 3684 3838 inter-

2126 3871 2305 3940 cedit,
2333 3889 2616 3944 quamque
2660 3873 2777 3944 ipse
2815 3870 3101 3943 Syncellus
3141 3870 3201 3943 (e
3240 3870 3558 3926 Panodoro
3575 3871 3684 3925 hec

2128 3960 2344 4027 omnia,
2384 3970 2556 4032 put0,
2596 3958 2876 4031 reserens)
2915 3958 3102 4012 verbis
3140 3957 3201 4012 ἐκ
3242 3955 3442 4013 τούτων
3491 3954 3680 4025 δηλαδὴ

2126 4042 2303 4101 λαὸὼν
2329 4040 2421 4108 τὰς
2463 4042 2699 4121 ἀφορμὰς
2736 4046 2948 4114 innuit,
2972 4062 3149 4099 annos
3189 4043 3345 4100 3555
3391 4063 3462 4099 eo
3493 4063 3608 4117 qno
3629 4045 3682 4098 iu

2127 4132 2582 4188 antecedentibus
2609 4132 2726 4187 dixi
2753 4131 2929 4188 modo
2957 4130 3322 4205 intelligenda
3357 4148 3475 4189 esse
3513 4141 3681 4205 puto,

2132 4220 2453 4291 syncellum
2470 4236 2603 4273 vero
2620 4220 2678 4274 in
2693 4238 2761 4275 eo
2777 4235 3003 4286 errasse,
3017 4217 3178 4290 quod
3192 4210 3426 4291 triginta
3445 4216 3680 4272 deor-m

2128 4305 2533 4379 hominumque
2596 4305 2872 4379 dynastias
2931 4303 3190 4358 confudit
3260 4322 3396 4358 cum
3463 4306 3681 4378 triginta

2129 4392 2392 4464 dynastiis
2420 4393 2769 4460 mortalium,
2797 4409 2921 4463 quoe
2946 4408 3049 4464 per
3083 4401 3196 4445 tres
3221 4391 3682 4464 AEgyptiaeonnn

2129 4478 2304 4532 libros
2334 4468 2619 4550 antiquior
2655 4479 2749 4534 ille
2785 4478 3052 4533 Manetho
3087 4476 3340 4532 Africani
3370 4486 3429 4532 et
3467 4477 3680 4532 Eusebii

2128 4576 2396 4621 recenset.
2431 4568 2516 4620 De
2549 4566 2808 4619 Bunsenii
2850 4565 3124 4619 sententia
3153 4564 3347 4636 paullo
3387 4564 3536 4618 infra
3572 4580 3680 4617 mo-

2128 4659 2297 4715 nebo.
2349 4690 2428 4701 -
2472 4659 2730 4713 Ceterum
2777 4676 2913 4712 num
2965 4658 3232 4713 Manetho
3288 4656 3676 4717 Panodooeus,

2131 4763 2298 4817 quem
2344 4745 2533 4800 dicere
2583 4746 2774 4814 liceat,
2816 4746 2893 4799 ita
2943 4745 3122 4819 egerit
3167 4753 3230 4798 ut
3279 4746 3505 4817 priores
3559 4752 3677 4797 octo

2130 4832 2450 4886 mortalium
2471 4830 2746 4904 dynastias
2776 4850 3010 4905 prorsus
3033 4831 3276 4900 deleret,
3319 4830 3455 4884 inde
3480 4847 3514 4884 a
3537 4845 3674 4883 noua

2131 4930 2316 4974 autem
2338 4919 2671 4991 antiquioris
2690 4920 3047 4974 Manethonis
3068 4917 3366 4974 laterculos
3393 4932 3576 4989 presse
3593 4932 3669 4968 se-

2133 5014 2418 5078 queretur,
2442 5023 2512 5060 an
2535 5023 2658 5060 suas
2685 5004 2955 5078 quasdam
2983 5004 3260 5077 dynastias
3284 5001 3672 5075 antiquissimas

2132 5088 2669 5165 fingeret,¹quorum
2703 5102 2875 5165 caput
2893 5092 3084 5147 Menes
3103 5108 3204 5146 rex
3234 5098 3353 5145 erat
3369 5128 3386 5157 ,
3409 5089 3468 5141 in
3491 5085 3666 5141 medio

2133 5179 2414 5249 relinquo.
2477 5179 2603 5232 Hoc
2645 5188 2829 5232 tamen
2873 5177 3332 5232 verisimillimum
3374 5184 3484 5241 est,
3543 5171 3662 5244 quia
