3900 6042
440 442 467 463 ⁸
535 454 647 506 180
1617 434 2108 500 ARISTOTELIS
2151 433 2641 495 FRAGMENTA.

2168 564 2317 643 τέρας
2344 567 2448 622 ἐκεῖ
2471 566 2797 644 φονευθῆναι.
2823 564 2891 620 V.
2925 560 3175 616 Panoska
3209 557 3592 633 1188881114).
3646 555 3756 615 38.

2167 654 2502 710 Maeandrius
2530 652 2771 709 Milesius
2793 648 2867 707 fr.
2900 649 2959 705 6.

2843 750 3010 828 [180
3028 749 3049 827 1

2250 858 2510 936 [Aristot.
2533 858 2656 913 Pol.
2693 860 2773 925 V,
2807 874 2877 929 9,
2911 860 2987 919 4.
3025 849 3132 910 Καὶ
3157 847 3277 915 τοὺς
3297 847 3524 917 πένητας
3547 856 3760 906 ποιεῖν

2167 944 2284 1011 τους
2316 941 2661 1024 ἀρχομένους,
2703 938 3067 1017 τυραννικόν..
3119 935 3471 1015 Παράδειγμα
3511 934 3568 991 δὲ
3625 934 3764 991 τοὺ·

2166 1057 2300 1093 του..
2311 1031 2442 1088 .καὶ
2460 1029 2528 1088 τὰ
2559 1027 2681 1108 περὶ
2705 1026 2887 1099 Σάμον
2921 1023 3046 1103 ἔργα
3075 1020 3460 1101 Πολυκράτεια.
3474 1021 3496 1098 ]

2887 1129 3014 1185 181.

534 568 1151 649 1111118181γηπέδον,
1124 591 1299 649 εφορος
1328 568 1415 626 καὶ
1442 566 1649 647 χωρίον.
1670 569 1693 645 ]
1718 569 2081 642 cleophontis

535 663 787 718 fabulam
807 657 1201 737 Μανδρόίῗουλος
1226 660 1543 731 inscriptam
1564 670 1840 713 memorat
1865 658 2083 712 Aristo-

532 751 668 804 teles
693 750 867 821 Soph.
892 746 1123 802 Elench.
1171 743 1237 799 15
1256 742 1419 821 ,5Ρ.
1453 764 1517 798 1·-
1497 752 1595 814 4,
1619 763 1690 815 27
1721 745 1898 800 Bekk.
1920 742 2081 821 (vide

532 836 754 909 Fragm.
786 845 938 907 poet.
972 843 1113 905 trag.
1153 847 1217 902 p.
1260 847 1367 884 roo
1400 829 1492 884 ed.
1525 830 1826 906 Wagner.)
1875 832 2081 886 Nostro

532 922 662 977 loco
691 924 876 976 nescio
906 938 1007 975 cur
1033 918 1309 973 Prellerus
1325 916 1399 971 ad
1429 919 1643 973 Polem.
1669 937 1732 991 p.
1762 917 1837 991 59
1864 918 2083 973 Aristo-

536 1009 628 1063 teli
657 1009 988 1063 substituere
1009 1003 1252 1060 voluerit
1279 1004 1577 1058 Aristidem
1605 1006 1899 1060 Milesium.
1932 1004 2085 1058 Con-

536 1106 619 1150 tra
664 1095 815 1150 idem
850 1114 941 1168 ap.
975 1094 1149 1148 Clem.
1183 1090 1344 1147 Alex.
1391 1092 1684 1159 Strom.1,
1717 1111 1777 1164 p.
1816 1090 1926 1145 352
1973 1106 2082 1161 pro

540 1181 864 1235 Aristarcho
901 1191 956 1236 et
993 1179 1401 1249 Theopompo,
1438 1178 1811 1251 Pythagoram
1846 1176 2083 1248 Tyrrhe·

538 1282 675 1321 num
704 1267 865 1322 suisse
893 1262 1242 1330 dicentibus,
1273 1265 1470 1337 reponi
1498 1264 1619 1318 vult
1637 1264 1993 1319 Aristotelem
2029 1272 2086 1317 et

534 1354 993 1426 Theophrastum.

2251 1230 2483 1285 Photius
2500 1232 2641 1286 Lex.
2672 1245 2731 1284 v.
2766 1222 2986 1299 Σαμίων
3010 1225 3038 1280 ὃ
3062 1223 3276 1297 δῆμος*
3247 1243 3317 1284 ως
3342 1218 3764 1300 πολυγράμμα-

2169 1337 2293 1380 τος..
2302 1316 2423 1374 .Οἱ
2450 1311 2550 1393 γὰρ
2579 1310 2773 1386 Σάμιοι
2803 1308 3247 1380 καταπονηθέντες
3278 1307 3378 1365 ὑπὸ
3403 1311 3509 1365 τῶν
3541 1306 3765 1383 τυράν-

2172 1424 2299 1473 νων,
2313 1399 2503 1458 σπάνει
2527 1402 2631 1458 τῶν
2650 1396 3061 1473 πολιτευομένων
3081 1395 3383 1473 ἐπέγραψαν
3409 1401 3518 1458 τοῖς
3533 1392 3766 1458 δούλοις

2175 1489 2234 1546 ἐκ
2261 1487 2415 1545 πέντε
2444 1486 2716 1564 στατήρων
2737 1484 2831 1556 τὴν
2854 1483 3231 1553 ἰσοπολιτείαν,
3276 1487 3347 1546 ὡς
3372 1480 3764 1559 Ἀριστοτέλης

2173 1576 2226 1631 ἑν
2246 1579 2310 1653 τῇ
2333 1573 2551 1650 Σαμίων
2575 1572 2832 1632 πολιτεία.
2849 1573 3056 1628 Eadem
3083 1571 3337 1628 Suidass.
3355 1588 3411 1623 v.
3419 1570 3752 1642 ‚.Apostol

2173 1663 2555 1730 Prov.xv11,
2586 1660 2680 1719 25.
2703 1633 2853 1716 Alias
2872 1659 3160 1735 proverbii
3179 1657 3582 1728 explicationes
3598 1655 3761 1710 affe·

2173 1761 2308 1804 runt
2323 1768 2390 1805 ex
2416 1748 2630 1805 Duride
2657 1758 2712 1803 et
2737 1747 3023 1803 Andronis
3042 1743 3314 1817 Tripode.
3367 1742 3453 1801 Cf.
3483 1742 3758 1798 Panofka

2175 1839 2215 1906 1,
2275 1839 2315 1895 l.
2350 1856 2409 1910 p.
2456 1835 2553 1901 46.
2594 1836 2828 1892 Fritsch.
2867 1835 2956 1890 De
2996 1832 3321 1907 Babyloniis
3365 1830 3757 1902 Arisnyihan.

1237 1456 1371 1529 178.

614 1562 803 1620 Sehol.
832 1563 1185 1636 Atistophan.
1209 1568 1314 1620 Av.
1348 1568 1521 1630 471·
1564 1554 1667 1617 Διὰ
1698 1556 1923 1626 σπουδῆς
1946 1544 2088 1633 εἶχον

535 1645 622 1704 τὸν
666 1645 930 1706 Αἴσωπον.
973 1648 1079 1707 Καὶ
1118 1645 1473 1728 Ἀριστοτέλης
1497 1646 1550 1703 ἐν
1579 1647 1644 1721 τῇ
1693 1642 1909 1718 Σαμίων
1937 1643 2086 1698 πολι-

536 1734 649 1790 τεία
691 1733 903 1792 εἰπόντα
951 1733 1104 1813 φησὶν
1132 1734 1286 1792 αὐτὸν
1328 1736 1486 1807 μυθον
1526 1728 1953 1805 ηὗδοκιμηκέναι.
1997 1730 2081 1785 Cf.

538 1822 899 1877 Heraclides
882 1841 943 1876 111
971 1824 1207 1881 Samior.
1234 1825 1379 1895 Rep.
1417 1838 1504 1888 10,
1529 1819 1629 1873 ubi
1652 1837 1776 1890 quae
1803 1817 1876 1873 de
1895 1818 2088 1889 Asopo

539 1909 799 1981 leguntur
826 1908 1019 1963 iisdem
1056 1910 1241 1965 verbis
1277 1910 1445 1964 etiam
1483 1923 1576 1981 ap.
1619 1903 1798 1960 schol.
1834 1913 2089 1958 nostrum

2175 1943 2236 1998 1‘
2273 1923 2341 1978 18
2368 1942 2492 1998 sqq·

541 1994 579 2047 l.
605 1995 645 2047 l.
681 2005 917 2054 exstant.

2860 2004 3045 2085 [1⁸2]

2180 2189 2542 2265 ὑποδεξάμενοι
2572 2188 2807 2256 ἐξέπεσον
2835 2186 2925 2246 καὶ
2954 2185 3121 2245 αὐτοί.
3139 2181 3171 2265 ]
3196 2190 3262 2245 V.
3292 2185 3577 2242 Herodot.
3619 2189 3752 2255 Vl,

2183 2281 2278 2347 23,
2305 2279 2442 2352 ibiq.
2463 2279 2699 2351 interpr.

572 2198 835 2252 ·.Zenob
864 2200 961 2270 vl,
997 2215 1114 2252 12.
1102 2195 1232 2256 ‘Tb
1259 2194 1406 2274 περὶ
1436 2197 1600 2272 Δρυν
1635 2192 1917 2258 σκότος·
1945 2192 2093 2271 Ἀρι-

543 2279 790 2352 στοτέλης
831 2302 986 2360 φησιν
1041 2283 1093 2340 ἐν
1138 2287 1204 2361 τῇ
1251 2280 1471 2359 Σαμίων
1522 2277 1788 2360 πολιτεία,
1833 2281 1940 2360 Πρι
1924 2278 2095 2349 ιηνέας

543 2366 811 2433 πολλουςε
793 2367 892 2425 υπὸ
920 2368 1200 2440 Μιλησίων
1244 2372 1579 2447 ἀναιρεθῆναι
1615 2388 1734 2445 περι
1769 2364 1864 2437 τὴν
1903 2367 2093 2424 καλου-

547 2452 707 2529 μένην
736 2458 904 2534 Δρῦν·
932 2453 1044 2513 ὅθεν
1066 2455 1156 2514 καὶ
1183 2455 1276 2521 τὰς
1300 2453 1578 2536 Πριηνείας
1605 2461 1850 2531 γυναῖκας
1876 2452 2094 2529 ὀμνύναι

543 2539 604 2596 τὸ
627 2540 747 2619 περὶ
774 2545 911 2620 Δρῦν
943 2541 1142 2608 σκότος.
1168 2545 1253 2601 Cf.
1279 2545 1533 2619 Apostol.
1560 2545 1726 2599 ProV.
1760 2544 1960 2614 XVII,
1995 2540 2090 2596 25.

2893 2361 3024 2418 183.

2259 2459 2541 2518 Plutarch.
2564 2459 2867 2517 Periclesc.
2894 2458 2990 2514 26.
3014 2459 3257 2514 Pericles
3273 2475 3344 2512 ex
3365 2457 3536 2511 classe
3559 2456 3757 2510 Athe-

2180 2549 2481 2615 niensium,
2512 2565 2636 2620 quae
2659 2548 2887 2602 Samum
2906 2545 3232 2613 obsidebat,
3259 2543 3548 2616 sexaginta
3575 2560 3759 2599 naves

622 2631 904 2685 Plutarch.
932 2632 1043 2703 Qu.
1070 2632 1169 2690 Gr.
1192 2651 1240 2688 8.
1273 2649 1370 2705 2ο,
1393 2651 1452 2705 p.
1474 2628 1609 2703 295,
1631 2631 1712 2686 F:
1732 2626 1866 2693 «Τίς
1889 2629 1916 2684 ὁ
1942 2625 2092 2703 λεγό·

546 2737 694 2789 μενος
735 2717 788 2773 ἐν
829 2715 1034 2796 Πριήνῃ
1079 2715 1225 2797 παρὰ
1250 2712 1385 2796 Δρυι
1427 2714 1635 2787 σκότος;
1690 2712 1963 2788 »Σάμιοι
2004 2736 2095 2771 και

546 2805 791 2882 Πριηνεῖς
817 2804 1160 2881 πολεμουντες
1185 2803 1460 2875 ἀλλήλοις,
1487 2800 1556 2860 τόι
1581 2800 1675 2878 μὲν
1706 2800 1843 2859 ἄλλα
1874 2799 2094 2879 μετρίως

545 2889 863 2947 ἐὸλάπτοντο
885 2889 976 2947 καὶ
1002 2889 1293 2962 ἔὸλαπτον,
1335 2890 1515 2968 μάχης
1542 2887 1598 2946 δὲ
1626 2889 1857 2966 μεγάλης
1885 2887 2096 2963 γενομέ-

544 2998 654 3047 νης,
673 2975 870 3054 χιλίους
891 2976 1109 3051 Σαμίων
1129 2978 1177 3035 οἱ
1193 2977 1479 3054 Πριηνεῖς’
1451 2975 1779 3033 απέκτειναν·
1810 2972 2018 3054 ἐὸδόμῳ
2042 2972 2097 3031 δὲ

545 3084 756 3142 υστερον
775 3060 877 3118 ἔτει
896 3061 1171 3133 Μιλησίοις
1188 3061 1543 3137 συμὸαλόντες
1561 3059 1706 3142 παρὰ
1727 3061 1822 3131 τὴν
1845 3058 2101 3134 καλουμέ-

543 3169 635 3218 νην
658 3150 819 3225 Δρυν,
843 3145 962 3214 τους
985 3147 1222 3227 ἀρίστους
1237 3151 1365 3223 ὁμοῦ
1385 3170 1435 3205 τι
1464 3146 1553 3205 καὶ
1581 3145 1814 3228 πρώτους
1832 3145 2097 3205 ἀπέὸαλον

543 3234 646 3292 τῶν
673 3236 929 3291 πολιτῶν·
958 3233 1044 3293 ὅτε
1072 3233 1163 3293 καὶ
1187 3234 1315 3301 Βίας
1334 3239 1362 3294 ὁ
1379 3257 1532 3316 σοφος
1559 3236 1632 3301 εἰς
1651 3235 1835 3311 Σάμον
1855 3236 1915 3292 ἐκ
1936 3233 2100 3312 Πριή-

545 3345 634 3392 νης
659 3319 982 3397 πρεσὸεύσας
1009 3321 1336 3398 εὐδοκίμησε.
1364 3324 1502 3388 Ταις
1531 3320 1586 3380 δὲ
1612 3319 1887 3401 Πριηνέων
1919 3343 2098 3398 γυναι-

545 3404 621 3474 ξὶν
651 3410 779 3483 ὁμου
803 3430 894 3466 του
917 3407 1111 3475 πάθους
1135 3431 1318 3467 τουτου
1342 3431 1433 3467 και
1456 3412 1549 3480 τῆς
1578 3416 1850 3488 συμφορᾶς
1874 3410 2097 3478 ἐλεεινῆς

545 3517 603 3572 γε
606 3493 850 3569 νομένης,
841 3494 979 3601 ,ἀρὰ
995 3493 1219 3568 κατέστη
1248 3495 1337 3557 καὶ
1361 3495 1510 3576 ὅρκος
1530 3496 1656 3575 περὶ
1678 3499 1781 3553 τῶν
1808 3493 2092 3572 μεγίστων,

547 3578 617 3639 O
643 3579 788 3659 παρὰ
810 3585 876 3661 τῇ
901 3576 1034 3661 Δρυι
1052 3581 1249 3654 σκότος,
1277 3581 1363 3640 διὰ
1382 3582 1443 3642 τὸ
1471 3584 1663 3647 παῖδας
1684 3584 1856 3640 αὗτῶν
1880 3580 1971 3640 καὶ
1996 3604 2096 3639 πα-

2181 2721 2564 2789 Phoenicibus,
2587 2720 2686 2793 qui
2706 2720 2901 2774 Samiis
2926 2718 3198 2773 auxilium
3223 2716 3391 2772 laturi
3420 2725 3611 2782 erant,
3645 2734 3754 2771 oc·

2185 2891 2317 2970 ἀνὴρ
2343 2891 2645 2970 φιλόσοφος,
2664 2891 2971 2969 στρατηγῶν
2990 2888 3104 2947 τότε
3125 2892 3217 2958 τῆς
3244 2886 3458 2962 Σάμου,
3478 2908 3758 2966 καταφρο-

2182 2978 2342 3048 νήσας
2356 3001 2445 3047 της
2459 2976 2750 3052 ὀλιγότητος
2768 2978 2870 3034 τῶν
2889 2977 3015 3032 νεῶν
3032 2974 3068 3045 ἢ
3084 2998 3175 3044 της
3196 2971 3432 3050 ἀπειρίας
3449 2975 3554 3030 τῶν
3575 2995 3756 3051 erpa·

2184 3068 2376 3142 τηγῶν,
2390 3060 3304 3135 ἔπεισετουςπολίταςέπιθέσθαιτοῗς
3312 3057 3614 3131 Ἀθηναίοις.
3629 3060 3754 3119 Καὶ

2184 3148 2460 3227 γενομένης
2477 3148 2656 3227 μάχης
2681 3147 2982 3219 νικήσαντες
3003 3151 3050 3207 οἱ
3074 3147 3268 3222 Σάμιοι
3294 3169 3386 3204 και
3405 3146 3630 3212 πολλοὺς
3642 3146 3753 3222 μὲν

2186 3237 2356 3294 αὐτῶν
2400 3236 2588 3315 ἄνδρας
2629 3234 2845 3306 ἑλόντες,
2886 3232 3082 3300 πολλὰς
3097 3230 3152 3290 δὲ
3169 3256 3293 3298 ναυς
3325 3231 3752 3309 διαφθείραντες,

2185 3322 2414 3400 ἐχρῶντο
2455 3324 2521 3399 τῇ
2566 3319 2802 3399 θαλάσσῃ
2829 3319 2920 3378 καὶ
2967 3318 3299 3399 παρετίθεντο
3316 3341 3418 3377 των
3438 3316 3753 3395 ἀναγκαίων

2184 3407 2310 3488 πρὸς
2327 3408 2414 3466 τὸν
2428 3408 2656 3483 πόλεμον
2672 3406 2768 3465 ὅσα
2786 3406 2861 3482 μὴ
2877 3405 3122 3487 πρότερον
3146 3397 3287 3485 εἶχον
3309 3407 3425 3481 (01.
3454 3406 3561 3475 84,
3589 3413 3648 3473 4.
3683 3427 3745 3467 a.

2185 3496 2252 3553 C.
2281 3496 2456 3572 441).
2500 3493 2636 3555 Ὑπὸ
2671 3493 2729 3552 δὲ
2762 3516 2851 3552 του
2877 3491 3142 3552 Μελίσσου
3168 3492 3259 3552 καὶ
3285 3490 3549 3572 Περικλέα
3578 3493 3749 3571 φησὶν

2187 3581 2342 3640 αὐτὸν
2375 3580 2731 3659 Ἀριστοτέλης
2753 3584 3039 3652 ἡττηθῆναι
3061 3601 3433 3659 ναυμαχουντα
3455 3577 3744 3658 πρότερον.

1256 3753 1377 3803 178.

613 3831 885 3881 Aristoteles
904 3830 955 3881 in
986 3833 1255 3883 Samiorum
1282 3847 1381 3897 rep.
1407 3838 1637 3898 AEsopum
1669 3834 1858 3884 1811111118
1891 3847 2093 3884 narran-

547 3910 646 3957 tem
670 3908 944 3960 inclaruisse
966 3909 1101 3961 111811.

2873 3748 3019 3813 [180.
3023 3745 3039 3815 1

2247 3840 2443 3904 [Etiam
2461 3842 2590 3893 cives
2601 3842 2809 3904 spoliare
2843 3841 2981 3891 110818
3005 3841 3308 3903 tyrannicum
3342 3840 3433 3890 est.
3476 3838 3635 3901 unius
3665 3842 3744 3891 rei

2185 3918 2520 3981 exemplum...
2543 3931 2690 3982 opera
2713 3918 2904 3982 publica
2930 3919 3060 3968 88181
3076 3930 3107 3967 8
3127 3918 3372 3981 Polycrate
3395 3917 3571 3979 tacu]

2898 4006 3020 4059 181.

2244 4097 2514 4147 Samiorum
2533 4098 2738 4160 populus
2754 4098 3129 4148 multiliteratus.
3150 4096 3298 4146 881811
3321 4096 3452 4147 enim
3467 4108 3499 4146 8
3526 4097 3750 4158 tyrannis

609 4070 884 4121 Aristoteles
896 4071 948 4120 in
962 4072 1228 4122 Samiorum
1248 4086 1350 4136 rep.
1385 4072 1502 4123 dicit
1524 4086 1750 4136 magnum
1769 4073 2095 4124 Prienensium

546 4159 800 4196 numerum
815 4147 878 4196 ab
896 4146 1087 4198 Milesiis
1106 4148 1317 4199 occisum
1331 4162 1431 4199 esse
1444 4162 1590 4212 prope
1599 4151 1760 4200 locum
1770 4164 1914 4213 quem
1935 4154 2094 4207 Quer-

547 4235 660 4271 cum
684 4225 861 4272 vocant
895 4226 1042 4286 atque
1064 4225 1180 4275 hinc
1204 4224 1480 4277 Prienenses
1502 4226 1728 4278 mulieres
1761 4240 1846 4291 per
1875 4227 2128 4277 tenebras

546 4299 675 4362 apud
699 4303 944 4358 Quen-cum
967 4301 1145 4363 iurare.

614 4376 748 4433 Quid
758 4376 855 4426 sibi
870 4378 1049 4427 volunt
1063 4376 1287 4429 tenebra?
1299 4378 1446 4442 apud
1464 4382 1736 4441 Quercum,
1748 4393 1868 4445 quoe
1888 4382 2095 4432 Prienoe

547 4454 1097 4504 memoranturesamn
1111 4457 1161 4504 et
1173 4455 1464 4517 Prienenses,
1479 4455 1888 4516 beilocomrnisso,
1902 4457 2095 4507 medio-

2183 4174 2244 4224 ad
2265 4175 2433 4225 incitas
2449 4176 2653 4236 redacti,
2670 4175 2735 4225 ob
2756 4175 2936 4225 civium
2969 4174 3216 4238 penuriam
3232 4187 3481 4224 servorum
3508 4174 3751 4224 frontibus

2180 4251 2259 4314 ius
2275 4252 2482 4303 civitatis
2497 4252 2710 4316 quinque
2727 4253 2983 4303 stateribus
2999 4253 3171 4303 venale
3182 4251 3556 4315 inscripserunt,
3575 4253 3634 4301 111
3654 4256 3744 4303 Ar,

2185 4327 2234 4378 18
2259 4329 2531 4379 Samiorum
2550 4342 2651 4392 rep.
2675 4329 2837 4379 tradit.

2875 4418 3019 4483 [182.
3025 4418 3044 4484 1

2244 4510 2445 4559 zanclaei
2458 4510 2842 4572 ,quamsamios
2881 4510 2931 4561 in
2961 4511 3207 4561 civitatem
3237 4520 3376 4559 8118111
3417 4509 3740 4572 reeephent.

2185 4585 2272 4648 ipsi
2289 4586 2352 4636 811
2370 4587 2441 4637 818
2452 4586 2639 4649 expulsi
2655 4590 2786 4637 sunt.

2898 4677 3018 4730 183.

547 4528 707 4578 cribus
723 4529 928 4578 invicem
950 4530 1136 4581 damnis
1152 4544 1206 4581 se
1224 4532 1528 4583 affecerunt·
1516 4546 1722 4595 ·magno
1743 4535 1907 4583 autem
1929 4536 2096 4596 proelio

546 4609 800 4658 commisso
813 4609 1085 4659 Prienenses
1094 4610 1224 4661 mille
1234 4613 1420 4663 Samios
1426 4612 1789 4662 trucidaverunt
1798 4614 2098 4677 septimoque

545 4688 654 4747 post
669 4697 917 4734 annocum
934 4687 1287 4750 Milesiispugna
1297 4689 1531 4751 congressi
1544 4690 1605 4739 ad
1615 4691 1774 4740 locum
1784 4693 1868 4755 qui
1879 4695 2097 4749 Quercus

544 4761 736 4819 dicitur,
751 4761 958 4823 optimos
971 4764 1249 4827 primosque
1262 4765 1443 4814 civium
1456 4766 1750 4817 amiserunt.
1770 4780 1868 4829 quo
1882 4770 2098 4830 tempore

548 4838 655 4888 Bias
673 4837 838 4887 Priene
864 4838 913 4888 ln
935 4842 1133 4890 88188111
1149 4853 1321 4890 missus
1333 4842 1517 4904 legatus
1538 4842 1731 4892 claruit.
1747 4847 1911 4902 Quum
1933 4848 2096 4895 autem

547 4917 823 4966 Prienenses
862 4919 1087 4970 mulieres
1099 4919 1346 4969 calamitas
1399 4921 1504 4970 11188
1547 4921 1756 4983 graviter
1789 4923 2093 4986 perculisset,

545 4994 808 5042 exsecratio
832 4995 881 5043 et
910 4993 1247 5057 iusiurandum
1275 4995 1500 5046 maximis
1521 4997 1583 5047 de
1617 4998 1758 5048 rebus
1783 4999 2099 5049 constitutum

546 5071 615 5117 est
633 5081 728 5131 per
751 5069 985 5121 tenebras
1008 5072 1151 5135 apud
1173 5076 1461 5131 Quor-cum.-
1485 5074 1615 5136 quod
1646 5074 1711 5125 ibi
1733 5074 1896 5136 liberi,
1925 5089 2097 5138 paren·

547 5148 620 5194 tes
648 5146 834 5210 virique
852 5159 1017 5196 earum
1037 5151 1243 5199 mortem
1262 5149 1584 5214 oppetiissent.

2246 4769 2427 4817 Avecto
2460 4767 2642 4818 Pericle
2674 4768 2893 4819 Melissus
2924 4767 3163 4827 1111838818
3196 4764 3739 4828 1111118,ρ111108ορ11118,

2185 4845 2303 4895 tunc
2328 4846 2598 4895 Samiorum
2619 4847 2820 4908 prator,
2852 4846 2957 4896 sive
2988 4845 3054 4895 ob
3075 4844 3271 4895 navium
3290 4844 3612 4907 paucitatem,
3637 4846 3740 4896 sive

2185 4921 2248 4973 ob
2265 4920 2445 4973 ducum
2463 4923 2754 4985 imperitiam
2776 4922 3067 4985 contemptis
3099 4920 3345 4983 hostibus,
3372 4921 3476 4971 suis
3512 4924 3742 4984 9818118811

2186 5002 2241 5048 ut
2271 5001 2578 5051 Athenienses
2597 5001 2931 5051 adorirentur:
2957 5001 3181 5063 factoque
3198 5000 3397 5063 prelio,
3418 5001 3566 5050 Samii
3584 5001 3738 5051 victo·

2187 5077 2257 5126 ria
2274 5079 2412 5140 potiti
2441 5082 2580 5141 sunt,
2600 5080 2767 5130 multis
2783 5080 2995 5130 hostium
3012 5080 3191 5142 captis,
3218 5079 3386 5130 multis
3408 5079 3616 5129 navibus
3631 5093 3739 5142 per

2187 5152 2297 5203 ditis
2309 5155 2714 5218 ,etdeindemare
2729 5158 2973 5254 tenentes,
2989 5155 3244 5208 adbellum
3259 5155 3526 5207 necessaria
3536 5157 3743 5223 ,quitum

2181 2634 2498 2706 assumpsit,
2531 2651 2659 2688 cum
2687 2634 2865 2705 iisque
2883 2633 3069 2687 Asiam
3096 2649 3288 2686 versus
3328 2628 3656 2699 contendit,
3683 2640 3760 2683 111
3873 2686 3874 2699 ¹

2181 2818 2452 2862 curreret.
2473 2802 2864 2868 Πλεύσαντοςδ’
2886 2803 3067 2871 αὐτοῦ,
3083 2799 3395 2866 Μέλισσοςό
3418 2798 3756 2877 Ἰθαγένους,
3873 2768 3874 2791 ³

1254 2116 1382 2171 ι79·
2263 2106 2515 2175 [Aristot.
2559 2105 2683 2160 Pol.
2714 2107 2794 2173 V,
2835 2123 2892 2173 1,
2935 2122 2994 2158 11
3049 2098 3391 2174 ’Ζαγκλαῖοι
3419 2096 3475 2155 δὲ
3501 2098 3758 2172 Σαμίους
