3900 6042
522 466 594 515 32
1605 446 2002 528 flssnonom
2045 440 2618 504 HERACLEENSIS

1244 601 1337 637 11.

598 719 828 772 Aristot.
861 717 947 771 De
975 724 1222 788 generat.
1262 731 1355 767 an.
1399 713 1520 780 111,
1552 710 1584 767 5
1628 730 1642 766 ι
1687 707 1793 768 Καὶ
1821 707 1869 764 οἱ
1904 707 2067 772 ἁλιεῖς

526 802 640 879 περὶ
665 806 757 872 τῆς
783 800 1017 870 κυήσεως
1041 802 1143 855 τῶν
1165 796 1360 876 ἰχθύων
1385 795 1472 854 τὸν
1500 796 1658 868 εὐήθη
1687 793 1895 872 λέγουσι
1914 793 2066 870 λόγον

518 888 609 946 καὶ
639 886 1043 966 τεθρυλημένον,
1068 884 1224 963 ὅνπερ
1251 883 1341 940 καὶ
1367 882 1666 963 Ἡρόδωρος
1696 886 1724 939 ὁ
1755 880 2067 958 μυθολόγος,

519 980 590 1042 ὡς
611 976 963 1051 κυῖσκομὲνων
984 975 1085 1030 τῶν
1116 970 1306 1050 ἰχθύων
1328 972 1386 1028 ἐκ
1409 975 1499 1029 τοῦ
1524 969 1841 1028 ἅνακάπτειν
1863 967 1950 1026 τὸν
1977 972 2067 1025 θο-

522 1063 632 1142 ρὸν,
653 1065 710 1120 οὗ
736 1063 1043 1140 συνορῶντες
1064 1058 1143 1117 ὅτι
1164 1059 1303 1116 τοῦτ’
1344 1056 1484 1117 ἐστὶν
1508 1055 1777 1116 ἀδύνατον.
1813 1088 1894 1101 —-
1912 1058 2068 1114 Libri

520 1171 715 1206 omnes
753 1147 1052 1227 Ἡρόδοτος,
1092 1158 1363 1221 quantum
1385 1165 1456 1202 ex
1480 1146 1721 1201 Bekkeri
1746 1144 1881 1201 edit.
1907 1144 2070 1197 intel-

521 1240 692 1313 ligere
720 1236 865 1292 licet.

1251 1337 1340 1375 ια.

597 1442 689 1497 Id.
720 1440 858 1498 ibid.
894 1459 944 1496 c.
976 1438 1068 1494 6.
1053 1457 1068 1471 ·
1095 1433 1247 1496 Φασὶ
1271 1432 1371 1513 γὰρ
1398 1431 1493 1504 τὴν
1528 1429 1622 1508 μὲν
1643 1430 1825 1491 ὄαιναν
1849 1430 2065 1504 πολλοὶ,

519 1527 608 1584 τὸν
644 1525 698 1585 δὲ
737 1526 922 1604 τρόχον
954 1522 1249 1602 Ἡρόδωρος
1285 1525 1315 1579 ὁ
1342 1517 1742 1599 Ἡρακλεώτης,
1766 1516 1857 1577 δύο
1884 1520 2058 1576 αἰδοῖα

523 1615 687 1693 ἔχειν,
716 1614 924 1692 ἄρρενος
951 1610 1069 1670 καὶ
1081 1609 1294 1686 θηλεος,
1328 1608 1420 1667 καὶ
1454 1607 1543 1666 τὸν
1577 1606 1673 1684 μὲν
1698 1606 1883 1685 τρόχον
1913 1604 2070 1663 αὐτὸν

523 1701 676 1760 αυτὲν
704 1699 939 1779 ὀχεύειν,
976 1698 1070 1769 τὴν
1112 1695 1167 1755 δὲ
1205 1695 1386 1755 ὕαιναν
1424 1692 1655 1774 ὀχεύειν,
1681 1694 1771 1754 καὶ
1795 1692 2070 1771 ὀχεύεσθαι

519 1787 645 1869 παρ’
671 1787 803 1852 ἔτος.

1257 1863 1347 1919 13.

604 1985 799 2042 Schol.
826 1985 1045 2040 Platon.
1072 1981 1263 2039 Phaed.
1295 2000 1347 2055 p.
1380 1980 1487 2037 381
1519 1982 1693 2037 Bekk.
1728 2000 1742 2036 t
1774 1977 2072 2058 Ἡρόδωρος

520 2070 613 2129 καὶ
639 2067 946 2135 Ἑλλάνικός
979 2069 1082 2143 (fr.
1109 2065 1211 2144 4ο)
1234 2087 1389 2141 φασιν
1411 2069 1483 2133 ὡς
1502 2064 1587 2124 ὅτε
1610 2065 1705 2137 τὴν
1720 2065 1878 2146 ὕδραν
1897 2064 1967 2125 Ἥ
1978 2089 2070 2145 ρα·

521 2160 651 2229 κλῆς
692 2152 871 2233 ἀνῄρει
916 2152 1010 2224 τὴν
1046 2152 1123 2213 Ἥ
1135 2176 1227 2233 ραν
1269 2155 1410 2231 αὐτῷ
1454 2153 1696 2232 καρκίνον
1751 2155 2072 2233 ἐφορμῆσαι,

522 2243 651 2323 πρὸς
691 2242 782 2301 δύο
810 2241 863 2299 δὲ
896 2242 954 2299 οὗ
991 2241 1274 2314 δυνάμενον
1315 2239 1608 2319 μάχεσθαι,
1649 2239 1928 2318 σύμμαχον
1965 2242 2075 2296 ἐπι·

518 2328 845 2389 καλέσασθαι
881 2327 971 2387 τὸν
1013 2327 1298 2400 Ἰόλεων,
1340 2328 1431 2385 καὶ
1468 2325 1699 2387 ἔντευθεν
1729 2331 1948 2408 ῥηθῆναι
1976 2325 2070 2398 τὴν

523 2414 827 2496 παροιμίαν.

603 2506 813 2562 Eadem
841 2503 1227 2578 Apollodorus
1253 2505 1309 2559 H
1326 2545 1343 2573 ‚
1368 2502 1400 2559 5
1420 2545 1436 2571 ‚
1472 2521 1506 2558 α
1523 2545 1538 2572 ,
1564 2503 1620 2561 5.
1652 2507 1738 2559 De
1762 2504 2074 2576 proverbio

523 2591 650 2671 πρὸς
675 2589 765 2648 δύο
787 2591 895 2648 οὐδ’
931 2593 960 2647 ὁ
987 2589 1262 2669 Ἡρακλῆς
1281 2610 1335 2648 ν.
1363 2591 1714 2665 Pherecydes
1732 2591 1803 2646 fr.
1837 2590 1909 2646 36
1944 2590 2075 2663 (ubi

520 2700 632 2755 pro
688 2677 988 2757 Κῶμαρχος
1033 2677 1395 2734 scribendum
1456 2679 1680 2734 videtur
1736 2674 2075 2755 Κλέαρχος),

523 2771 663 2824 Ister
680 2767 753 2824 fr.
787 2767 890 2836 46,
916 2767 1066 2821 Dino
1086 2766 1158 2820 fr.
1188 2772 1247 2838 4,
1270 2766 1438 2821 Duris
1458 2761 1592 2842 Περὶ
1613 2761 1829 2841 ἀγώνων
1857 2770 1924 2819 lr.
1953 2764 2078 2818 Alia

524 2856 623 2912 dat
646 2856 898 2911 Leutsch.
917 2853 989 2910 ad
1012 2854 1226 2910 Zenob.
1246 2855 1295 2909 V
1312 2894 1328 2923 ,
1363 2859 1464 2925 49.

1254 2987 1350 3045 14.

607 3099 800 3154 Schol.
844 3099 1034 3171 Apoll.
1064 3097 1175 3152 Rh.
1210 3097 1269 3164 Ι,
1307 3114 1413 3165 127
1443 3114 1458 3150 t
1489 3093 1624 3172 Περὶ
1651 3092 1706 3152 δὲ
1746 3097 1834 3151 τοῦ
1872 3092 2077 3173 κάπρου

524 3182 616 3242 καὶ
631 3181 697 3241 Ἡ
706 3181 926 3262 ρόδωρός
949 3203 1102 3260 φησιν
1118 3224 1135 3252 ,
1160 3178 1242 3238 ὅτι
1264 3180 1350 3237 ἐπὶ
1370 3177 1464 3246 τὰς
1487 3179 1656 3245 πύλας
1678 3181 1781 3237 τῶν
1810 3181 2078 3251 Μυκηνῶν

525 3270 749 3348 κομίσας
773 3268 928 3327 αὐτὸν
950 3266 1189 3328 ἀπέθετο.
1216 3270 1301 3326 Cf.
1332 3268 1673 3343 Apollodor.
1697 3270 1755 3323 11
1770 3310 1787 3337 ,
1812 3268 1846 3323 5
1864 3311 1880 3337 ,
1915 3274 1947 3334 4
1966 3311 1982 3339 ,
2013 3289 2072 3344 9

1258 3388 1351 3448 15.

607 3522 875 3579 Hercules
910 3522 983 3578 ad
1005 3521 1251 3577 balteum
1289 3520 1625 3594 Hippolytes
1662 3521 2080 3593 apportandum

526 3611 719 3664 missus
747 3597 930 3685 [ἆθλος
957 3605 1009 3664 δὲ
1045 3597 1108 3677 ἦν
1131 3596 1277 3672 οὗτος
1304 3602 1508 3670 ἔννατος
1534 3607 1649 3666 sch.
1694 3611 1804 3681 Ap.
1836 3609 1949 3665 Rh.
1983 3608 2076 3678 11,

531 3696 678 3766 7785
709 3698 787 3751 sic
814 3698 981 3751 etiam
1002 3692 1311 3769 Apollod.]
1340 3696 1397 3749 in
1420 3696 1654 3767 Mysiam
1685 3696 1842 3749 venit
1861 3695 1934 3751 ad
1963 3697 2078 3769 Ly-

528 3800 655 3836 cum
672 3822 688 3849 ‚
713 3781 1161 3855 Dascylifilium,
1182 3800 1373 3855 regem
1391 3781 1910 3855 Mariandynorum.
1932 3785 2080 3839 Huic

528 3879 728 3924 contra
750 3869 1026 3942 Bebryces
1054 3868 1324 3930 auxilians
1342 3866 1687 3941 Mygdonem
1708 3887 1900 3943 regem
1915 3910 1930 3938 ,
1959 3870 2078 3925 fra-

528 3968 673 4011 trem
702 3957 929 4028 Amyci,
973 3967 1139 4027 atque
1163 3966 1367 4019 terram
1394 3955 1540 4009 hosti
1577 3955 1896 4028 ademptam
1923 3956 2083 4013 dedit

528 4042 700 4114 Lyco.
742 4042 796 4096 Is
816 4041 1047 4095 Herculi
1087 4050 1306 4114 gratum
1342 4038 1587 4095 facturus
1612 4051 1787 4096 totam
1814 4042 1959 4096 hanc
1984 4061 2080 4097 re-

528 4129 753 4201 gionem
776 4127 1074 4201 appellavit
1102 4128 1447 4184 Heracleam.
1479 4129 1568 4183 Sic
1590 4128 1979 4201 Apollodorus
1998 4132 2080 4201 11,

591 4357 681 4407 Vel
708 4357 963 4420 piscatores
992 4356 1189 4406 stultam
1222 4293 1355 4407 illiniri
1391 4359 1442 4407 et
1471 4359 1713 4421 vulgat-,em
1749 4359 1983 4409 rationem
2022 4360 2083 4410 de

530 4434 841 4498 conceptione
881 4434 1084 4496 piscium
1129 4435 1341 4484 afferunt
1360 4472 1376 4497 ,
1422 4450 1570 4498 quam
1613 4437 1760 4486 etiam
1800 4438 2081 4488 Herodorus

530 4512 905 4576 mythograpnus
938 4510 1102 4559 scribit
1115 4547 1130 4571 ‚
1153 4511 1291 4572 quasi
1325 4512 1521 4561 seminis
1545 4511 1777 4562 devoratu
1808 4514 1962 4577 pisces
1987 4515 2080 4565 im-

532 4592 751 4654 pleantur
769 4610 786 4641 ι
808 4603 897 4640 nec
918 4589 1082 4639 vident
1096 4589 1144 4639 id
1163 4589 1263 4640 fieri
1283 4603 1379 4639 non
1404 4604 1558 4653 posse.

590 4722 824 4782 nymnam
860 4720 1131 4782 complures
1166 4658 1582 4783 aiun¹t²,⁶trochum
1613 4721 1890 4773 Herodorus
1916 4724 2083 4776 scribit

533 4798 717 4860 duplex
741 4798 955 4860 genitale,
976 4798 1180 4860 habere,
1206 4799 1354 4849 maris
1377 4812 1436 4848 ac
1460 4800 1679 4862 femine,
1698 4804 1748 4850 et
1785 4802 2012 4851 troehum
2030 4816 2084 4854 se

533 4880 690 4942 ipsum
706 4878 855 4941 inire,
882 4879 1104 4941 hymnam
1122 4878 1242 4928 inire
1261 4881 1309 4928 et
1321 4879 1428 4928 iniri
1445 4880 1584 4930 annis
1599 4879 1810 4930 alternis.

595 5008 868 5058 nei-odorus
888 5009 939 5058 et
966 5009 1241 5059 Hellanicus
1269 4946 1466 5059 {girant
1486 5010 1680 5060 Herculi
1704 5010 1904 5072 hydram
1939 5023 2080 5062 neca·

535 5089 646 5136 turo
685 5088 926 5135 lunonem
955 5098 1184 5135 cancrum
1214 5086 1501 5146 immisisse3
1539 5087 1679 5136 illum
1712 5087 1874 5150 igitur,
1907 5102 2082 5151 pugnae

2156 575 2221 644 5,
2256 594 2323 649 9,
2353 574 2421 643 6,
2463 592 2631 647 quem
2679 573 3101 629 Heracleensem
3130 583 3419 629 auctorem
3457 590 3710 633 secutum

2156 681 2270 720 esse
2289 681 2376 717 res
2400 662 2518 734 ipsa
2539 660 2754 716 suadet.

2231 749 2419 804 Schol.
2449 747 2642 821 Apoll.
2667 748 2777 804 Rh.
2809 748 2897 813 Π,
2935 744 3048 815 786
3081 745 3156 801 ad
3182 747 3356 802 verba
3388 745 3555 821 αὐτὰρ
3583 752 3712 823 ὁμοῦ

2156 836 2413 893 Μυσοῖσιν
2456 834 2571 908 ἐμῷ
2613 830 2713 889 ὑπὸ
2747 832 2910 907 πατρὶ
2954 831 3062 906 (sc.
3104 830 3394 912 Δασκύλῳ)
3439 833 3709 907 δάμασσεν

2156 919 2484 997 (ἹῑΙρακλῆς)
2511 918 2601 976 καὶ
2625 918 2891 998 Φρύγας).
2919 914 3070 983 Τινὲς
3095 917 3350 997 γράφουσι
3379 922 3563 999 Μυγδ
3571 920 3601 980 ό
3610 945 3715 989 νας

2154 1005 2305 1083 [ἀντὶ
2343 1012 2433 1064 τοῦ
2467 1006 2573 1064 καὶ
2614 1004 2934 1084 Φρύγας],
2976 1002 3062 1062 ἵνα
3090 995 3156 1080 ᾖ,
3195 1007 3327 1079 ὁμοῦ
3361 1002 3584 1074 Μυσοὺς
3624 1009 3714 1067 καὶ

2156 1093 2435 1172 Μυγδόνας
2475 1090 2692 1160 ὑπέταξε
2730 1096 2806 1171 τῷ
2848 1090 3011 1169 πατρί
3059 1114 3183 1167 μου.
3222 1090 3353 1151 Ὅτι
3396 1092 3452 1152 δὲ
3495 1096 3715 1173 Φρύγας

2152 1177 2469 1260 ἐχειρώσατο
2483 1189 2586 1246 τοῖς
2605 1180 3009 1258 Μαριανδυνοῖς,
3036 1177 3127 1236 καὶ
3150 1176 3395 1258 Νύμφιςε
3380 1185 3597 1258 ιστορεῖ.
3624 1182 3718 1241 Διὸ

2153 1291 2242 1326 και
2264 1266 2400 1325 οὕτω
2421 1266 2628 1347 γράφει·
2651 1265 2768 1323 εἰδὲ
2791 1263 3040 1344 γράφοιτο
3066 1264 3294 1340 Μυγδό
3303 1287 3442 1333 ’,νας
3461 1268 3580 1338 ἤτοι
3601 1268 3716 1335 τους

2154 1353 2424 1433 Βέὸρυκας
2463 1352 2571 1411 ἀπὸ
2611 1350 2879 1429 Μυγδόνος
2925 1350 3181 1429 βασιλέως
3222 1353 3393 1410 αὐτῶν
3435 1352 3576 1413 οὕτω
3629 1356 3713 1413 κέ-

2154 1443 2375 1512 κληκεν·
2405 1439 2441 1511 ἢ
2487 1438 2714 1583 ῥητέονῦ
2709 1438 2789 1496 ὅτι
2818 1437 3028 1515 Μοίριδι
3071 1439 3211 1515 (leg.
3249 1440 3366 1499 vid.
3397 1438 3710 1522 Ἡροδῶρῳ)

2154 1527 2623 1599 κατηκολούθησεν.
2653 1516 2801 1591 οὗτος
2827 1523 2927 1605 γὰρ
2946 1523 3220 1600 Μυγδόνας
3243 1522 3405 1604 ἔφησε
3422 1533 3716 1588 καταπολι-

2157 1619 2324 1692 μῆσαι
2341 1614 2429 1673 τὸν
2452 1611 2748 1688 Ηρακλέα

2235 1706 2447 1759 Iterum
2471 1703 2542 1758 de
2567 1702 2910 1775 Bebrycibus
2933 1713 2992 1757 et
3014 1701 3399 1774 Mariandynis
3438 1706 3716 1761 Herodo-

2156 1809 2253 1845 rus
2278 1790 2417 1845 dicit
2442 1791 2501 1843 in
2526 1790 2695 1843 rebus
2714 1792 3200 1862 Argonautarum,
3237 1790 3338 1860 qui
3362 1794 3562 1862 paullo
3590 1805 3716 1866 post

2157 1878 2459 1931 Herculem
2508 1876 2619 1930 huc
2663 1876 3026 1949 appulerunt.
3073 1874 3203 1931 vid.
3246 1875 3319 1932 fr.
3365 1884 3464 1949 49.
3513 1911 3594 1923 -—-
3636 1883 3716 1935 De

2156 1982 2344 2037 pugna
2365 1964 2619 2018 Herculis
2640 1974 2836 2017 contra
2851 1963 3109 2037 Γηγενεῖς,
3130 1961 3230 2032 qui
3247 1979 3430 2036 prope
3449 1966 3715 2038 Cyzicum

2158 2049 2512 2118 habitabant,
2542 2048 2616 2103 cs.
2644 2048 2716 2105 fr.
2746 2048 2841 2115 45.
2865 2080 2941 2091 —
2963 2051 3050 2104 De
3068 2059 3324 2120 tempore
3343 2053 3718 2124 expeditionis

2157 2156 2213 2194 v.
2235 2154 2362 2209 sqq.
3573 2128 3586 2135 ”

2887 2221 2983 2276 16.

2239 2326 2522 2383 Plutarch.
2565 2327 2727 2382 Thes.
2774 2345 2825 2383 c.
2853 2326 2927 2382 26
2977 2347 2990 2381 ε
3022 2328 3094 2385 Οἱ
3123 2325 3177 2384 δὲ
3206 2327 3447 2404 πλείους,
3484 2318 3563 2386 ὧν
3607 2329 3713 2387 ἐστὶ

2163 2411 2255 2469 καὶ
2283 2410 2588 2490 Φερεκύδης
2628 2410 2719 2469 καὶ
2743 2406 3052 2477 Ἑλλάνικος
3078 2413 3169 2471 καὶ
3197 2413 3498 2493 Ἡρόδωρος
3516 2459 3536 2491 ,
3571 2415 3714 2474 ὅστε·

2163 2498 2249 2578 ρόν
2293 2521 2452 2575 φασιν
2488 2497 2809 2578 Ἡρακλέους
2839 2499 3119 2559 ἰδιόστολον
3159 2504 3382 2560 πλεῦσαι
3409 2503 3500 2561 τὸν
3535 2505 3717 2575 Θησέα

2161 2584 2252 2642 καὶ
2292 2584 2389 2655 τὴν
2434 2585 2691 2660 Ἀμαζόνα
2739 2586 3068 2663 (Ἀντιόπην)
3113 2589 3297 2647 λαθεῖν
3346 2590 3717 2669 αἰχμάλωτον,

2161 2671 2486 2751 πιθανώτερα
2514 2672 2784 2749 λέγοντες*
2810 2673 2971 2740 οὐδεὶς
2997 2671 3098 2752 γὰρ
3133 2675 3286 2743 ἄλλος
3310 2677 3589 2756 ἱστόρηται
3616 2683 3714 2738 ἀ’ὄν

2163 2758 2276 2834 μετ’
2317 2759 2474 2817 αὔτοῢ
2515 2760 2940 2839 στρατευσάντων
2987 2761 3244 2837 Ἀμαζόνα
3286 2764 3469 2823 λαὸεἵν
3522 2768 3718 2846 αἰχμά·

2162 2846 2346 2904 λωτον.

2240 2937 2325 2990 De
2350 2954 2413 2991 re
2434 2954 2491 2990 v.
2517 2936 2720 2993 Welck
2724 2937 2906 3008 U‘Cycl
2925 2954 2988 3010 p.
3016 2936 3128 2992 315
3154 2956 3235 3010 sq.
3260 2971 3341 2980 —
3368 2938 3713 3018 Πιθανώτερα

2163 3009 2433 3086 λέγοντες]
2462 3033 2539 3069 sc.
2586 3032 2755 3086 quam
2781 3015 3150 3070 Philochorus
3181 3015 3283 3089 (fr.
3324 3020 3464 3092 49),
3491 3021 3718 3075 Diodo-

2162 3098 2416 3171 rus(1V‚
2447 3098 2546 3172 6),
2577 3101 2830 3173 Hyginus
2857 3100 2989 3173 (fab.
3027 3101 3145 3177 30),
3170 3104 3265 3158 alii
3278 3107 3416 3177 ‚qui
3441 3106 3713 3162 Theseum

2166 3178 2424 3232 comitem
2451 3178 2617 3233 fuisse
2656 3180 2914 3234 Herculis
2941 3179 3012 3235 ab
3040 3198 3224 3254 eoque
3249 3186 3542 3257 Antiopen
3579 3195 3719 3240 tam-

2166 3284 2337 3337 quarn
2358 3261 2513 3342 γέρας
2536 3267 2788 3340 ἀριστεῖον
2825 3268 3099 3339 accepisse
3124 3279 3372 3325 narrant.
3399 3271 3720 3327 Chronolo-

2165 3353 2314 3424 giam
2347 3352 2634 3407 Herodoti
2653 3354 2964 3408 accuratius
2992 3354 3089 3409 dat
3116 3357 3500 3429 Apollodorus
3525 3359 3609 3430 (v,
3634 3363 3719 3414 in-

2166 3439 2257 3493 fra.
2277 3439 2345 3493 fr.
2367 3458 2463 3508 ²7·
2480 3438 2497 3515 )
2517 3457 2533 3513 3
2555 3459 2626 3495 ex
2643 3458 2753 3512 qua
2775 3441 3016 3496 Theseus
3036 3461 3151 3515 quo
3170 3454 3425 3521 tempore
3448 3447 3717 3502 Hercules

2167 3536 2365 3580 contra
2380 3530 2687 3581 Amazones
2701 3544 2949 3601 egressus
2966 3540 3045 3584 est
3051 3532 3353 3602 ‚puerulus
3370 3531 3561 3587 adhuc
3581 3544 3714 3588 erat.

2245 3615 2464 3668 Tzetzes
2484 3613 2558 3668 ad
2592 3616 2730 3686 Lyc.
2783 3613 2975 3670 1332:
3005 3612 3302 3692 Ἡρόδωρος
3346 3616 3514 3691 (libri
3558 3617 3719 3696 Ἦρό-

2167 3693 2326 3775 δοτος)
2355 3695 2411 3753 δὲ
2427 3700 2456 3754 ὁ
2474 3696 2724 3763 Ποντικὸς
2742 3696 2857 3755 τότε
2882 3698 2971 3775 (in
2989 3702 3349 3775 expeditione
3369 3704 3720 3762 Amazonum

2168 3796 2364 3841 contra
2389 3782 2778 3863 Athenienses)
2809 3785 2937 3865 φησι
2971 3786 3157 3858 Θησέα
3197 3788 3379 3847 λαὸεἶν
3409 3788 3504 3861 τὴν
3533 3790 3722 3853 Ἀντιό-

2167 3891 2272 3940 πην
2297 3868 2331 3940 ἦ
2364 3868 2668 3947 μαχομένην
2696 3871 3106 3950 (μοιχευομένην
3132 3877 3264 3932 libri
3309 3876 3454 3955 duo)
3479 3879 3599 3954 μετ’
3625 3881 3719 3938 αὖ-

2167 3961 2258 4013 τοῧ
2294 3954 2385 4014 καὶ
2421 3956 2522 4015 ὑπὸ
2560 3956 2826 4024 Μόλπιδος
2853 3961 3014 4036 (libri
3040 3964 3158 4018 duo
3188 3963 3558 4039 Μολπουδίας,
3599 3970 3637 4027 i.
3665 3988 3714 4024 e.

2171 4041 2508 4122 Μολπαδίας)
2550 4048 2645 4115 τῆς
2686 4043 2962 4121 Ἀμαζόνος
2989 4048 3378 4107 ακοντισθεῖσαν
3401 4074 3460 4108 τε
3494 4051 3592 4110 καὶ
3624 4074 3721 4110 πε·

2169 4133 2391 4206 σοῦσαν,
2417 4126 2452 4200 ἢ
2479 4128 2700 4209 πρέσὸιν
2722 4129 2926 4210 εἰρήνης
2946 4140 3052 4199 τοῖς
3078 4124 3359 4204 Ἀθηναίοις
3377 4136 3647 4196 ἔλθουσαν.

2168 4294 2313 4355 atque
2330 4292 2441 4342 hinc
2457 4293 2549 4342 dici
2568 4294 2877 4356 proverbium
2896 4295 2913 4355 (
2938 4297 3120 4345 contra
3138 4296 3262 4347 duos
3282 4312 3344 4348 ne
3362 4299 3596 4351 Hercules
3614 4300 3716 4363 qui·

2165 4370 2323 4432 dem).
2895 4453 2978 4504 Μ·

2229 4532 2501 4582 Herodorus
2517 4545 2710 4595 quoque
2735 4532 2851 4581 dicit
2883 4534 3138 4585 Herculem
3161 4548 3315 4599 usque
3336 4536 3399 4586 ad
3423 4539 3591 4599 portas
3617 4541 3716 4601 My·

2167 4623 2393 4660 ceuarum
2417 4623 2586 4673 aprum
2613 4609 2975 4673 Erymanthium
2996 4615 3210 4674 portasse
3227 4612 3390 4677 ibique
3402 4613 3694 4677 depos-nise.

2232 4771 2504 4823 Herodorus
2523 4772 2603 4837 (ἲ)
2629 4772 2747 4824 dicit
2763 4692 3017 4825 Herciilim
3033 4773 3293 4825 debellasse
3310 4773 3587 4838 Mygdones.

2233 4934 2503 4985 Herodorus
2526 4936 2750 4985 Ponticus
2773 4856 2996 4985 tunel&
3021 4936 3258 5005 Theseum
3285 4935 3544 5001 perdidi&
3562 4937 3724 4989 Antio·

2169 5026 2282 5075 pen,
2309 5012 2409 5061 sive
2441 5011 2571 5074 quod
2598 5025 2695 5061 una
2712 5024 2826 5061 cum
2850 5012 3032 5062 Theseo
3053 5026 3270 5075 pugnans
3293 5027 3322 5062 a
3345 5012 3561 5075 Molpide
3584 5020 3701 5064 Ama

2171 5104 2290 5140 zone
2304 5090 2463 5152 jaculo
2481 5090 2709 5140 transfixa
2735 5089 3007 5154 cecidisset,
3031 5092 3108 5141 vel
3132 5092 3214 5142 ubi
3242 5090 3305 5142 de
3337 5104 3458 5153 pace
3475 5092 3631 5155 legata
3657 5091 3716 5141 ad

532 5163 702 5211 contra
710 5159 833 5209 duos
848 5161 1138 5211 sustinendae
1152 5162 1403 5226 imparem,
1414 5164 1594 5213 auxilio
1611 5163 1868 5215 advocasse
1883 5166 2084 5229 lolaum,
2174 5168 2478 5218 Athenienses
2498 5180 2612 5217 cum
2635 5168 2913 5220 muneribus
2924 5168 3237 5231 hospitalibus
3252 5169 3476 5219 venisset.
