3900 6042
638 480 753 532 ⁵76

712 591 931 648 Deinde
979 607 1114 645 vero
1159 587 1450 644 Africanus
1484 587 1545 641 in
1583 586 1719 659 dyn.
1768 587 1961 643 XVIII
2002 588 2186 641 omisit

638 685 925 735 Armes-sen
964 677 1182 731 Miamu
1230 672 1538 750 (Egyptus
1549 713 1567 742 ,
1610 675 1803 727 Danai
1815 671 1946 748 fr.)
1995 690 2183 747 regem

636 768 697 820 in
711 768 744 820 J
747 764 939 838 osephi
961 762 1229 818 laterculo
1249 762 1650 835 penultimum,
1683 761 1782 835 qui
1802 761 2058 834 regnavit
2078 777 2184 813 an-

632 853 720 907 nis
755 850 851 908 66.
892 852 1085 918 Hunc,
1114 849 1197 903 uti
1234 859 1388 904 recte
1429 847 1633 919 procul
1671 845 1850 900 dubio
1889 844 2184 900 Boeckhius

632 947 855 1006 monet,
899 936 1192 991 Africanus
1226 936 1282 989 in
1320 934 1629 1007 dynastiam
1682 933 1826 988 XIX
1877 931 2175 988 transtulit.

632 1026 854 1085 Etenim
868 1023 1360 1079 ArmasesMiamu
1376 1039 1493 1075 non
1510 1019 1758 1075 diversus
1777 1027 1857 1073 est
1870 1036 1901 1073 a
1916 1020 2171 1091 Rampsq

634 1110 897 1185 dynastiae
923 1111 1068 1166 XIX
1093 1125 1226 1181 rege
1251 1105 1497 1161 secundo
1514 1146 1529 1173 ,
1563 1106 1660 1178 qui
1688 1104 1996 1159 secundum
2024 1105 2054 1158 J
2060 1122 2184 1158 ose-

631 1202 809 1274 phum
829 1210 887 1254 et
907 1195 1208 1255 Eusebium
1229 1194 1362 1248 item
1382 1193 1633 1266 regnavit
1652 1193 1809 1246 annis
1829 1190 1927 1249 66.
1949 1193 2019 1245 In
2040 1191 2186 1246 Afri-

633 1286 758 1341 cani
796 1282 1065 1339 laterculo
1094 1280 1275 1335 eidem
1315 1279 1539 1333 nonnisi
1570 1278 1640 1333 61
1674 1278 1806 1333 anni
1834 1279 2180 1347 tribuuntur,

630 1371 731 1428 sed
748 1389 906 1426 mero
926 1386 1119 1426 errore
1141 1366 1452 1421 scribarum
1469 1384 1485 1433 ;
1507 1382 1638 1420 nam
1654 1383 1866 1420 summa
1888 1383 2183 1435 annorum,

632 1459 893 1533 dynastiae
915 1457 1059 1513 XIX
1111 1454 1376 1509 attributa
1406 1449 1648 1526 flagitat,
1688 1463 1752 1507 ut
1772 1453 1890 1526 regi
1934 1451 2183 1507 secundo

632 1546 840 1602 dentur
860 1546 992 1600 anni
1019 1542 1119 1599 66.
1149 1541 1405 1598 Ceterum
1430 1558 1519 1595 res
1540 1541 1616 1594 ita
1638 1557 1695 1594 se
1712 1539 1922 1594 habere
1938 1539 2180 1594 videtur.

629 1631 907 1687 Nimirum
946 1630 1122 1702 quum
1160 1626 1232 1681 de
1257 1626 1436 1681 Danai
1473 1637 1529 1680 et
1569 1626 1798 1698 AEgypti
1838 1625 2188 1697 temporibus

631 1716 1004 1773 diversimode
1021 1722 1371 1781 statueretur,
1388 1713 1593 1785 aliique
1613 1713 1869 1767 Danaum
1886 1712 1957 1766 ab
1975 1713 2186 1767 Inacho

629 1806 790 1860 annis
818 1803 961 1873 378,
987 1804 1082 1858 alii
1109 1802 1266 1865 annis
1296 1805 1402 1864 441
1443 1799 1545 1874 (ut
1564 1801 1780 1854 mittam
1805 1800 2052 1854 minores
2081 1798 2188 1854 dif-

630 1891 918 1964 ferentias)
963 1890 1165 1946 distare
1208 1897 1497 1959 putarent,
1540 1884 1747 1940 deinde
1779 1886 2054 1941 Inachum
2094 1887 2187 1941 alii

631 1997 760 2033 cum
782 1978 973 2033 Amosi
994 1977 1183 2049 primo
1210 1993 1344 2050 rege
1369 1974 1505 2047 dyn.
1529 1973 1723 2028 XVIII
1743 1985 2152 2045 componerent
2167 2015 2183 2043 ,

629 2065 725 2119 alii
777 2080 912 2117 vero
958 2061 1333 2134 antiquiorem
1382 2068 1694 2132 ponerent,
1736 2058 1944 2113 factum
1977 2068 2068 2113 est
2124 2071 2190 2114 nt

628 2151 887 2206 Danaum
905 2159 960 2203 et
976 2149 1281 2221 AEgyptum
1302 2145 1477 2201 modo
1496 2143 1757 2217 dynastian
1776 2146 1989 2214 XVIII,
2011 2146 2187 2201 modo

631 2236 895 2309 dynastiae
932 2235 1078 2290 XIX
1105 2235 1479 2308 assignarent,
1512 2233 1606 2287 alii
1634 2231 1876 2303 denique
1906 2230 2008 2306 (ut
2032 2233 2190 2289 Jose·

622 2325 731 2397 ,phi
750 2332 808 2377 et
833 2310 1055 2376 Eusebii
1070 2319 1355 2395 auctora)
1388 2320 1605 2391 diversa
1624 2318 2029 2393 conjungentes
2051 2338 2186 2375 eun-

632 2409 765 2465 dem
785 2407 1093 2482 AEgyptum
1110 2408 1198 2462 bis
1219 2404 1531 2481 ponerent,
1552 2405 1723 2460 semel
1748 2407 1808 2458 in
1830 2404 1971 2477 dyn.
1995 2406 2188 2464 XVIII

633 2507 691 2551 et
718 2497 921 2551 iterum
947 2496 1008 2549 in
1035 2495 1172 2568 dyn.
1200 2494 1365 2549 XIX.
1394 2494 1520 2548 Hoc
1548 2509 1845 2565 perperam
1883 2490 2007 2546 fieri
2041 2493 2188 2547 Afri-

633 2602 804 2639 canus
821 2582 1295 2639 animadverterit.
1314 2582 1665 2652 Quamquam
1684 2580 1902 2649 rectius,
1920 2580 2187 2635 Boeckhio

626 2668 848 2740 judice,
886 2670 1179 2725 Africanus
1222 2667 1467 2735 fecisset,
1498 2668 1542 2722 si
1586 2668 1892 2740 AEgyptum
1937 2669 2101 2722 istum
2129 2669 2189 2722 in

634 2756 771 2830 dyn.
800 2757 993 2812 XVIII
1020 2755 1360 2827 reliquisset,
1393 2755 1693 2809 sustulisset
1727 2754 1788 2808 in
1820 2752 1958 2826 dyu.
2013 2755 2180 2814 XIX.

633 2844 930 2899 Boeckhius
956 2844 1129 2917 igitur
1156 2843 1215 2895 in
1243 2842 1471 2896 Canone
1491 2858 1593 2895 suo
1615 2841 1970 2896 Manethonis
1999 2857 2188 2915 regem

633 2931 784 2985 hunc
812 2931 874 2984 in
900 2929 1208 3003 dynastiam
1228 2929 1419 2983 XVIII
1452 2927 1725 3000 reposuit.

711 3017 837 3069 Jam
865 3015 913 3069 si
946 3011 1166 3068 Amosis
1193 3031 1371 3067 annos
1400 3011 1472 3067 25
1515 3023 1573 3067 et
1607 3013 1882 3068 Ramessis
1908 3032 2086 3070 annos
2112 3016 2186 3072 66

570 3166 579 3173 .
632 3100 893 3157 addimus
928 3098 1002 3154 ad
1041 3116 1217 3152 annos
1253 3098 1396 3166 263,
1428 3116 1701 3153 summam
1739 3100 2057 3155 obtinemus
2091 3121 2189 3157 an-

635 3206 841 3244 norum
883 3184 1030 3254 354,
1078 3201 1203 3256 quae
1245 3184 1398 3240 haud
1439 3186 1609 3259 longe
1648 3185 1802 3240 abest
1845 3187 1917 3241 ab
1961 3189 2190 3262 Josephi

635 3277 793 3332 annis
827 3273 972 3348 333,
1016 3271 1362 3346 propiusque
1402 3273 1569 3327 etiam
1605 3272 1837 3326 accedit.
1859 3273 1933 3328 ad
1968 3275 2190 3332 Eusebii

635 3380 814 3419 annos
840 3361 975 3427 348.
1007 3362 1187 3418 Porro
1227 3360 1272 3414 si
1308 3359 1448 3413 nibil
1482 3358 1795 3415 curandum
1832 3370 1997 3433 putes
2037 3381 2191 3418 sum-

636 3446 1088 3504 mamwmditam
1126 3464 1404 3504 annorum
1441 3445 1586 3514 263,
1628 3446 1728 3501 sed
1766 3449 1984 3521 singula
2019 3467 2190 3524 regna

636 3537 1073 3608 computaveris,
1101 3536 1175 3591 ita
1201 3544 1266 3589 ut
1300 3535 1420 3608 regi
1455 3533 1677 3589 decimo
1708 3542 1766 3588 et
1790 3535 2092 3592 undecimo
2120 3556 2190 3593 ex

635 3623 883 3696 Josepho
910 3622 1128 3679 tribuas
1154 3642 1329 3678 annos
1358 3632 1425 3677 ια’
1456 3633 1512 3676 et
1540 3642 1579 3695 9
1608 3620 1751 3696 (pro
1780 3641 1870 3681 an.
1898 3623 1972 3679 32
2000 3637 2058 3680 et
2081 3626 2187 3701 6),

637 3728 851 3766 summa
872 3727 1151 3787 annorum
1177 3710 1325 3766 foret
1349 3716 1459 3775 242
1481 3752 1498 3782 ,
1529 3710 1735 3782 quibus
1758 3711 1935 3766 additi
1959 3716 2091 3768 anni
2113 3734 2183 3789 91

637 3799 854 3853 Amosis
867 3809 925 3852 et
947 3799 1220 3854 Ramessis
1230 3778 1811 3852 summam⁹efficerent
1830 3816 1922 3858 an.
1949 3798 2083 3870 333,
2100 3803 2188 3856 uti

637 3894 718 3939 est
732 3900 818 3958 ap.
841 3886 1171 3958 Iosephum.
1186 3884 1356 3956 Quod
1374 3894 1561 3939 tamen
1581 3902 1717 3938 num
1738 3884 2099 3956 probandum
2123 3889 2190 3942 sit

638 3990 815 4027 necne
831 4013 848 4042 ,
876 3973 938 4026 in
958 3972 1149 4028 medio
1176 3990 1281 4027 nos
1305 3970 1693 4044 relinquimus.
1724 3972 1916 4027 Restat
1935 3983 2001 4028 ut
2023 3972 2097 4030 de
2123 3976 2190 4032 iis

636 4077 990 4129 moneamus,
1022 4074 1146 4133 quae
1175 4058 1249 4114 ad
1294 4060 1510 4114 Amosis
1548 4069 1605 4113 et
1640 4058 2193 4133 Misphragmuthosis

638 4148 865 4201 nomina
908 4146 1202 4202 Africanus
1239 4145 1548 4203 adnotavit.
1598 4146 1733 4216 Quae
1768 4146 2060 4218 quomodo
2104 4150 2194 4202 in-

640 4231 941 4306 telligenda
986 4233 1101 4287 sint
1154 4249 1275 4286 non
1319 4231 1656 4305 perspiciens
1698 4232 1986 4304 syncellus
2025 4234 2193 4308 longa

640 4320 1004 4392 omniumque
1049 4317 1425 4375 confusissima
1473 4318 1848 4393 disputatione
1898 4321 2195 4378 ostendere

638 4404 827 4460 studet
866 4404 1194 4460 Africanum
1233 4406 1571 4461 inconcinna
1612 4416 1670 4461 et
1704 4410 2014 4481 pugnantia
2047 4409 2194 4465 inter

638 4507 696 4546 se
724 4489 1033 4549 tradidisse.
1064 4492 1198 4546 Haec
1227 4508 1402 4564 quum
1429 4491 1504 4548 ad
1534 4493 1931 4550 Manethonem
1961 4497 2193 4551 omnino

639 4579 779 4632 nihil
786 4578 1120 4652 pertineant,
1142 4578 1233 4633 hic
1250 4595 1539 4652 apponere
1556 4581 1914 4654 supersedeo,
1925 4582 2193 4637 lectorem

641 4666 890 4739 relegans
916 4663 991 4720 ad
1017 4664 1227 4720 librum
1251 4664 1533 4736 Boeckhii,
1559 4668 1658 4739 qui
1692 4668 1933 4741 Syncelli
1964 4670 2194 4725 ratioci-

641 4753 892 4807 nationes
911 4769 1080 4808 vanas
1099 4770 1213 4808 esse
1234 4763 1292 4808 et
1312 4753 1504 4808 inanes
1524 4772 1629 4809 nos
1645 4754 1858 4810 docuit.

719 4837 1013 4894 Africanus
1032 4840 1206 4913 igitur
1226 4850 1525 4913 postquam
1552 4843 1769 4896 Amosis
1788 4852 1998 4898 nomen
2019 4860 2195 4917 appo-

641 4936 858 4994 suerat,
887 4924 1110 4996 subjicit
1148 4925 1409 4998 quaedam
1450 4926 1523 4981 de
1562 4928 1718 4982 exitu
1757 4928 2083 4983 Judaeorum
2121 4928 2194 4985 ad

642 5013 860 5091 Amosis
880 5029 1118 5087 regnum
1143 5014 1233 5068 vel
1260 5013 1436 5069 relato
1465 5014 1555 5069 vel
1583 5014 1899 5073 referendo.
1933 5018 2044 5088 Qui
2070 5035 2193 5072 sen-

642 5117 732 5155 sus
752 5100 960 5154 horum
975 5099 1285 5156 verborum
1301 5101 1392 5176 sit,
1411 5111 1611 5175 sponte
1629 5103 1940 5176 apparebit,
1964 5105 2195 5177 quando

1720 461 2146 525 ΜΑΝΕΤΗΟΝ
2156 460 2222 522 ts
2261 460 2736 521 SEBENNYTAE

2272 598 2415 657 pore
2441 585 2634 639 Exitus
2657 581 2982 636 Judaeorum
3012 581 3281 636 statuerit.
3309 582 3406 636 Res
3424 601 3520 637 non
3547 597 3606 639 est
3624 586 3690 641 du·

2270 672 2386 727 bia.
2419 671 2643 726 Scilicet
2670 671 2973 742 AEgyptum
2999 667 3180 723 Judaei
3203 667 3506 739 reliquerunt
3525 688 3691 729 eoanm

2273 775 2388 828 quo
2430 755 2634 811 accidit
2669 752 2943 809 diluvium
2983 754 3288 827 Ogygiam,
3320 756 3418 808 sive
3448 759 3571 811 annis
3598 778 3693 813 1020

2271 853 2399 897 ante
2426 843 2649 915 olymp.
2682 860 2706 895 1
2743 840 2855 915 (=
2891 840 3038 913 1796
3067 859 3122 897 a.
3154 838 3216 895 C.
3239 839 3279 912 ).
3307 841 3384 894 Ita
3400 841 3623 900 Ari-imm
3639 864 3694 919 ap.

2271 928 2475 984 Euseb.
2503 929 2560 982 P.
2584 928 2650 981 E.
2679 928 2771 994 X,
2805 945 2902 996 103
2929 926 3172 999 Syncell.
3193 944 3249 998 p.
3273 926 3338 989 64
3362 939 3413 981 et
3428 926 3514 996 65,
3533 932 3582 986 B.
3601 933 3697 986 Eun·

2272 1014 2401 1069 dem
2420 1015 2696 1069 calculum
2715 1016 2880 1069 etiam
2899 1012 3133 1068 aliunde
3155 1010 3481 1081 confirmare,
3504 1016 3696 1091 §mulque
3721 1075 3726 1079 ,

2271 1101 2345 1157 ad
2414 1103 2806 1175 Sicyoniorum
2864 1110 2919 1155 et
2977 1102 3314 1174 Argivorum
3361 1119 3523 1174 regum
3564 1107 3696 1159 saien

2273 1188 2625 1244 Africaneam
2651 1199 2903 1243 accurate
2929 1205 3200 1242 revocare
3225 1188 3363 1242 licet.
3385 1190 3572 1242 ‘Etenim
3601 1192 3696 1263 Syn-

2274 1276 2444 1330 cellus
2461 1293 2519 1348 p.
2537 1274 2636 1348 63,
2654 1277 2705 1331 D
2728 1276 2803 1332 ita
2821 1274 3022 1330 habet:
3040 1271 3112 1331 ‘O
3129 1273 3246 1329 κατ’
3259 1268 3509 1348 Ὤγυγον...
3526 1280 3700 1333 namt.»

2275 1356 2404 1433 σμὸς
2432 1359 2570 1417 κατὰ
2590 1359 2651 1417 τὸ
2674 1357 2728 1417 π’
2761 1358 2854 1437 (so)
2888 1356 3000 1424 ἔτος
3027 1356 3316 1428 Μωυσέως,
3339 1357 3404 1415 νε’
3429 1357 3475 1415 δὲ
3498 1361 3700 1437 Φορωνέως

2273 1446 2412 1502 κατὰ
2438 1445 2525 1504 τὸν
2554 1444 2877 1525 Ἀφρικανόν.
2908 1450 3044 1503 Haec
3071 1449 3221 1502 inter
3239 1448 3424 1519 multa¹
3449 1464 3547 1519 qun
3563 1459 3699 1504 tenere

2273 1533 2542 1590 Africano
2577 1536 2865 1608 Syncellus
2890 1532 3111 1608 affingit
3130 1576 3146 1604 ,
3172 1546 3319 1588 recte
3343 1533 3471 1588 dicta
3493 1535 3700 1590 &does

2276 1624 2621 1695 comparatio
2659 1624 3077 1696 Excerptorum
3111 1621 3491 1689 Barbarorum,
3525 1621 3599 1676 ubi
3623 1640 3698 1695 qur

2275 1708 2350 1763 de
2375 1711 2598 1784 regibus
2624 1711 2898 1782 Sicyoniis
2928 1721 2985 1765 et
3009 1710 3234 1783 Argivis
3258 1708 3519 1763 traduntur
3536 1708 3700 1763 ean'·

2275 1812 2419 1848 cano
2453 1792 2756 1851 fluxerunt.
2798 1797 2872 1851 Iis
2910 1794 3084 1869 igitur
3117 1794 3379 1850 docemur
3406 1795 3467 1848 ab
3501 1793 3692 1868 Olympi

2275 1899 2456 1953 usque
2493 1881 2567 1936 ad
2605 1883 2695 1937 Ilii
2732 1882 3014 1938 excidium
3057 1880 3280 1956 (1183)
3320 1899 3474 1936 annos
3501 1898 3586 1936 esse
3609 1889 3697 1949 405,

2276 1968 2408 2023 inde
2427 1987 2602 2042 usque
2629 1969 2703 2025 ad
2726 1972 2998 2025 Inachum
3015 1988 3197 2025 annos
3221 1968 3356 2039 718,
3380 1968 3500 2023 adeo
3518 1970 3700 2022 utlmthi

2276 2072 2452 2110 annus
2476 2056 2689 2129 primus
2728 2058 2799 2110 sit
2844 2073 2986 2129 1901
3023 2074 3079 2114 a.
3123 2055 3189 2115 C.
3235 2052 3333 2129 (V.
3353 2054 3538 2128 Fragm.
3567 2055 3699 2109 oxma

2277 2160 2337 2214 p.
2387 2160 2517 2212 171.
2545 2144 2564 2215 )
2589 2143 2829 2223 Inachus
2850 2160 3109 2217 regnasse
3137 2143 3344 2198 dicitur
3362 2142 3498 2195 annis
3522 2138 3593 2196 5ο.
3610 2142 3701 2213 &go

2277 2230 2561 2285 Phoronei
2583 2232 2910 2286 successoris
2937 2248 3119 2286 annus
3149 2228 3320 2285 55⁰³oe
3344 2239 3416 2284 est
3451 2238 3701 2301 17973mt1=

2277 2332 2413 2370 vero
2436 2318 2615 2371 Moses
2649 2335 2797 2371 anno
2825 2318 2982 2371 26¹¹m
3010 2318 3240 2385 Inachi,
3263 2317 3396 2371 adeo
3424 2327 3481 2370 ut
3515 2314 3601 2385 ejus
3617 2316 3703 2387 regis

2277 2420 2427 2458 anno
2472 2414 2756 2476 postremo
2816 2406 2932 2478 ipse
2988 2415 3183 2478 ageret
3219 2420 3415 2459 annum
3456 2399 3619 2457 25⁸⁵.
3655 2431 3702 2441 -

2277 2491 2456 2545 Porro
2515 2492 2793 2565 Excerpta
2834 2492 3084 2547 Barbara
3143 2509 3216 2547 ex
3267 2490 3500 2546 Afrioeno
3543 2488 3704 2542 reses-m

2276 2576 2501 2632 Judaeos
2530 2577 2779 2651 AEgypto
2810 2580 3002 2633 exiisse
3034 2597 3190 2634 anno
3225 2576 3368 2642 43¹¹„
3401 2575 3701 2648 Leucipptsi-

2279 2667 2612 2736 cyoniorum
2635 2667 2782 2739 regis
2811 2667 3015 2721 octavi.
3041 2667 3263 2721 Primus
3291 2683 3418 2720 vero
3444 2680 3583 2718 annus
3601 2662 3704 2734 primi

2276 2754 2451 2825 regis,
2476 2764 2559 2807 est
2583 2770 2759 2807 annus
2792 2771 2943 2808 2122
2973 2772 3025 2807 a.
3053 2754 3119 2812 C.
3157 2752 3297 2808 Inde
3331 2752 3398 2806 ad
3429 2748 3702 2822 laeueippian.

2281 2835 2353 2902 43
2415 2838 2694 2893 Barbarus
2741 2851 2999 2894 numerat
3055 2858 3235 2895 annos
3285 2837 3386 2893 315
3436 2837 3515 2911 (ν.
3558 2836 3701 2907 ann.

2278 2924 2490 2985 ,Chi-on.
2520 2944 2581 2998 p.
2615 2925 2723 2999 169
2750 2927 2864 2983 col.
2889 2926 3001 3000 A).
3028 2928 3211 3000 Igitur
3230 2945 3299 2982 ex
3325 2928 3401 2980 his
3421 2939 3601 2997 quoque
3619 2921 3706 2975 erui-

2279 3021 2373 3065 tur
2394 3028 2571 3067 annus
2599 3030 2746 3085 1797
2778 3010 3233 3089 (ama—315).

2355 3099 2552 3171 Itaque
2571 3098 2879 3154 secundum
2903 3098 3232 3155 Africanum
3254 3101 3420 3155 Moses
3435 3098 3609 3154 Judaeos
3627 3094 3705 3149 edn-

2279 3184 2365 3239 xit
2381 3202 2434 3241 a.
2461 3202 2604 3258 1797
2632 3202 2684 3241 a.
2710 3185 3157 3258 Chi-„Leucippi
3179 3204 3323 3241 anno
3341 3178 3499 3253 23⁰⁰,
3519 3182 3703 3238 Phor-ami

2279 3290 2427 3326 anno
2463 3268 2558 3327 55.
2599 3272 2710 3329 Alii
2751 3273 2914 3328 aliter
2939 3282 3285 3341 statuerunt,
3323 3272 3474 3345 idqu'e
3501 3273 3589 3344 ipse
3613 3264 3703 3322 Affi·

2279 3370 2448 3415 canus
2468 3377 2572 3414 nos
2590 3358 2757 3415 docet
2782 3358 2911 3434 (ap.
2935 3361 3141 3416 Euseb.
3165 3360 3244 3428 X,
3273 3379 3362 3429 1⁰3
3391 3351 3703 3433 syncelly&

2279 3447 2322 3501 C
2359 3464 2504 3519 sqq.;
2537 3444 2666 3513 148,
2693 3447 2765 3501 D.
2801 3443 2865 3499 V.
2901 3447 3134 3501 Boeckh.
3178 3467 3237 3520 p.
3303 3444 3449 3520 193).
3489 3438 3702 3499 Secundum

2278 3535 2667 3604 Polemonem,
2683 3536 2779 3601 ait,
2805 3536 3018 3591 exitum
3038 3537 3297 3610 assignari
3319 3529 3607 3608 Apidisregis
3621 3534 3702 3579 tm·

2261 3623 2541 3699 foribus,
2566 3622 2877 3679 secundum
2897 3625 3186 3696 Apionem
3206 3642 3365 3689 vero,
3390 3622 3467 3676 vel
3482 3619 3698 3692 potimu-

2280 3711 2638 3767 Ptolemaeum
2672 3710 3049 3780 Mendesium,
3075 3729 3244 3783 quem
3268 3721 3442 3765 testem
3457 3706 3602 3779 Apim!
3618 3714 3701 3771 ΡΝ·

2279 3797 2545 3866 duxerat,
2589 3794 2756 3852 κατὰ
2784 3792 3054 3873 Ἴναχον
3081 3793 3296 3875 Ἄργους
3339 3790 3548 3875 βασιλέα,
3577 3780 3699 3859 Ἇβῦ·

2281 3904 2419 3948 cto<
2453 3880 2755 3959 Αἰγυπτίων
2797 3878 3178 3961 βασιλεύοντος,
3201 3882 3472 3951 ’ἀποστῆναι
3503 3869 3697 3936 Ἰουδαία*

2280 3971 2530 4027 Eandem
2565 3973 2849 4028 Ptolemaei
2877 3974 3208 4028 sententiam
3238 3977 3517 4027 memorant
3541 3960 3698 4053 Jw'fljss

2279 4061 2511 4132 Martyr,
2533 4061 2802 4117 Tatianus
2827 4071 2884 4115 et
2907 4057 3196 4130 Clemens,
3221 4050 3696 4128 eanquueeu’anffl

2282 4157 2479 4200 nostro
2501 4145 2817 4220 fragmento
2833 4147 3126 4203 Africanus
3141 4147 3358 4202 brevius
3372 4142 3547 4198 indicat
3559 4130 3692 4223 verhssj

2282 4228 2485 4308 Ἆμὼς,
2509 4229 2590 4311 ιφ’
2616 4223 2674 4289 0⁷6
2704 4235 2938 4302 Μωυσῆς
2965 4232 3174 4303 ἐξῆλθεν
3195 4232 3248 4300 εξ
3272 4221 3696 4308 Αιγὺκτωρςψ

2283 4319 2714 4394 ἀποδεικνύομεν,
2749 4323 2819 4385 ὥς
2871 4320 2916 4377 δ’
2952 4326 2987 4392 ἡ
3024 4325 3262 4399 παροῦσα
3305 4320 3454 4396 ψῆφος
3489 4301 3694 4383 hausta·

2283 4404 2370 4462 ἐπὶ
2423 4404 2603 4463 τούτου
2656 4406 2744 4465 τὸν
2795 4408 3031 4467 Μωυσέα
3079 4404 3346 4482 συμβαίνει
3373 4400 3470 4460 νέον
3513 4394 3573 4454 (τι
3609 4388 3693 4447 ‘'³'’

2282 4495 2417 4565 Quae
2462 4513 2538 4551 ex,
2562 4496 3020 4552 antecedentibus
3056 4507 3212 4570 patet
3251 4481 3600 4565 interpretanti·
3628 4488 3696 4530 ἃ*

2282 4582 2433 4637 hunc
2479 4583 2538 4636 sn
2564 4582 2801 4638 modum
2856 4603 2869 4637 :
2911 4607 2936 4633 «
2980 4584 3095 4638 Sub
3137 4585 3325 4641 Amas-1
3365 4573 3534 4633 Inachi
3561 4559 3690 4658 mn?

2282 4669 2466 4724 Mares
2523 4671 2754 4725 Judoeos
2819 4672 3041 4739 eduxit,
3111 4677 3190 4725 uti
3235 4670 3450 4741 Apionis
3490 4658 3691 4712 mim

2284 4767 2491 4810 utentes
2519 4758 2870 4813 declaramus
2893 4777 2916 4812 τ
2938 4770 3124 4814 namu
3143 4770 3319 4811 autem
3340 4760 3580 4825 ιωπροῆῑἰ
3602 4750 3688 4789 ‘⁷⁰¹³'

2280 4847 2503 4914 putatio
2535 4842 2606 4917 (ἡ
2649 4846 2889 4920 παροῦσα
2934 4844 3136 4922 ψῆφος)
3182 4844 3254 4898 ab
3276 4843 3376 4895 hac
3407 4830 3612 4890 sententia
3621 4820 3687 4919 ᾧ·

2282 4942 2498 5002 crepat,
2572 4935 2824 5005 cogitque
2889 4950 2988 4986 nos
3006 4974 3019 4998 ,
3103 4944 3166 4985 ut
3209 4930 3305 4984 sub
3359 4919 3552 4980 Inacho.
3587 4918 3682 4975 ‘²¹1⁸‘

2284 5019 2618 5090 temporibus
2651 5021 2883 5073 Amasin
2910 5024 3123 5074 vixisse
3175 5020 3353 5091 Apion
3388 5012 3516 5071 dicit,
3555 4997 3684 5054 W

2281 5116 2588 5158 statuamus
2612 5105 2798 5160 adhuc
2811 5112 3069 5176 juoenem
3091 5102 3272 5176 fuisse
3288 5143 3304 5171 ‚
3340 5104 3512 5173 quispe
3538 5102 3602 5160 Ψ
3621 5094 3682 5149 7¹⁵

644 5183 869 5239 aliunde
892 5185 1342 5259 probaverimus,
1365 5189 1635 5261 quidnam
1661 5188 1947 5247 Africanus
1967 5191 2038 5245 de
2059 5201 2194 5246 tem·
2285 5198 2432 5246 anno
2468 5205 2706 5249 mortuus
2741 5193 2992 5249 Inachus
3024 5192 3107 5249 est
3158 5195 3449 5247 vicesimum
3474 5182 3630 5232 dem*
3651 5170 3682 5211 ὅ
