3900 6042
1459 481 1952 542 FRAGMENTA.

129 614 462 689 regnaverit,
489 608 879 684 intelligendos
909 627 1057 679 esse3
1088 609 1239 664 hunc
1259 606 1464 664 deinde
1489 609 1670 664 solum

131 719 371 776 regnasse
394 717 501 772 per
537 716 713 752 unum
753 714 994 764 annum,
1040 706 1104 750 ut
1148 714 1276 751 cum
1302 696 1669 750 Eratosthene

134 788 294 844 tradit
341 786 674 854 Manethon3
710 785 797 841 sin
842 794 1109 857 praeterea
1153 783 1416 838 Manetho
1469 784 1671 838 iterum

131 885 294 949 ponat
316 873 729 946 Menthuophin
758 890 883 926 cum
912 877 1078 925 annis
1108 882 1341 944 septem,
1374 871 1524 924 hunc
1547 889 1671 925 nu·-

131 981 335 1016 merum
363 980 430 1016 ex
451 961 741 1015 annalibus
762 956 1010 1025 fluxisse,
1046 960 1104 1013 in
1135 959 1339 1030 quibus
1371 958 1669 1012 Menthuo·

131 1048 281 1122 pbidi
304 1048 651 1102 annumerati
673 1048 781 1100 sint
805 1046 934 1100 anni
965 1063 1088 1112 sex,
1111 1063 1212 1117 per
1227 1063 1367 1117 quos
1387 1063 1495 1102 sec.
1528 1046 1669 1101 Era-

134 1136 433 1188 tosthenem
468 1133 653 1186 mariti
699 1132 827 1187 loco
859 1133 1177 1205 regnaverit
1221 1149 1370 1185 uxor
1407 1132 1667 1187 Nitocris.

132 1223 305 1276 Minus
360 1220 645 1294 ingeniose
701 1218 800 1273 sed
848 1220 1034 1274 verius
1095 1219 1301 1273 dixeris
1364 1217 1671 1291 dynastiam

135 1320 332 1363 sextam
350 1350 367 1376 ,
393 1307 554 1361 sicuti
586 1306 717 1360 alias
745 1304 1061 1377 complures
1082 1346 1098 1373 ,
1125 1323 1193 1360 ex
1221 1304 1451 1359 diversis
1477 1324 1673 1379 regum

134 1395 400 1450 laterculis
427 1411 543 1448 esse
582 1389 902 1447 conflatam.
931 1390 1190 1450 Ceterum
1219 1393 1279 1447 in
1300 1394 1674 1447 monumentis

136 1490 466 1536 memoratur
503 1480 725 1552 Apappi
765 1477 1227 1551 (Pepi-mere'na)
1280 1480 1439 1553 regni
1491 1497 1674 1534 annus

137 1567 369 1622 decimus
410 1576 595 1620 sextus
610 1606 626 1633 ,
658 1563 1151 1637 Mendesuophidis
1189 1562 1540 1636 (Mentuatep
1564 1566 1671 1618 Ra-

137 1653 336 1726 nebter)
379 1671 558 1708 annus
586 1651 860 1707 secundus
904 1670 918 1706 ε
968 1661 1313 1724 postremum
1340 1669 1457 1704 non
1499 1649 1675 1705 officit

137 1739 498 1793 Eratosthenis
535 1747 833 1811 comput0,
892 1738 937 1792 si
996 1737 1387 1809 Mentesuphiu
1419 1755 1525 1809 per
1572 1756 1672 1791 an-

136 1844 261 1879 num
307 1836 362 1880 et
406 1826 625 1897 aliquot
670 1842 887 1879 menses
934 1841 1188 1897 regnasse
1235 1833 1557 1881 statuamus.
1604 1827 1672 1879 In

141 1912 314 1966 tabula
366 1912 706 1967 Carnaciana
756 1912 901 1982 Pepi
961 1929 1167 1964 nomen
1224 1919 1308 1964 est
1362 1909 1669 1978 decimum;

140 2017 334 2052 nonum
358 2006 438 2053 est
467 2015 573 2051 rex
608 1999 920 2063 Mer-n-ra,
960 1996 1117 2069 quod
1138 2014 1249 2051 una
1279 1993 1407 2051 cum
1439 1997 1583 2070 Pepe·
1619 2008 1674 2051 et

139 2084 526 2156 Nephru-kera
571 2085 736 2138 etiam
784 2085 846 2136 in
893 2083 1003 2137 alio
1055 2092 1421 2136 monumento
1467 2083 1670 2155 legitur

143 2173 225 2244 (v.
258 2173 422 2227 Buns,
464 2189 532 2243 p.
584 2172 745 2242 197).
775 2200 854 2213 ·-
893 2171 962 2223 In
1000 2170 1183 2224 tabula
1230 2168 1499 2240 Abydena
1531 2169 1675 2223 nihil

142 2268 240 2325 cst,
272 2257 423 2330 quod
444 2276 578 2312 cum
600 2258 978 2312 Eratosthenis
1002 2266 1057 2310 et
1073 2255 1425 2311 Manetlionis
1447 2256 1671 2329 regibus

141 2346 387 2416 componi
412 2346 609 2417 possit.
637 2376 713 2385 —
730 2345 1092 2398 Monumenta
1110 2383 1126 2411 ,
1157 2360 1281 2414 quae
1307 2343 1443 2415 Pepi
1470 2361 1676 2397 nomen

141 2431 455 2505 exhibeant,
484 2449 663 2504 quum
692 2449 798 2503 per
825 2441 1000 2485 totam
1024 2429 1141 2484 fere
1170 2431 1473 2503 AEgyptum
1500 2447 1676 2501 usque

144 2517 211 2572 ad
238 2519 434 2574 Silsilin
454 2535 647 2590 sparsa
670 2528 996 2583 occurrant,
1028 2517 1358 2589 intelligitur
1382 2527 1678 2588 utramque

139 2605 364 2679 regiam,
388 2604 683 2677 Memphin
705 2614 871 2677 atque
886 2604 1102 2671 Thelas‚
1130 2603 1189 2656 in
1207 2612 1482 2675 potestate
1501 2604 1678 2656 Mem-

137 2692 343 2764 phiticae
364 2692 631 2767 dynastiae
649 2692 811 2746 fuisse
825 2702 880 2746 et
893 2692 1147 2763 exiguam
1168 2700 1382 2744 tantum
1406 2690 1676 2744 ditionem

141 2777 503 2850 Elephantinis
512 2779 737 2852 regibus
746 2796 908 2850 posse
918 2778 1179 2849 relinqui.
1193 2806 1270 2817 —-
1283 2775 1449 2848 Apud
1460 2777 1680 2832 Graecos

141 2876 378 2920 auctores
398 2866 554 2920 nulla
574 2867 794 2939 Apappi
815 2865 904 2920 vel
925 2864 1153 2938 Phiopis
1172 2865 1386 2920 mentio
1401 2904 1417 2932 ,
1441 2865 1485 2917 si
1511 2882 1679 2919 exce-

141 2952 278 3023 peris
299 2954 484 3008 locutn
514 2954 677 3008 Plinii
706 2956 777 3011 H.
804 2955 872 3008 N.
894 2954 1171 3022 xxxvl,
1201 2953 1235 3007 8
1256 2995 1274 3027 ,
1323 2952 1394 3022 67
1425 2969 1440 3009 2
1468 2951 1610 3007 Sunt
1625 2964 1682 3007 et

141 3040 241 3091 atii
272 3040 379 3094 duo
407 3039 724 3113 (obelisci),
780 3058 919 3092 unus
950 3058 988 3093 a
1026 3041 1255 3093 Zmarre
1297 3036 1371 3113 (1.
1409 3040 1666 3105 chmte‚

143 3126 176 3179 i.
192 3144 238 3180 ε.
261 3128 529 3181 Ismande
557 3128 723 3182 Buns.
745 3125 796 3200 ),
816 3129 1016 3180 altera
1036 3125 1184 3181 Phio
1210 3124 1319 3201 (sic
1349 3126 1479 3180 cod.
1509 3127 1679 3181 Bam-

142 3211 311 3286 berg.;
338 3214 508 3287 vulgo
539 3232 553 3267 :
582 3217 728 3267 alter
745 3212 1024 3288 Raphio).
1050 3214 1353 3269 Bunsenius
1378 3215 1567 3268 statuit
1590 3232 1682 3269 re-

143 3318 258 3372 gem
275 3313 524 3356 nostrum
539 3301 643 3355 sub
656 3302 767 3355 alio
790 3302 1017 3356 nomine
1032 3312 1228 3354 notum
1249 3301 1428 3369 fuisse,
1452 3300 1509 3355 id
1523 3303 1679 3374 quod

146 3397 287 3440 tauto
314 3388 528 3443 facilius
539 3386 823 3456 acciderit,
851 3406 1026 3460 quum
1062 3396 1262 3459 praeter
1282 3406 1491 3442 nomen
1513 3386 1679 3441 sami-

144 3473 220 3526 11ae
244 3475 415 3551 (Pepi
432 3479 447 3547 )
465 3519 483 3548 ‚
514 3492 671 3548 reges
697 3474 829 3529 inde
860 3476 931 3529 ab
959 3475 1043 3528 his
1067 3475 1185 3529 sere
1219 3475 1563 3546 temporibus
1588 3492 1678 3529 re-

144 3561 285 3632 gium
330 3581 539 3616 nomen
566 3563 861 3634 separatim
901 3561 1167 3616 exhibere
1207 3561 1355 3615 soliti
1394 3562 1524 3618 sint.
1558 3564 1680 3615 Hoc

145 3663 269 3701 vero
291 3667 463 3719 quum
492 3660 686 3702 nostro
720 3650 839 3722 regi
862 3650 932 3702 sit
967 3649 1145 3713 Meri,
1180 3647 1310 3702 inde
1337 3648 1559 3703 Graecos
1594 3649 1680 3702 fe·-

147 3734 268 3788 cisse
288 3737 514 3790 Moerin.
544 3737 619 3790 lis
642 3736 882 3789 innitens
915 3736 1222 3789 Bunsenius
1251 3736 1437 3789 omnia
1462 3753 1583 3807 qua·
1610 3734 1681 3789 de

148 3821 371 3876 Bloeride
405 3823 635 3894 ejusque
662 3823 929 3895 operibus
955 3821 1109 3895 apud
1133 3821 1486 3876 Herodotum
1499 3823 1681 3893 „Dio-

148 3905 371 3974 dorum,
396 3909 728 3965 Strabonem
751 3919 1071 3975 narrantur,
1116 3907 1189 3962 ad
1216 3909 1485 3980 Phiopem
1510 3909 1681 3963 refert

150 3989 238 4064 (p.
272 3993 573 4065 198—236
592 4001 631 4066 ).
661 3994 821 4049 Idem
848 4006 1031 4049 tamen
1058 3995 1118 4047 in
1138 3994 1297 4066 praef.
1329 4013 1390 4066 p.
1416 3996 1492 4049 VI
1515 4012 1682 4066 quam

146 4079 343 4132 incerta
362 4080 482 4135 haec
501 4082 610 4135 sint
626 4082 742 4154 ipse
764 4081 909 4135 bene
932 4084 1116 4136 sensit.
1147 4081 1370 4153 Lepsius
1391 4081 1463 4136 ad
1487 4101 1682 4136 comm

147 4165 464 4221 sententiam
507 4168 750 4236 accedit,
794 4171 891 4241 qui
934 4168 1225 4224 Moeridem
1263 4187 1453 4243 regem
1492 4168 1683 4225 fictum

147 4262 337 4321 putant
355 4272 386 4306 a
410 4254 535 4308 lacu
553 4256 693 4308 Meri
720 4256 793 4327 (i.
825 4273 875 4311 e.
900 4256 1338 4325 exundationis).

220 4339 288 4392 11.
332 4341 618 4396 Secundus
642 4360 739 4396 rex
764 4343 861 4414 qui
889 4361 979 4416 ap.
1007 4344 1158 4401 Man.
1179 4343 1441 4398 scribitur
1462 4344 1682 4398 Mellae-

148 4424 328 4496 suphis·
353 4438 407 4481 et
423 4428 867 4503 Menthesuphi5‚
899 4433 938 4488 i.
967 4449 1019 4488 e.
1048 4431 1396 4485 Manethonis
1420 4432 1685 4486 Mentha-

147 4512 327 4583 suphe's
349 4514 465 4582 vel,
491 4527 554 4570 ut
579 4518 788 4571 mavult
815 4519 1149 4585 Bunsenius,
1174 4518 1574 4591 :Uentlmoplzis
1596 4521 1687 4591 (ut

149 4600 478 4673 Amenophis
502 4621 608 4674 pro
631 4615 832 4677 aegypt.
860 4604 1220 4678 Amen-alep)
1238 4606 1297 4660 in
1315 4609 1689 4661 monumentis

150 4702 255 4739 una
282 4705 409 4741 cum
447 4690 589 4763 Pept'
624 4701 967 4745 memoratur
999 4693 1226 4746 nomine
1269 4711 1283 4746 τ
1331 4694 1676 4768 Mentuatep,

152 4771 184 4826 i.
225 4790 274 4829 ε.
316 4774 533 4829 Μαικία
582 4775 748 4851 (deo)
784 4777 1095 4833 adhaerens.
1135 4778 1304 4850 Quod
1350 4798 1501 4834 nunc
1537 4780 1687 4852 apud

154 4858 563 4917 Eratosthenem
597 4865 800 4938 legitur
833 4864 1290 4942 Ἐχεσκοσοκάρας
1329 4878 1519 4939 aperte
1560 4886 1689 4921 cor-

155 4955 374 5017 ruptum
403 4959 502 5003 est.
532 4953 760 5023 Lepsius
786 4962 842 5005 et
868 4954 1173 5006 Bunsenius
1198 4953 1462 5007 excidisse
1490 4965 1689 5025 putant

155 5048 356 5087 nomen
380 5035 817 5111 Menthesuphe's,
858 5058 921 5094 ea
957 5050 1141 5093 autem
1168 5058 1291 5111 quae
1318 5058 1466 5094 nunc
1497 5041 1689 5113 legun-

156 5126 245 5171 tur
270 5112 406 5173 nihil
432 5124 534 5178 nisi
561 5126 801 5181 nominis
828 5127 1342 5200 interpretationem
1377 5127 1686 5183 continere.

156 5208 333 5279 Atque
369 5210 670 5267 Bunsenins
697 5212 923 5286 quidem
961 5215 1035 5267 ita
1062 5214 1174 5281 111,
1194 5232 1251 5289 p.
1270 5214 1339 5278 64
1375 5231 1388 5269 ε
1415 5239 1436 5261 «
1462 5215 1546 5271 De
1582 5213 1689 5269 deo

3186 500 3304 553 5⁵5

1761 610 1974 666 Mandu
1990 652 2005 679 ,
2037 613 2261 682 Mantu,
2291 613 2395 681 ait,
2416 613 2654 667 multum
2675 624 2756 668 est
2775 614 3146 686 disputatum3
3167 618 3320 673 Wil-

1760 696 1983 757 kinson.
2009 698 2220 770 optime
2243 684 2464 753 monuit
2489 700 2759 771 appellari
2783 701 2934 755 hunc
2951 700 3119 757 deum
3145 703 3206 757 in
3225 706 3322 759 in-

1760 785 2157 857 scriptionibus
2183 786 2411 840 ultorem
2442 790 2500 839 ἱπ
2527 784 2734 853 hostes,
2788 788 2946 859 quod
2981 790 3147 845 unice
3188 809 3323 847 cum

1763 872 1955 926 Martis
2012 882 2210 926 natura
2285 874 2570 926 convenit.
2641 875 2951 929 Verisimile
3006 886 3086 930 est
3150 877 3330 950 igitur

1763 958 2139 1012 Eratosthenis
2183 959 2704 1030 interpretationem
2742 979 2940 1016 vocem
2977 957 3135 1036 Ἄρης
3180 983 3320 1018 con·

1764 1044 2009 1101 tinuisse.
2035 1047 2177 1117 Atep
2200 1046 2392 1117 Coptis
2413 1047 2659 1112 clausuS,
2688 1060 2959 1115 servatus5
2979 1052 3165 1122 potuit
3183 1069 3326 1126 ergo

1765 1131 2151 1186 Eratosthenes
2195 1133 2437 1186 nominis
2482 1133 2595 1186 vim
2635 1134 2711 1186 ita
2749 1133 3022 1205 reddere,
3062 1148 3125 1192 ut
3164 1135 3327 1194 cohi·-

1765 1216 1935 1271 bendi
1982 1229 2266 1286 naturam,
2293 1237 2418 1290 quae
2440 1230 2498 1273 et
2518 1221 2710 1275 Martis
2733 1232 2811 1275 est
2834 1224 3065 1295 propria
3092 1235 3148 1278 et
3168 1227 3325 1279 clau-

1763 1304 1933 1357 dandi
1957 1305 2178 1358 notioni
2222 1307 2508 1379 proxima,
2545 1309 2903 1378 exprimeret.
2941 1309 3161 1380 Quare,
3193 1312 3322 1367 lite·-

1764 1407 1953 1443 rarum
1988 1388 2259 1463 'premens
2293 1393 2522 1465 vestigia
2541 1432 2557 1459 ,
2597 1388 2989 1449 difficillimum
3021 1397 3210 1451 locum
3242 1399 3323 1452 sic

1762 1478 1994 1530 restituo
2035 1496 2049 1530 ε
2089 1474 2323 1552 σχετικὸς
2365 1478 2434 1540 ὡς
2472 1473 2654 1553 Ἄρης,
2691 1480 3012 1548 adhoerens,
3061 1482 3324 1540 cohibens

1764 1564 2220 1635 quemadmodum
2252 1566 2433 1643 Mars.
2460 1566 2542 1619 Ita
2568 1566 2892 1622 Plutarchus
2929 1571 3015 1623 De
3042 1571 3112 1626 Is.
3145 1581 3201 1625 et
3226 1572 3322 1628 Os.

1766 1666 1816 1706 c.
1846 1647 1914 1703 61
1952 1650 2242 1723 Typhonis
2257 1651 2484 1705 nomina
2521 1652 2844 1725 AEgyptiaca
2881 1651 3046 1728 βίαιόν
3081 1675 3195 1709 τινα
3235 1654 3326 1711 καὶ

1766 1732 2057 1803 κωλυτικὴν
2112 1733 2377 1812 ἐπίσχεσιν
2428 1739 2506 1791 ait
2550 1736 2896 1812 significare,
2943 1741 3088 1794 sicut
3132 1740 3323 1813 paullo

1768 1834 1896 1877 ante
1927 1822 2013 1895 (c.
2049 1818 2157 1899 49)
2189 1823 2408 1879 dixerat
2444 1841 2458 1881 :
2493 1823 2740 1898 σημαίνει
2776 1820 2830 1880 δὲ
2859 1822 3085 1900 τοῦνομα
3123 1822 3324 1891 κάθεξιν

1766 1905 1801 1976 ἢ
1825 1905 2069 1965 κώλυσιν.
2106 1932 2131 1956 ¹·

1847 1995 1955 2051 111.
1997 1995 2243 2049 Nitocris
2276 1996 2314 2052 i.
2337 2014 2388 2050 e.
2423 1995 2781 2065 North-dher,
2812 1999 3067 2052 Minerva
3100 2003 3324 2057 victrix.

1766 2082 1988 2136 Nomen
2023 2083 2083 2135 in
2119 2084 2495 2137 monumentis
2535 2086 2776 2156 antiquis
2811 2102 2930 2139 non
2967 2085 3217 2139 obvium.
3261 2088 3330 2140 ln

1767 2168 2253 2241 inscriptionibus,
2294 2187 2416 2241 quae
2463 2168 2532 2224 ad
2562 2169 2868 2242 dynastiam
2917 2171 3105 2226 XXVI
3148 2174 3330 2245 perti-

1774 2266 1943 2323 nent,
1978 2266 2321 2310 memoratur
2355 2257 2598 2312 Nitocris
2629 2276 2775 2312 uxor
2808 2260 3194 2315 Psammetichi
3220 2262 3246 2315 1
3274 2272 3331 2316 et

1766 2342 2012 2396 Nitocris
2038 2340 2152 2396 filia
2170 2343 2554 2398 Psammetichi
2580 2345 2664 2413 11,
2687 2346 2770 2399 uti
2795 2363 2864 2400 ex
2891 2346 3178 2402 Rosellino
3202 2366 3331 2402 mo-

1768 2438 1864 2482 net
1889 2427 2119 2482 Boeckh.
2144 2446 2204 2500 p.
2236 2447 2300 2482 αι
2316 2427 2367 2483 5.

1844 2514 2046 2569 Nostra
2081 2515 2325 2570 Nitocris
2373 2517 2591 2571 tertiam
2630 2517 2981 2590 pyramidem
3020 2521 3325 2585 exstruxit,

1770 2599 1809 2654 i.
1843 2618 1892 2654 e.
1919 2619 2031 2657 sec.
2059 2601 2431 2670 Bunsenium,
2453 2620 2574 2657 eam
2603 2622 2772 2674 quam
2801 2605 3117 2676 Mycerinus
3144 2624 3330 2679 coepe-

1770 2697 1890 2753 rat,
1917 2685 1990 2741 ad
2006 2684 2175 2740 tinem
2200 2687 2482 2759 perduxit.
2509 2690 2656 2744 Nota
2673 2700 2752 2744 est
2779 2689 2850 2744 de
2877 2691 3170 2748 Nitocride
3197 2712 3330 2749 nar·

1772 2774 1917 2826 ratio
1943 2772 2267 2829 Herodotea
2290 2775 2414 2847 (11,
2453 2794 2561 2831 too
2577 2776 2619 2850 ).
2645 2778 2824 2832 Graeci
2850 2779 3140 2833 mulierem
3168 2782 3330 2836 istam

1771 2874 1928 2913 rosea
1956 2857 2095 2914 sacie
2137 2861 2434 2932 pulchram
2473 2862 2888 2936 pyramidisque
2913 2868 3330 2923 'exstructorem

1770 2946 2136 3003 nominarunt
2170 2942 2490 3008 Ῥοδώπιδα.
2534 2950 2604 3004 V.
2655 2952 3006 3005 narrationes
3049 2953 3328 3010 Herodoti

1772 3035 1862 3101 11,
1916 3033 2022 3099 134
2051 3035 2135 3109 (et
2162 3054 2304 3108 quos
2332 3037 2411 3090 ibi
2453 3036 2646 3110 laudat
2694 3038 2909 3110 Baehr.)
2949 3047 3005 3092 et
3043 3040 3333 3096 Strabonis

1771 3121 1931 3175 XVII
1948 3162 1965 3189 ,
1989 3140 2044 3194 p.
2073 3121 2206 3177 808.
2233 3122 2316 3179 Cf.
2342 3124 2582 3179 Bunsen.
2605 3142 2666 3197 p.
2698 3123 2834 3193 237.
2863 3126 3008 3180 Num
3030 3144 3330 3183 commune

1772 3207 1824 3261 ei
1858 3207 2073 3279 aliquid
2099 3211 2169 3263 sit
2195 3227 2323 3263 cum
2349 3210 2640 3265 Nitocride
2666 3207 2997 3284 Babylonia,
3013 3213 3226 3270 altioris
3252 3226 3334 3268 est

1773 3294 2069 3368 indaginis.
2098 3294 2267 3366 Quod
2293 3296 2368 3351 ad
2401 3298 2571 3353 verba
2591 3298 2817 3352 Eusebii
2855 3302 3013 3354 Arm.
3024 3306 3327 3373 pyramis„

1769 3387 2007 3452 speciem
2035 3385 2195 3437 collis·
2198 3401 2390 3456 proese
2414 3382 2617 3450 fiee-ens,
2650 3403 2772 3457 quae
2810 3385 2868 3438 in
2896 3387 3088 3460 graecis
3114 3405 3230 3440 non
3251 3388 3330 3441 le·

1773 3478 2002 3538 guntur,
2055 3486 2121 3524 ea
2174 3486 2307 3524 vere
2353 3470 2663 3525 Eusebiana
2681 3511 2698 3539 ,
2758 3471 2856 3526 sed
2900 3473 2971 3526 ab
3025 3473 3333 3547 interprete

1772 3554 1917 3608 male
1944 3555 2225 3610 intellecta
2246 3574 2359 3611 esse
2388 3568 2572 3611 censet
2597 3559 2921 3614 BunseniuS.
2959 3582 2983 3607 ιι
3008 3558 3197 3617 Tertia
3221 3578 3329 3634 py-

1774 3640 1940 3696 ramis
1957 3681 1974 3709 ,
1995 3642 2103 3713 ait,
2123 3643 2309 3697 altiori
2335 3644 2393 3696 in
2408 3645 2538 3698 loco
2565 3646 2838 3701 collocata
2865 3655 2965 3701 est.
3003 3670 3026 3695 υ

2179 3796 2547 3853 DYNASTIA
2585 3798 2917 3854 SEPTIMA.

2510 3948 2603 4005 23.

2226 4079 2374 4134 SEC.
2416 4078 2872 4134 AFRJCANUM.

1854 4216 2091 4289 Syncell.
2112 4235 2177 4291 p.
2196 4214 2386 4285 58,oe
2415 4215 2653 4291 Ἓὸδόμη
2675 4214 2945 4273 δυναστεία
2967 4217 3323 4295 Maponi-iv

1781 4299 2112 4378 βασιλέων
2141 4301 2205 4372 o',
2233 4301 2284 4359 οἳ
2311 4301 2654 4360 ἐδασίλευσαν
2681 4299 2883 4380 ἡμέρας
2905 4301 2970 4364 o'.

2503 4448 2600 4507 αἱ..

2257 4578 2402 4634 sse.
2449 4546 2837 4633 EusssBmM.

1857 4696 2095 4769 Syncell.
2122 4714 2180 4768 p.
2218 4695 2324 4765 56,
2366 4681 2416 4752 Α
2442 4713 2456 4753 :
2484 4691 2723 4767 Ἑὸδόμη
2754 4689 3026 4752 δυναὸτιία
3065 4695 3330 4775 Μεμφι-

1779 4783 1904 4836 τῶν
1947 4779 2274 4856 βασιλέων
2302 4780 2534 4854 πέντε,
2565 4778 2616 4837 οἳ
2638 4778 2980 4837 ἔὸασίλιυσαν
3009 4777 3207 4859 ἡμέρας
3233 4779 3323 4839 os'.

1784 4864 1887 4942 (σθ’
1920 4869 2117 4941 fragm.
2150 4868 2221 4923 32
2242 4868 2281 4942 ).

1859 4953 2126 5008 Eusebius
2176 4953 2382 5009 Chron.
2448 4971 2508 5025 p.
2569 4971 2640 5025 97
2696 4970 2710 5009 τ
2762 4953 3016 5026 Septe'ma
3065 4955 3328 5026 dynastia

1780 5039 2218 5113 Memphiten-um
2253 5041 2306 5093 V
2342 5058 2555 5111 regum.
2595 5045 2692 5112 qui
2728 5046 2893 5094 annis
2918 5039 3066 5115 (sic)
3102 5041 3335 5095 LXXV

1779 5128 2055 5183 dominati
2078 5139 2222 5181 sunt.

1865 5214 1995 5267 Exc.
2028 5214 2271 5273 Barbara
2303 5215 2448 5273 hanc
2483 5214 2791 5293 dynastiam
2839 5214 3126 5273 omittunt.
3158 5214 3327 5286 Quod
